{"originalCurrency": "USD", "convertedCurrency": "USD", "report": [{"date": "2023-12-31", "symbol": "ORA", "reportedCurrency": "USD", "cik": "0001296445", "fillingDate": "2024-02-23", "acceptedDate": "2024-02-23 12:18:49", "calendarYear": "2023", "period": "FY", "revenue": 829424000, "costOfRevenue": 565406000, "grossProfit": 264018000, "grossProfitRatio": 0.3183148788, "researchAndDevelopmentExpenses": 7215000, "generalAndAdministrativeExpenses": 68179000, "sellingAndMarketingExpenses": 18306000, "sellingGeneralAndAdministrativeExpenses": 85251000, "otherExpenses": 62676000, "operatingExpenses": 92466000, "costAndExpenses": 657872000, "interestIncome": 11983000, "interestExpense": 116142000, "depreciationAndAmortization": 230961000, "ebitda": 402513000, "ebitdaratio": 0.4852922028, "operatingIncome": 171552000, "operatingIncomeRatio": 0.2068326935, "totalOtherIncomeExpensesNet": -32467000, "incomeBeforeTax": 139085000, "incomeBeforeTaxRatio": 0.167688661, "incomeTaxExpense": 5983000, "netIncome": 124399000, "netIncomeRatio": 0.1499823974, "eps": 2.09, "epsdiluted": 2.08, "weightedAverageShsOut": 59424000, "weightedAverageShsOutDil": 59762000, "link": "https://www.sec.gov/Archives/edgar/data/1296445/000143774924005322/0001437749-24-005322-index.htm", "finalLink": "https://www.sec.gov/Archives/edgar/data/1296445/000143774924005322/ora20231231_10k.htm", "calculatedOtherExpenses": 0, "calculatedOperatingExpenses": 92466000, "calculatedNetInterest": -104159000, "calculatedOtherIncome": 71692000, "calculatedIncomeNonControlling": 8703000, "calculatedEbitda": 402513000}, {"date": "2022-12-31", "symbol": "ORA", "reportedCurrency": "USD", "cik": "0001296445", "fillingDate": "2023-02-24", "acceptedDate": "2023-02-24 09:27:25", "calendarYear": "2022", "period": "FY", "revenue": 734159000, "costOfRevenue": 465335000, "grossProfit": 268824000, "grossProfitRatio": 0.3661659123, "researchAndDevelopmentExpenses": 5078000, "generalAndAdministrativeExpenses": 61274000, "sellingAndMarketingExpenses": 16193000, "sellingGeneralAndAdministrativeExpenses": 77467000, "otherExpenses": 33176000, "operatingExpenses": 82545000, "costAndExpenses": 547880000, "interestIncome": 3417000, "interestExpense": 87743000, "depreciationAndAmortization": 198792000, "ebitda": 222872000, "ebitdaratio": 0.3035745663, "operatingIncome": 24080000, "operatingIncomeRatio": 0.0327994345, "totalOtherIncomeExpensesNet": 71529000, "incomeBeforeTax": 95609000, "incomeBeforeTaxRatio": 0.1302292828, "incomeTaxExpense": 14742000, "netIncome": 65841000, "netIncomeRatio": 0.0896822078, "eps": 1.17, "epsdiluted": 1.17, "weightedAverageShsOut": 56063000, "weightedAverageShsOutDil": 56503000, "link": "https://www.sec.gov/Archives/edgar/data/1296445/000143774923004477/0001437749-23-004477-index.htm", "finalLink": "https://www.sec.gov/Archives/edgar/data/1296445/000143774923004477/ora20221231_10k.htm", "calculatedOtherExpenses": 162199000, "calculatedOperatingExpenses": 244744000, "calculatedNetInterest": -84326000, "calculatedOtherIncome": 155855000, "calculatedIncomeNonControlling": 15026000, "calculatedEbitda": 222872000}, {"date": "2021-12-31", "symbol": "ORA", "reportedCurrency": "USD", "cik": "0001296445", "fillingDate": "2022-02-25", "acceptedDate": "2022-02-25 14:51:53", "calendarYear": "2021", "period": "FY", "revenue": 663084000, "costOfRevenue": 398746000, "grossProfit": 264338000, "grossProfitRatio": 0.3986493416, "researchAndDevelopmentExpenses": 4129000, "generalAndAdministrativeExpenses": 75901000, "sellingAndMarketingExpenses": 15199000, "sellingGeneralAndAdministrativeExpenses": 91100000, "otherExpenses": 29448000, "operatingExpenses": 95229000, "costAndExpenses": 493975000, "interestIncome": 2124000, "interestExpense": 82658000, "depreciationAndAmortization": 182972000, "ebitda": 200681000, "ebitdaratio": 0.30264793, "operatingIncome": 17709000, "operatingIncomeRatio": 0.0267070235, "totalOtherIncomeExpensesNet": 85842000, "incomeBeforeTax": 103551000, "incomeBeforeTaxRatio": 0.1561657347, "incomeTaxExpense": 24850000, "netIncome": 62092000, "netIncomeRatio": 0.093641228, "eps": 1.11, "epsdiluted": 1.1, "weightedAverageShsOut": 56004000, "weightedAverageShsOutDil": 56402000, "link": "https://www.sec.gov/Archives/edgar/data/1296445/000143774922004440/0001437749-22-004440-index.htm", "finalLink": "https://www.sec.gov/Archives/edgar/data/1296445/000143774922004440/ora20211231_10k.htm", "calculatedOtherExpenses": 151400000, "calculatedOperatingExpenses": 246629000, "calculatedNetInterest": -80534000, "calculatedOtherIncome": 166376000, "calculatedIncomeNonControlling": 16609000, "calculatedEbitda": 200681000}, {"date": "2020-12-31", "symbol": "ORA", "reportedCurrency": "USD", "cik": "0001296445", "fillingDate": "2021-02-26", "acceptedDate": "2021-02-26 17:22:52", "calendarYear": "2020", "period": "FY", "revenue": 705342000, "costOfRevenue": 429067000, "grossProfit": 276275000, "grossProfitRatio": 0.3916894216, "researchAndDevelopmentExpenses": 5395000, "generalAndAdministrativeExpenses": 60226000, "sellingAndMarketingExpenses": 17384000, "sellingGeneralAndAdministrativeExpenses": 77610000, "otherExpenses": 27138000, "operatingExpenses": 83005000, "costAndExpenses": 512072000, "interestIncome": 1717000, "interestExpense": 77953000, "depreciationAndAmortization": 156612000, "ebitda": 222125000, "ebitdaratio": 0.3149181532, "operatingIncome": 65513000, "operatingIncomeRatio": 0.0928811839, "totalOtherIncomeExpensesNet": 103204000, "incomeBeforeTax": 168717000, "incomeBeforeTaxRatio": 0.2391988567, "incomeTaxExpense": 67003000, "netIncome": 85456000, "netIncomeRatio": 0.1211554111, "eps": 1.66, "epsdiluted": 1.65, "weightedAverageShsOut": 51567000, "weightedAverageShsOutDil": 51937000, "link": "https://www.sec.gov/Archives/edgar/data/1296445/000143774921004274/0001437749-21-004274-index.htm", "finalLink": "https://www.sec.gov/Archives/edgar/data/1296445/000143774921004274/ora20201231_10k.htm", "calculatedOtherExpenses": 127757000, "calculatedOperatingExpenses": 210762000, "calculatedNetInterest": -76236000, "calculatedOtherIncome": 179440000, "calculatedIncomeNonControlling": 16258000, "calculatedEbitda": 222125000}, {"date": "2019-12-31", "symbol": "ORA", "reportedCurrency": "USD", "cik": "0001296445", "fillingDate": "2020-03-02", "acceptedDate": "2020-03-02 10:02:48", "calendarYear": "2019", "period": "FY", "revenue": 746044000, "costOfRevenue": 476721000, "grossProfit": 269323000, "grossProfitRatio": 0.3610014959, "researchAndDevelopmentExpenses": 4647000, "generalAndAdministrativeExpenses": 55833000, "sellingAndMarketingExpenses": 15047000, "sellingGeneralAndAdministrativeExpenses": 70880000, "otherExpenses": 21752000, "operatingExpenses": 75527000, "costAndExpenses": 552248000, "interestIncome": 1515000, "interestExpense": 80384000, "depreciationAndAmortization": 148761000, "ebitda": 217063000, "ebitdaratio": 0.2909520082, "operatingIncome": 68302000, "operatingIncomeRatio": 0.0915522409, "totalOtherIncomeExpensesNet": 69001000, "incomeBeforeTax": 137303000, "incomeBeforeTaxRatio": 0.1840414238, "incomeTaxExpense": 45613000, "netIncome": 88095000, "netIncomeRatio": 0.1180828477, "eps": 1.73, "epsdiluted": 1.72, "weightedAverageShsOut": 50867000, "weightedAverageShsOutDil": 51227000, "link": "https://www.sec.gov/Archives/edgar/data/1296445/000143774920004072/0001437749-20-004072-index.htm", "finalLink": "https://www.sec.gov/Archives/edgar/data/1296445/000143774920004072/ora20191231_10k.htm", "calculatedOtherExpenses": 125494000, "calculatedOperatingExpenses": 201021000, "calculatedNetInterest": -78869000, "calculatedOtherIncome": 147870000, "calculatedIncomeNonControlling": 3595000, "calculatedEbitda": 217063000}, {"date": "2018-12-31", "symbol": "ORA", "reportedCurrency": "USD", "cik": "0001296445", "fillingDate": "2019-03-01", "acceptedDate": "2019-03-01 15:33:23", "calendarYear": "2018", "period": "FY", "revenue": 719267000, "costOfRevenue": 448832000, "grossProfit": 270435000, "grossProfitRatio": 0.3759869423, "researchAndDevelopmentExpenses": 4183000, "generalAndAdministrativeExpenses": 47750000, "sellingAndMarketingExpenses": 19802000, "sellingGeneralAndAdministrativeExpenses": 67552000, "otherExpenses": 26782000, "operatingExpenses": 71735000, "costAndExpenses": 520567000, "interestIncome": 974000, "interestExpense": 70924000, "depreciationAndAmortization": 132233000, "ebitda": 226456000, "ebitdaratio": 0.3148427496, "operatingIncome": 185110000, "operatingIncomeRatio": 0.2573592282, "totalOtherIncomeExpensesNet": 8431000, "incomeBeforeTax": 137181000, "incomeBeforeTaxRatio": 0.1907233336, "incomeTaxExpense": 34733000, "netIncome": 97966000, "netIncomeRatio": 0.1362025507, "eps": 1.93, "epsdiluted": 1.92, "weightedAverageShsOut": 50643000, "weightedAverageShsOutDil": 50969000, "link": "https://www.sec.gov/Archives/edgar/data/1296445/000143774919003760/0001437749-19-003760-index.htm", "finalLink": "https://www.sec.gov/Archives/edgar/data/1296445/000143774919003760/ora20181231_10k.htm", "calculatedOtherExpenses": 13590000, "calculatedOperatingExpenses": 85325000, "calculatedNetInterest": -69950000, "calculatedOtherIncome": 22021000, "calculatedIncomeNonControlling": 4482000, "calculatedEbitda": 317343000}, {"date": "2017-12-31", "symbol": "ORA", "reportedCurrency": "USD", "cik": "0001296445", "fillingDate": "2018-03-16", "acceptedDate": "2018-03-16 13:44:31", "calendarYear": "2017", "period": "FY", "revenue": 692812000, "costOfRevenue": 424360000, "grossProfit": 268452000, "grossProfitRatio": 0.3874817411, "researchAndDevelopmentExpenses": 3157000, "generalAndAdministrativeExpenses": 42881000, "sellingAndMarketingExpenses": 15600000, "sellingGeneralAndAdministrativeExpenses": 58481000, "otherExpenses": 16212000, "operatingExpenses": 61638000, "costAndExpenses": 485998000, "interestIncome": 988000, "interestExpense": 54142000, "depreciationAndAmortization": 115146000, "ebitda": 224014000, "ebitdaratio": 0.3233402424, "operatingIncome": 205018000, "operatingIncomeRatio": 0.2959215487, "totalOtherIncomeExpensesNet": 17070000, "incomeBeforeTax": 170730000, "incomeBeforeTaxRatio": 0.2464304891, "incomeTaxExpense": -1411000, "netIncome": 170730000, "netIncomeRatio": 0.2464304891, "eps": 2.64, "epsdiluted": 2.61, "weightedAverageShsOut": 50110000, "weightedAverageShsOutDil": 50769000, "link": "https://www.sec.gov/Archives/edgar/data/1296445/000143774918004850/0001437749-18-004850-index.htm", "finalLink": "https://www.sec.gov/Archives/edgar/data/1296445/000143774918004850/ora20171231_10k.htm", "calculatedOtherExpenses": 1796000, "calculatedOperatingExpenses": 63434000, "calculatedNetInterest": -53154000, "calculatedOtherIncome": 18866000, "calculatedIncomeNonControlling": 1411000, "calculatedEbitda": 320164000}, {"date": "2016-12-31", "symbol": "ORA", "reportedCurrency": "USD", "cik": "0001296445", "fillingDate": "2017-03-01", "acceptedDate": "2017-03-01 13:48:34", "calendarYear": "2016", "period": "FY", "revenue": 662591000, "costOfRevenue": 391796000, "grossProfit": 270795000, "grossProfitRatio": 0.4086910326, "researchAndDevelopmentExpenses": 2762000, "generalAndAdministrativeExpenses": 46710000, "sellingAndMarketingExpenses": 16424000, "sellingGeneralAndAdministrativeExpenses": 63134000, "otherExpenses": 11158000, "operatingExpenses": 65896000, "costAndExpenses": 457692000, "interestIncome": 971000, "interestExpense": 67389000, "depreciationAndAmortization": 105977000, "ebitda": 217028000, "ebitdaratio": 0.327544443, "operatingIncome": 201882000, "operatingIncomeRatio": 0.304685696, "totalOtherIncomeExpensesNet": 2607000, "incomeBeforeTax": 141088000, "incomeBeforeTaxRatio": 0.2129337706, "incomeTaxExpense": 31837000, "netIncome": 93930000, "netIncomeRatio": 0.1417616599, "eps": 1.79, "epsdiluted": 1.77, "weightedAverageShsOut": 49469000, "weightedAverageShsOutDil": 50140000, "link": "https://www.sec.gov/Archives/edgar/data/1296445/000143774917003516/0001437749-17-003516-index.htm", "finalLink": "https://www.sec.gov/Archives/edgar/data/1296445/000143774917003516/ora20161231_10k.htm", "calculatedOtherExpenses": 3017000, "calculatedOperatingExpenses": 68913000, "calculatedNetInterest": -66418000, "calculatedOtherIncome": 5624000, "calculatedIncomeNonControlling": 15321000, "calculatedEbitda": 307859000}, {"date": "2015-12-31", "symbol": "ORA", "reportedCurrency": "USD", "cik": "0001296445", "fillingDate": "2016-02-26", "acceptedDate": "2016-02-26 15:06:34", "calendarYear": "2015", "period": "FY", "revenue": 594644000, "costOfRevenue": 376365000, "grossProfit": 218279000, "grossProfitRatio": 0.3670750903, "researchAndDevelopmentExpenses": 1780000, "generalAndAdministrativeExpenses": 34782000, "sellingAndMarketingExpenses": 16077000, "sellingGeneralAndAdministrativeExpenses": 50859000, "otherExpenses": 23440000, "operatingExpenses": 52639000, "costAndExpenses": 429004000, "interestIncome": 297000, "interestExpense": 72577000, "depreciationAndAmortization": 107206000, "ebitda": 189377000, "ebitdaratio": 0.3184712198, "operatingIncome": 164061000, "operatingIncomeRatio": 0.2758978481, "totalOtherIncomeExpensesNet": 20239000, "incomeBeforeTax": 113599000, "incomeBeforeTaxRatio": 0.1910369902, "incomeTaxExpense": -15258000, "netIncome": 119573000, "netIncomeRatio": 0.2010833373, "eps": 2.48, "epsdiluted": 2.45, "weightedAverageShsOut": 48562000, "weightedAverageShsOutDil": 49187000, "link": "https://www.sec.gov/Archives/edgar/data/1296445/000143774916026139/0001437749-16-026139-index.htm", "finalLink": "https://www.sec.gov/Archives/edgar/data/1296445/000143774916026139/ora20151231_10k.htm", "calculatedOtherExpenses": 1579000, "calculatedOperatingExpenses": 54218000, "calculatedNetInterest": -72280000, "calculatedOtherIncome": 21818000, "calculatedIncomeNonControlling": 9284000, "calculatedEbitda": 271267000}, {"date": "2014-12-31", "symbol": "ORA", "reportedCurrency": "USD", "cik": "0001296445", "fillingDate": "2015-02-26", "acceptedDate": "2015-02-26 17:31:30", "calendarYear": "2014", "period": "FY", "revenue": 559524000, "costOfRevenue": 355773000, "grossProfit": 203751000, "grossProfitRatio": 0.3641505994, "researchAndDevelopmentExpenses": 783000, "generalAndAdministrativeExpenses": 28614000, "sellingAndMarketingExpenses": 15425000, "sellingGeneralAndAdministrativeExpenses": 44039000, "otherExpenses": 24899000, "operatingExpenses": 44822000, "costAndExpenses": 400595000, "interestIncome": 312000, "interestExpense": 84654000, "depreciationAndAmortization": 100798000, "ebitda": 184140000, "ebitdaratio": 0.3291011646, "operatingIncome": 143490000, "operatingIncomeRatio": 0.2564501255, "totalOtherIncomeExpensesNet": 11249000, "incomeBeforeTax": 85836000, "incomeBeforeTaxRatio": 0.1534089691, "incomeTaxExpense": 27608000, "netIncome": 54182000, "netIncomeRatio": 0.0968358819, "eps": 1.19, "epsdiluted": 1.18, "weightedAverageShsOut": 45508000, "weightedAverageShsOutDil": 45859000, "link": "https://www.sec.gov/Archives/edgar/data/1296445/000143774915003544/0001437749-15-003544-index.htm", "finalLink": "https://www.sec.gov/Archives/edgar/data/1296445/000143774915003544/ora20141231_10k.htm", "calculatedOtherExpenses": 15439000, "calculatedOperatingExpenses": 60261000, "calculatedNetInterest": -84342000, "calculatedOtherIncome": 26688000, "calculatedIncomeNonControlling": 4046000, "calculatedEbitda": 244288000}, {"date": "2013-12-31", "symbol": "ORA", "reportedCurrency": "USD", "cik": "0001296445", "fillingDate": "2014-02-28", "acceptedDate": "2014-02-28 16:30:05", "calendarYear": "2013", "period": "FY", "revenue": 533239000, "costOfRevenue": 373421000, "grossProfit": 159818000, "grossProfitRatio": 0.2997117615, "researchAndDevelopmentExpenses": 4965000, "generalAndAdministrativeExpenses": 29188000, "sellingAndMarketingExpenses": 24613000, "sellingGeneralAndAdministrativeExpenses": 53801000, "otherExpenses": 21537000, "operatingExpenses": 58766000, "costAndExpenses": 432187000, "interestIncome": 1332000, "interestExpense": 73776000, "depreciationAndAmortization": 92932000, "ebitda": 123921000, "ebitdaratio": 0.2323929795, "operatingIncome": 96958000, "operatingIncomeRatio": 0.1818284109, "totalOtherIncomeExpensesNet": 22528000, "incomeBeforeTax": 51136000, "incomeBeforeTaxRatio": 0.0958969618, "incomeTaxExpense": 13552000, "netIncome": 41238000, "netIncomeRatio": 0.0773349286, "eps": 0.91, "epsdiluted": 0.91, "weightedAverageShsOut": 45440000, "weightedAverageShsOutDil": 45475000, "link": "https://www.sec.gov/Archives/edgar/data/1296445/000143774914003113/0001437749-14-003113-index.htm", "finalLink": "https://www.sec.gov/Archives/edgar/data/1296445/000143774914003113/ora20131231_10k.htm", "calculatedOtherExpenses": 4094000, "calculatedOperatingExpenses": 62860000, "calculatedNetInterest": -72444000, "calculatedOtherIncome": 26622000, "calculatedIncomeNonControlling": -3654000, "calculatedEbitda": 189890000}, {"date": "2012-12-31", "symbol": "ORA", "reportedCurrency": "USD", "cik": "0001296445", "fillingDate": "2013-03-11", "acceptedDate": "2013-03-11 15:51:21", "calendarYear": "2012", "period": "FY", "revenue": 514408000, "costOfRevenue": 379980000, "grossProfit": 134428000, "grossProfitRatio": 0.2613256403, "researchAndDevelopmentExpenses": 6108000, "generalAndAdministrativeExpenses": 28267000, "sellingAndMarketingExpenses": 16122000, "sellingGeneralAndAdministrativeExpenses": 44389000, "otherExpenses": 10717000, "operatingExpenses": 50497000, "costAndExpenses": 430477000, "interestIncome": 1201000, "interestExpense": 64069000, "depreciationAndAmortization": 102340000, "ebitda": 95849000, "ebitdaratio": 0.1863287507, "operatingIncome": -155085000, "operatingIncomeRatio": -0.3014824808, "totalOtherIncomeExpensesNet": -228057000, "incomeBeforeTax": -206994000, "incomeBeforeTaxRatio": -0.4023926533, "incomeTaxExpense": -2863000, "netIncome": -207067000, "netIncomeRatio": -0.402534564, "eps": -4.56, "epsdiluted": -4.56, "weightedAverageShsOut": 45402096, "weightedAverageShsOutDil": 45431000, "link": "https://www.sec.gov/Archives/edgar/data/1296445/000119312513100991/0001193125-13-100991-index.htm", "finalLink": "https://www.sec.gov/Archives/edgar/data/1296445/000119312513100991/d449824d10k.htm", "calculatedOtherExpenses": 239016000, "calculatedOperatingExpenses": 289513000, "calculatedNetInterest": -62868000, "calculatedOtherIncome": 10959000, "calculatedIncomeNonControlling": 2936000, "calculatedEbitda": -52745000}, {"date": "2011-12-31", "symbol": "ORA", "reportedCurrency": "USD", "cik": "0001296445", "fillingDate": "2012-02-29", "acceptedDate": "2012-02-29 17:08:01", "calendarYear": "2011", "period": "FY", "revenue": 437009000, "costOfRevenue": 320109000, "grossProfit": 116900000, "grossProfitRatio": 0.2675002117, "researchAndDevelopmentExpenses": 8801000, "generalAndAdministrativeExpenses": 27885000, "sellingAndMarketingExpenses": 16207000, "sellingGeneralAndAdministrativeExpenses": 44092000, "otherExpenses": 0, "operatingExpenses": 52893000, "costAndExpenses": 373002000, "interestIncome": 1427000, "interestExpense": 69459000, "depreciationAndAmortization": 96398000, "ebitda": 65434000, "ebitdaratio": 0.1497314701, "operatingIncome": 64007000, "operatingIncomeRatio": 0.1464660911, "totalOtherIncomeExpensesNet": 10795000, "incomeBeforeTax": 6770000, "incomeBeforeTaxRatio": 0.0154916718, "incomeTaxExpense": 48535000, "netIncome": -43056000, "netIncomeRatio": -0.0985242867, "eps": -0.95, "epsdiluted": -0.95, "weightedAverageShsOut": 45431000, "weightedAverageShsOutDil": 45431000, "link": "https://www.sec.gov/Archives/edgar/data/1296445/000119312512089532/0001193125-12-089532-index.htm", "finalLink": "https://www.sec.gov/Archives/edgar/data/1296445/000119312512089532/d261816d10k.htm", "calculatedOtherExpenses": 0, "calculatedOperatingExpenses": 52893000, "calculatedNetInterest": -68032000, "calculatedOtherIncome": 10795000, "calculatedIncomeNonControlling": 1291000, "calculatedEbitda": 160405000}, {"date": "2010-12-31", "symbol": "ORA", "reportedCurrency": "USD", "cik": "0001296445", "fillingDate": "2011-02-28", "acceptedDate": "2011-02-28 17:26:29", "calendarYear": "2010", "period": "FY", "revenue": 373230000, "costOfRevenue": 295603000, "grossProfit": 77627000, "grossProfitRatio": 0.2079870321, "researchAndDevelopmentExpenses": 10120000, "generalAndAdministrativeExpenses": 27442000, "sellingAndMarketingExpenses": 13447000, "sellingGeneralAndAdministrativeExpenses": 40889000, "otherExpenses": 0, "operatingExpenses": 51009000, "costAndExpenses": 346612000, "interestIncome": 343000, "interestExpense": 40473000, "depreciationAndAmortization": 86761000, "ebitda": 63889000, "ebitdaratio": 0.1711786298, "operatingIncome": 23568000, "operatingIncomeRatio": 0.0631460494, "totalOtherIncomeExpensesNet": 44294000, "incomeBeforeTax": 30782000, "incomeBeforeTaxRatio": 0.0824746135, "incomeTaxExpense": -1098000, "netIncome": 37318000, "netIncomeRatio": 0.0999866034, "eps": 0.82, "epsdiluted": 0.82, "weightedAverageShsOut": 45431000, "weightedAverageShsOutDil": 45452000, "link": "https://www.sec.gov/Archives/edgar/data/1296445/000095012311019926/0000950123-11-019926-index.htm", "finalLink": "https://www.sec.gov/Archives/edgar/data/1296445/000095012311019926/y89083e10vk.htm", "calculatedOtherExpenses": 3050000, "calculatedOperatingExpenses": 54059000, "calculatedNetInterest": -40130000, "calculatedOtherIncome": 47344000, "calculatedIncomeNonControlling": -5438000, "calculatedEbitda": 110329000}, {"date": "2009-12-31", "symbol": "ORA", "reportedCurrency": "USD", "cik": "0001296445", "fillingDate": "2010-03-08", "acceptedDate": "2010-03-08 16:58:32", "calendarYear": "2009", "period": "FY", "revenue": 415244000, "costOfRevenue": 292606000, "grossProfit": 122638000, "grossProfitRatio": 0.2953396076, "researchAndDevelopmentExpenses": 10502000, "generalAndAdministrativeExpenses": 26412000, "sellingAndMarketingExpenses": 14584000, "sellingGeneralAndAdministrativeExpenses": 40996000, "otherExpenses": 0, "operatingExpenses": 51498000, "costAndExpenses": 344104000, "interestIncome": 639000, "interestExpense": 16241000, "depreciationAndAmortization": 61691000, "ebitda": 71779000, "ebitdaratio": 0.1728598125, "operatingIncome": 68773000, "operatingIncomeRatio": 0.1656206953, "totalOtherIncomeExpensesNet": 27803000, "incomeBeforeTax": 83341000, "incomeBeforeTaxRatio": 0.2007036827, "incomeTaxExpense": 16924000, "netIncome": 68851000, "netIncomeRatio": 0.1658085367, "eps": 1.52, "epsdiluted": 1.51, "weightedAverageShsOut": 45391000, "weightedAverageShsOutDil": 45533000, "link": "https://www.sec.gov/Archives/edgar/data/1296445/000095012310022121/0000950123-10-022121-index.htm", "finalLink": "https://www.sec.gov/Archives/edgar/data/1296445/000095012310022121/y83042e10vk.htm", "calculatedOtherExpenses": 2367000, "calculatedOperatingExpenses": 53865000, "calculatedNetInterest": -15602000, "calculatedOtherIncome": 30170000, "calculatedIncomeNonControlling": -2434000, "calculatedEbitda": 130464000}, {"date": "2008-12-31", "symbol": "ORA", "reportedCurrency": "USD", "cik": "0001296445", "fillingDate": "2009-03-02", "acceptedDate": "2009-03-02 06:36:31", "calendarYear": "2008", "period": "FY", "revenue": 344833000, "costOfRevenue": 242808000, "grossProfit": 102025000, "grossProfitRatio": 0.2958678549, "researchAndDevelopmentExpenses": 4595000, "generalAndAdministrativeExpenses": 36823000, "sellingAndMarketingExpenses": 10885000, "sellingGeneralAndAdministrativeExpenses": 36823000, "otherExpenses": -4195000, "operatingExpenses": 37223000, "costAndExpenses": 280031000, "interestIncome": 3118000, "interestExpense": 0, "depreciationAndAmortization": 57443000, "ebitda": 137585000, "ebitdaratio": 0.3989902359, "operatingIncome": 60607000, "operatingIncomeRatio": 0.1757575406, "totalOtherIncomeExpensesNet": -13615000, "incomeBeforeTax": 44903000, "incomeBeforeTaxRatio": 0.1302166556, "incomeTaxExpense": 7962000, "netIncome": 49832000, "netIncomeRatio": 0.1445105312, "eps": 0.99, "epsdiluted": 0.98, "weightedAverageShsOut": 44182000, "weightedAverageShsOutDil": 44298000, "link": "https://www.sec.gov/Archives/edgar/data/1296445/000095012309003741/0000950123-09-003741-index.htm", "finalLink": "https://www.sec.gov/Archives/edgar/data/1296445/000095012309003741/y01222e10vk.htm", "calculatedOtherExpenses": 0, "calculatedOperatingExpenses": 41418000, "calculatedNetInterest": 3118000, "calculatedOtherIncome": -18822000, "calculatedIncomeNonControlling": -12891000, "calculatedEbitda": 118050000}, {"date": "2007-12-31", "symbol": "ORA", "reportedCurrency": "USD", "cik": "0001296445", "fillingDate": "2008-03-05", "acceptedDate": "2008-03-05 17:09:36", "calendarYear": "2007", "period": "FY", "revenue": 295919000, "costOfRevenue": 216734000, "grossProfit": 79185000, "grossProfitRatio": 0.2675901176, "researchAndDevelopmentExpenses": 3663000, "generalAndAdministrativeExpenses": 32061000, "sellingAndMarketingExpenses": 10645000, "sellingGeneralAndAdministrativeExpenses": 32061000, "otherExpenses": -2020000, "operatingExpenses": 33704000, "costAndExpenses": 250438000, "interestIncome": 6565000, "interestExpense": 0, "depreciationAndAmortization": 47796000, "ebitda": 97766000, "ebitdaratio": 0.3303809488, "operatingIncome": 43461000, "operatingIncomeRatio": 0.1468678929, "totalOtherIncomeExpensesNet": 253000, "incomeBeforeTax": 20574000, "incomeBeforeTaxRatio": 0.0695257824, "incomeTaxExpense": 1822000, "netIncome": 27376000, "netIncomeRatio": 0.0925118022, "eps": 0.71, "epsdiluted": 0.7, "weightedAverageShsOut": 38762000, "weightedAverageShsOutDil": 38880000, "link": "https://www.sec.gov/Archives/edgar/data/1296445/000095013608001172/0000950136-08-001172-index.htm", "finalLink": "https://www.sec.gov/Archives/edgar/data/1296445/000095013608001172/file1.htm", "calculatedOtherExpenses": 0, "calculatedOperatingExpenses": 35724000, "calculatedNetInterest": 6565000, "calculatedOtherIncome": -29452000, "calculatedIncomeNonControlling": -8624000, "calculatedEbitda": 91257000}, {"date": "2006-12-31", "symbol": "ORA", "reportedCurrency": "USD", "cik": "0001296445", "fillingDate": "2007-03-12", "acceptedDate": "2007-03-12 06:09:25", "calendarYear": "2006", "period": "FY", "revenue": 268937000, "costOfRevenue": 175571000, "grossProfit": 93366000, "grossProfitRatio": 0.3471668086, "researchAndDevelopmentExpenses": 2983000, "generalAndAdministrativeExpenses": 28455000, "sellingAndMarketingExpenses": 10361000, "sellingGeneralAndAdministrativeExpenses": 28455000, "otherExpenses": 0, "operatingExpenses": 31438000, "costAndExpenses": 207009000, "interestIncome": 6560000, "interestExpense": 30961000, "depreciationAndAmortization": 40753000, "ebitda": 102691000, "ebitdaratio": 0.3818403567, "operatingIncome": 61928000, "operatingIncomeRatio": 0.2302695427, "totalOtherIncomeExpensesNet": 4136000, "incomeBeforeTax": 37517000, "incomeBeforeTaxRatio": 0.1395010727, "incomeTaxExpense": 6403000, "netIncome": 34447000, "netIncomeRatio": 0.1280857599, "eps": 1, "epsdiluted": 0.99, "weightedAverageShsOut": 34593000, "weightedAverageShsOutDil": 34707000, "link": "https://www.sec.gov/Archives/edgar/data/1296445/000095013607001557/0000950136-07-001557-index.htm", "finalLink": "https://www.sec.gov/Archives/edgar/data/1296445/000095013607001557/file1.htm", "calculatedOtherExpenses": 0, "calculatedOperatingExpenses": 31438000, "calculatedNetInterest": -24401000, "calculatedOtherIncome": -10000, "calculatedIncomeNonControlling": -3333000, "calculatedEbitda": 102681000}, {"date": "2005-12-31", "symbol": "ORA", "reportedCurrency": "USD", "cik": "0001296445", "fillingDate": "2006-03-28", "acceptedDate": "2006-03-28 12:39:55", "calendarYear": "2005", "period": "FY", "revenue": 237992000, "costOfRevenue": 148851000, "grossProfit": 89141000, "grossProfitRatio": 0.3745546069, "researchAndDevelopmentExpenses": 3036000, "generalAndAdministrativeExpenses": 22196000, "sellingAndMarketingExpenses": 7876000, "sellingGeneralAndAdministrativeExpenses": 22196000, "otherExpenses": 0, "operatingExpenses": 25232000, "costAndExpenses": 174083000, "interestIncome": 4308000, "interestExpense": 55317000, "depreciationAndAmortization": 34575000, "ebitda": 98411000, "ebitdaratio": 0.413505496, "operatingIncome": 63909000, "operatingIncomeRatio": 0.2685342364, "totalOtherIncomeExpensesNet": 6967000, "incomeBeforeTax": 12973000, "incomeBeforeTaxRatio": 0.0545102356, "incomeTaxExpense": 4690000, "netIncome": 15177000, "netIncomeRatio": 0.0637710511, "eps": 0.48, "epsdiluted": 0.48, "weightedAverageShsOut": 31563000, "weightedAverageShsOutDil": 31609000, "link": "https://www.sec.gov/Archives/edgar/data/1296445/000095013606002332/0000950136-06-002332-index.htm", "finalLink": "https://www.sec.gov/Archives/edgar/data/1296445/000095013606002332/file001.htm", "calculatedOtherExpenses": 0, "calculatedOperatingExpenses": 25232000, "calculatedNetInterest": -51009000, "calculatedOtherIncome": 73000, "calculatedIncomeNonControlling": -6894000, "calculatedEbitda": 98484000}, {"date": "2004-12-31", "symbol": "ORA", "reportedCurrency": "USD", "cik": "0001296445", "fillingDate": "2005-03-28", "acceptedDate": "2005-03-28 17:27:36", "calendarYear": "2004", "period": "FY", "revenue": 219230000, "costOfRevenue": 136078000, "grossProfit": 83152000, "grossProfitRatio": 0.3792911554, "researchAndDevelopmentExpenses": 2175000, "generalAndAdministrativeExpenses": 19378000, "sellingAndMarketingExpenses": 7769000, "sellingGeneralAndAdministrativeExpenses": 19378000, "otherExpenses": -146000, "operatingExpenses": 21407000, "costAndExpenses": 157485000, "interestIncome": 1316000, "interestExpense": -42785000, "depreciationAndAmortization": 37108000, "ebitda": 97343000, "ebitdaratio": 0.4440222597, "operatingIncome": 62444000, "operatingIncomeRatio": 0.2848332801, "totalOtherIncomeExpensesNet": 5077000, "incomeBeforeTax": 20941000, "incomeBeforeTaxRatio": 0.095520686, "incomeTaxExpense": 6609000, "netIncome": 17791000, "netIncomeRatio": 0.0811522146, "eps": 0.72, "epsdiluted": 0.72, "weightedAverageShsOut": 24806000, "weightedAverageShsOutDil": 30786136, "link": "https://www.sec.gov/Archives/edgar/data/1296445/000095013605001639/0000950136-05-001639-index.htm", "finalLink": "https://www.sec.gov/Archives/edgar/data/1296445/000095013605001639/file001.htm", "calculatedOtherExpenses": -845000, "calculatedOperatingExpenses": 20708000, "calculatedNetInterest": 44101000, "calculatedOtherIncome": -85604000, "calculatedIncomeNonControlling": -3459000, "calculatedEbitda": 99552000}, {"date": "2003-12-31", "symbol": "ORA", "reportedCurrency": "USD", "cik": "0001296445", "fillingDate": "2003-12-31", "acceptedDate": "2003-12-30 19:00:00", "calendarYear": "2003", "period": "FY", "revenue": 119440000, "costOfRevenue": 76220000, "grossProfit": 43220000, "grossProfitRatio": 0.3618553248, "researchAndDevelopmentExpenses": 1391000, "generalAndAdministrativeExpenses": 0, "sellingAndMarketingExpenses": 0, "sellingGeneralAndAdministrativeExpenses": 16339000, "otherExpenses": 16339000, "operatingExpenses": 17730000, "costAndExpenses": 93950000, "interestIncome": 542000, "interestExpense": 8055000, "depreciationAndAmortization": 16619000, "ebitda": 41961000, "ebitdaratio": 0.3513144675, "operatingIncome": 25490000, "operatingIncomeRatio": 0.2134125921, "totalOtherIncomeExpensesNet": 707000, "incomeBeforeTax": 18165000, "incomeBeforeTaxRatio": 0.1520847287, "incomeTaxExpense": 2506000, "netIncome": 15454000, "netIncomeRatio": 0.12938714, "eps": 0.66, "epsdiluted": 0.66, "weightedAverageShsOut": 23214000, "weightedAverageShsOutDil": 23214000, "link": "", "finalLink": "", "calculatedOtherExpenses": 0, "calculatedOperatingExpenses": 17730000, "calculatedNetInterest": -7513000, "calculatedOtherIncome": 188000, "calculatedIncomeNonControlling": 205000, "calculatedEbitda": 42109000}, {"date": "2002-12-31", "symbol": "ORA", "reportedCurrency": "USD", "cik": "0001296445", "fillingDate": "2002-12-31", "acceptedDate": "2002-12-30 19:00:00", "calendarYear": "2002", "period": "FY", "revenue": 85629000, "costOfRevenue": 50775000, "grossProfit": 34854000, "grossProfitRatio": 0.4070349998, "researchAndDevelopmentExpenses": 1503000, "generalAndAdministrativeExpenses": 0, "sellingAndMarketingExpenses": 0, "sellingGeneralAndAdministrativeExpenses": 13124000, "otherExpenses": 13124000, "operatingExpenses": 14627000, "costAndExpenses": 65402000, "interestIncome": 0, "interestExpense": 0, "depreciationAndAmortization": 14477000, "ebitda": 33832000, "ebitdaratio": 0.395099791, "operatingIncome": 20227000, "operatingIncomeRatio": 0.2362167023, "totalOtherIncomeExpensesNet": 1186000, "incomeBeforeTax": 14649000, "incomeBeforeTaxRatio": 0.1710752198, "incomeTaxExpense": 6135000, "netIncome": -1044000, "netIncomeRatio": -0.0121921312, "eps": -0.045, "epsdiluted": -0.045, "weightedAverageShsOut": 23214000, "weightedAverageShsOutDil": 23214000, "link": "", "finalLink": "", "calculatedOtherExpenses": 0, "calculatedOperatingExpenses": 14627000, "calculatedNetInterest": 0, "calculatedOtherIncome": -5578000, "calculatedIncomeNonControlling": 9558000, "calculatedEbitda": 34704000}, {"date": "2001-12-31", "symbol": "ORA", "reportedCurrency": "USD", "cik": "0001296445", "fillingDate": "2001-12-31", "acceptedDate": "2001-12-30 19:00:00", "calendarYear": "2001", "period": "FY", "revenue": 47915000, "costOfRevenue": 29990000, "grossProfit": 17925000, "grossProfitRatio": 0.3740999687, "researchAndDevelopmentExpenses": 1729000, "generalAndAdministrativeExpenses": 0, "sellingAndMarketingExpenses": 0, "sellingGeneralAndAdministrativeExpenses": 0, "otherExpenses": 0, "operatingExpenses": 1729000, "costAndExpenses": 31719000, "interestIncome": 0, "interestExpense": 0, "depreciationAndAmortization": 11979000, "ebitda": 16196000, "ebitdaratio": 0.3380152353, "operatingIncome": 4217000, "operatingIncomeRatio": 0.0880100177, "totalOtherIncomeExpensesNet": 166000, "incomeBeforeTax": 1978000, "incomeBeforeTaxRatio": 0.0412814359, "incomeTaxExpense": 3065000, "netIncome": -6413000, "netIncomeRatio": -0.1338411771, "eps": -0.21, "epsdiluted": -0.21, "weightedAverageShsOut": 30769230, "weightedAverageShsOutDil": 30769230, "link": "", "finalLink": "", "calculatedOtherExpenses": 11979000, "calculatedOperatingExpenses": 13708000, "calculatedNetInterest": 0, "calculatedOtherIncome": -2239000, "calculatedIncomeNonControlling": 5326000, "calculatedEbitda": 16196000}]}