{"originalCurrency": "USD", "convertedCurrency": "USD", "report": [{"date": "2023-05-31", "symbol": "ORCL", "reportedCurrency": "USD", "cik": "0001341439", "fillingDate": "2023-06-20", "acceptedDate": "2023-06-20 16:06:29", "calendarYear": "2023", "period": "FY", "revenue": 49954000000, "costOfRevenue": 13564000000, "grossProfit": 36390000000, "grossProfitRatio": 0.7284701926, "researchAndDevelopmentExpenses": 9415000000, "generalAndAdministrativeExpenses": 1579000000, "sellingAndMarketingExpenses": 8833000000, "sellingGeneralAndAdministrativeExpenses": 10412000000, "otherExpenses": -462000000, "operatingExpenses": 24044000000, "costAndExpenses": 37608000000, "interestIncome": 285000000, "interestExpense": 3505000000, "depreciationAndAmortization": 5316000000, "ebitda": 18986000000, "ebitdaratio": 0.3800696641, "operatingIncome": 13670000000, "operatingIncomeRatio": 0.2736517596, "totalOtherIncomeExpensesNet": -4544000000, "incomeBeforeTax": 9126000000, "incomeBeforeTaxRatio": 0.182688073, "incomeTaxExpense": 623000000, "netIncome": 8503000000, "netIncomeRatio": 0.1702165993, "eps": 3.15, "epsdiluted": 3.07, "weightedAverageShsOut": 2696000000, "weightedAverageShsOutDil": 2766000000, "link": "https://www.sec.gov/Archives/edgar/data/1341439/000095017023028914/0000950170-23-028914-index.htm", "finalLink": "https://www.sec.gov/Archives/edgar/data/1341439/000095017023028914/orcl-20230531.htm", "calculatedOtherExpenses": 2893000000, "calculatedOperatingExpenses": 22720000000, "calculatedNetInterest": -3220000000, "calculatedOtherIncome": -1324000000, "calculatedIncomeNonControlling": 0, "calculatedEbitda": 18986000000}, {"date": "2022-05-31", "symbol": "ORCL", "reportedCurrency": "USD", "cik": "0001341439", "fillingDate": "2022-06-21", "acceptedDate": "2022-06-21 08:04:37", "calendarYear": "2022", "period": "FY", "revenue": 42440000000, "costOfRevenue": 8877000000, "grossProfit": 33563000000, "grossProfitRatio": 0.7908341188, "researchAndDevelopmentExpenses": 7694000000, "generalAndAdministrativeExpenses": 1317000000, "sellingAndMarketingExpenses": 8047000000, "sellingGeneralAndAdministrativeExpenses": 9364000000, "otherExpenses": -522000000, "operatingExpenses": 23253000000, "costAndExpenses": 32130000000, "interestIncome": 94000000, "interestExpense": 2755000000, "depreciationAndAmortization": 2647000000, "ebitda": 18483000000, "ebitdaratio": 0.4355089538, "operatingIncome": 15836000000, "operatingIncomeRatio": 0.3731385485, "totalOtherIncomeExpensesNet": -8187000000, "incomeBeforeTax": 7649000000, "incomeBeforeTaxRatio": 0.1802309142, "incomeTaxExpense": 932000000, "netIncome": 6717000000, "netIncomeRatio": 0.1582704995, "eps": 2.49, "epsdiluted": 2.41, "weightedAverageShsOut": 2700000000, "weightedAverageShsOutDil": 2786000000, "link": "https://www.sec.gov/Archives/edgar/data/1341439/000156459022023675/0001564590-22-023675-index.htm", "finalLink": "https://www.sec.gov/Archives/edgar/data/1341439/000156459022023675/orcl-10k_20220531.htm", "calculatedOtherExpenses": 669000000, "calculatedOperatingExpenses": 17727000000, "calculatedNetInterest": -2661000000, "calculatedOtherIncome": -5526000000, "calculatedIncomeNonControlling": 0, "calculatedEbitda": 18483000000}, {"date": "2021-05-31", "symbol": "ORCL", "reportedCurrency": "USD", "cik": "0001341439", "fillingDate": "2021-06-21", "acceptedDate": "2021-06-21 16:10:31", "calendarYear": "2021", "period": "FY", "revenue": 40479000000, "costOfRevenue": 7855000000, "grossProfit": 32624000000, "grossProfitRatio": 0.8059487636, "researchAndDevelopmentExpenses": 6527000000, "generalAndAdministrativeExpenses": 1254000000, "sellingAndMarketingExpenses": 7682000000, "sellingGeneralAndAdministrativeExpenses": 8936000000, "otherExpenses": 282000000, "operatingExpenses": 17230000000, "costAndExpenses": 25085000000, "interestIncome": 101000000, "interestExpense": 2496000000, "depreciationAndAmortization": 2916000000, "ebitda": 18569000000, "ebitdaratio": 0.458731688, "operatingIncome": 15653000000, "operatingIncomeRatio": 0.3866943353, "totalOtherIncomeExpensesNet": -2654000000, "incomeBeforeTax": 12999000000, "incomeBeforeTaxRatio": 0.3211294745, "incomeTaxExpense": 747000000, "netIncome": 13746000000, "netIncomeRatio": 0.3395834877, "eps": 4.67, "epsdiluted": 4.55, "weightedAverageShsOut": 2945000000, "weightedAverageShsOutDil": 3022000000, "link": "https://www.sec.gov/Archives/edgar/data/1341439/000156459021033616/0001564590-21-033616-index.htm", "finalLink": "https://www.sec.gov/Archives/edgar/data/1341439/000156459021033616/orcl-10k_20210531.htm", "calculatedOtherExpenses": 1508000000, "calculatedOperatingExpenses": 16971000000, "calculatedNetInterest": -2395000000, "calculatedOtherIncome": -259000000, "calculatedIncomeNonControlling": -1494000000, "calculatedEbitda": 18569000000}, {"date": "2020-05-31", "symbol": "ORCL", "reportedCurrency": "USD", "cik": "0001341439", "fillingDate": "2020-06-22", "acceptedDate": "2020-06-22 16:25:49", "calendarYear": "2020", "period": "FY", "revenue": 39068000000, "costOfRevenue": 7938000000, "grossProfit": 31130000000, "grossProfitRatio": 0.7968158083, "researchAndDevelopmentExpenses": 6067000000, "generalAndAdministrativeExpenses": 1181000000, "sellingAndMarketingExpenses": 8094000000, "sellingGeneralAndAdministrativeExpenses": 9275000000, "otherExpenses": 162000000, "operatingExpenses": 17599000000, "costAndExpenses": 25537000000, "interestIncome": 527000000, "interestExpense": 1995000000, "depreciationAndAmortization": 2968000000, "ebitda": 17119000000, "ebitdaratio": 0.4381847036, "operatingIncome": 14151000000, "operatingIncomeRatio": 0.3622146002, "totalOtherIncomeExpensesNet": -2088000000, "incomeBeforeTax": 12063000000, "incomeBeforeTaxRatio": 0.3087693253, "incomeTaxExpense": 1928000000, "netIncome": 10135000000, "netIncomeRatio": 0.2594194737, "eps": 3.16, "epsdiluted": 3.08, "weightedAverageShsOut": 3211000000, "weightedAverageShsOutDil": 3294000000, "link": "https://www.sec.gov/Archives/edgar/data/1341439/000156459020030125/0001564590-20-030125-index.htm", "finalLink": "https://www.sec.gov/Archives/edgar/data/1341439/000156459020030125/orcl-10k_20200531.htm", "calculatedOtherExpenses": 1637000000, "calculatedOperatingExpenses": 16979000000, "calculatedNetInterest": -1468000000, "calculatedOtherIncome": -620000000, "calculatedIncomeNonControlling": 0, "calculatedEbitda": 17119000000}, {"date": "2019-05-31", "symbol": "ORCL", "reportedCurrency": "USD", "cik": "0001341439", "fillingDate": "2019-06-21", "acceptedDate": "2019-06-21 16:29:05", "calendarYear": "2019", "period": "FY", "revenue": 39506000000, "costOfRevenue": 7995000000, "grossProfit": 31511000000, "grossProfitRatio": 0.7976256771, "researchAndDevelopmentExpenses": 6026000000, "generalAndAdministrativeExpenses": 1265000000, "sellingAndMarketingExpenses": 8509000000, "sellingGeneralAndAdministrativeExpenses": 9774000000, "otherExpenses": 815000000, "operatingExpenses": 18253000000, "costAndExpenses": 26248000000, "interestIncome": 1092000000, "interestExpense": 2082000000, "depreciationAndAmortization": 2919000000, "ebitda": 16925000000, "ebitdaratio": 0.4284159368, "operatingIncome": 14006000000, "operatingIncomeRatio": 0.3545284261, "totalOtherIncomeExpensesNet": -1738000000, "incomeBeforeTax": 12268000000, "incomeBeforeTaxRatio": 0.3105351086, "incomeTaxExpense": 1185000000, "netIncome": 11083000000, "netIncomeRatio": 0.2805396649, "eps": 3.05, "epsdiluted": 2.97, "weightedAverageShsOut": 3634000000, "weightedAverageShsOutDil": 3732000000, "link": "https://www.sec.gov/Archives/edgar/data/1341439/000156459019023119/0001564590-19-023119-index.htm", "finalLink": "https://www.sec.gov/Archives/edgar/data/1341439/000156459019023119/orcl-10k_20190531.htm", "calculatedOtherExpenses": 1705000000, "calculatedOperatingExpenses": 17505000000, "calculatedNetInterest": -990000000, "calculatedOtherIncome": -748000000, "calculatedIncomeNonControlling": 0, "calculatedEbitda": 16925000000}, {"date": "2018-05-31", "symbol": "ORCL", "reportedCurrency": "USD", "cik": "0001341439", "fillingDate": "2018-06-22", "acceptedDate": "2018-06-22 16:09:07", "calendarYear": "2018", "period": "FY", "revenue": 39831000000, "costOfRevenue": 8060000000, "grossProfit": 31771000000, "grossProfitRatio": 0.7976450503, "researchAndDevelopmentExpenses": 6084000000, "generalAndAdministrativeExpenses": 1282000000, "sellingAndMarketingExpenses": 8433000000, "sellingGeneralAndAdministrativeExpenses": 9715000000, "otherExpenses": 1237000000, "operatingExpenses": 18077000000, "costAndExpenses": 26137000000, "interestIncome": 1201000000, "interestExpense": 2025000000, "depreciationAndAmortization": 2785000000, "ebitda": 16686000000, "ebitdaratio": 0.4189199367, "operatingIncome": 13901000000, "operatingIncomeRatio": 0.348999523, "totalOtherIncomeExpensesNet": -1477000000, "incomeBeforeTax": 12424000000, "incomeBeforeTaxRatio": 0.3119178529, "incomeTaxExpense": 8837000000, "netIncome": 3825000000, "netIncomeRatio": 0.0960307298, "eps": 0.93, "epsdiluted": 0.9, "weightedAverageShsOut": 4121000000, "weightedAverageShsOutDil": 4238000000, "link": "https://www.sec.gov/Archives/edgar/data/1341439/000119312518201034/0001193125-18-201034-index.htm", "finalLink": "https://www.sec.gov/Archives/edgar/data/1341439/000119312518201034/d568983d10k.htm", "calculatedOtherExpenses": 2071000000, "calculatedOperatingExpenses": 17870000000, "calculatedNetInterest": -824000000, "calculatedOtherIncome": -653000000, "calculatedIncomeNonControlling": -238000000, "calculatedEbitda": 16686000000}, {"date": "2017-05-31", "symbol": "ORCL", "reportedCurrency": "USD", "cik": "0001341439", "fillingDate": "2017-06-27", "acceptedDate": "2017-06-27 16:05:35", "calendarYear": "2017", "period": "FY", "revenue": 37728000000, "costOfRevenue": 7452000000, "grossProfit": 30276000000, "grossProfitRatio": 0.802480916, "researchAndDevelopmentExpenses": 6153000000, "generalAndAdministrativeExpenses": 1172000000, "sellingAndMarketingExpenses": 8085000000, "sellingGeneralAndAdministrativeExpenses": 9299000000, "otherExpenses": 605000000, "operatingExpenses": 17666000000, "costAndExpenses": 25118000000, "interestIncome": 802000000, "interestExpense": 1798000000, "depreciationAndAmortization": 2451000000, "ebitda": 15888000000, "ebitdaratio": 0.4211195929, "operatingIncome": 13437000000, "operatingIncomeRatio": 0.3561545802, "totalOtherIncomeExpensesNet": -1757000000, "incomeBeforeTax": 11680000000, "incomeBeforeTaxRatio": 0.3095843936, "incomeTaxExpense": 2228000000, "netIncome": 9335000000, "netIncomeRatio": 0.2474289652, "eps": 2.3, "epsdiluted": 2.24, "weightedAverageShsOut": 4217000000, "weightedAverageShsOutDil": 4219642857, "link": "https://www.sec.gov/Archives/edgar/data/1341439/000119312517214833/0001193125-17-214833-index.htm", "finalLink": "https://www.sec.gov/Archives/edgar/data/1341439/000119312517214833/d385998d10k.htm", "calculatedOtherExpenses": 1387000000, "calculatedOperatingExpenses": 16839000000, "calculatedNetInterest": -996000000, "calculatedOtherIncome": -761000000, "calculatedIncomeNonControlling": 117000000, "calculatedEbitda": 15888000000}, {"date": "2016-05-31", "symbol": "ORCL", "reportedCurrency": "USD", "cik": "0001341439", "fillingDate": "2016-06-22", "acceptedDate": "2016-06-22 16:24:36", "calendarYear": "2016", "period": "FY", "revenue": 37047000000, "costOfRevenue": 7479000000, "grossProfit": 29568000000, "grossProfitRatio": 0.7981213054, "researchAndDevelopmentExpenses": 6346000000, "generalAndAdministrativeExpenses": 1155000000, "sellingAndMarketingExpenses": 7884000000, "sellingGeneralAndAdministrativeExpenses": 9039000000, "otherExpenses": 305000000, "operatingExpenses": 17197000000, "costAndExpenses": 24676000000, "interestIncome": 538000000, "interestExpense": 1467000000, "depreciationAndAmortization": 1950000000, "ebitda": 15054000000, "ebitdaratio": 0.4063486922, "operatingIncome": 13104000000, "operatingIncomeRatio": 0.3537128512, "totalOtherIncomeExpensesNet": -1662000000, "incomeBeforeTax": 11442000000, "incomeBeforeTaxRatio": 0.3088509191, "incomeTaxExpense": 2541000000, "netIncome": 8901000000, "netIncomeRatio": 0.2402623694, "eps": 2.11, "epsdiluted": 2.07, "weightedAverageShsOut": 4300000000, "weightedAverageShsOutDil": 4305000000, "link": "https://www.sec.gov/Archives/edgar/data/1341439/000119312516628942/0001193125-16-628942-index.htm", "finalLink": "https://www.sec.gov/Archives/edgar/data/1341439/000119312516628942/d203801d10k.htm", "calculatedOtherExpenses": 1079000000, "calculatedOperatingExpenses": 16464000000, "calculatedNetInterest": -929000000, "calculatedOtherIncome": -733000000, "calculatedIncomeNonControlling": 0, "calculatedEbitda": 15054000000}, {"date": "2015-05-31", "symbol": "ORCL", "reportedCurrency": "USD", "cik": "0001341439", "fillingDate": "2015-06-25", "acceptedDate": "2015-06-25 17:03:14", "calendarYear": "2015", "period": "FY", "revenue": 38226000000, "costOfRevenue": 7532000000, "grossProfit": 30694000000, "grossProfitRatio": 0.8029613352, "researchAndDevelopmentExpenses": 5524000000, "generalAndAdministrativeExpenses": 1077000000, "sellingAndMarketingExpenses": 7655000000, "sellingGeneralAndAdministrativeExpenses": 8732000000, "otherExpenses": 106000000, "operatingExpenses": 17066000000, "costAndExpenses": 24598000000, "interestIncome": 349000000, "interestExpense": 1143000000, "depreciationAndAmortization": 2861000000, "ebitda": 17150000000, "ebitdaratio": 0.4486475174, "operatingIncome": 14289000000, "operatingIncomeRatio": 0.3738031706, "totalOtherIncomeExpensesNet": -1455000000, "incomeBeforeTax": 12834000000, "incomeBeforeTaxRatio": 0.3357400722, "incomeTaxExpense": 2896000000, "netIncome": 9938000000, "netIncomeRatio": 0.2599801182, "eps": 2.26, "epsdiluted": 2.21, "weightedAverageShsOut": 4496832579, "weightedAverageShsOutDil": 4503000000, "link": "https://www.sec.gov/Archives/edgar/data/1341439/000119312515235239/0001193125-15-235239-index.htm", "finalLink": "https://www.sec.gov/Archives/edgar/data/1341439/000119312515235239/d920711d10k.htm", "calculatedOtherExpenses": 2149000000, "calculatedOperatingExpenses": 16405000000, "calculatedNetInterest": -794000000, "calculatedOtherIncome": -661000000, "calculatedIncomeNonControlling": 0, "calculatedEbitda": 17150000000}, {"date": "2014-05-31", "symbol": "ORCL", "reportedCurrency": "USD", "cik": "0001341439", "fillingDate": "2014-06-26", "acceptedDate": "2014-06-26 17:07:01", "calendarYear": "2014", "period": "FY", "revenue": 38275000000, "costOfRevenue": 7236000000, "grossProfit": 31039000000, "grossProfitRatio": 0.8109470934, "researchAndDevelopmentExpenses": 6175000000, "generalAndAdministrativeExpenses": 1038000000, "sellingAndMarketingExpenses": 7567000000, "sellingGeneralAndAdministrativeExpenses": 8605000000, "otherExpenses": -141000000, "operatingExpenses": 16684000000, "costAndExpenses": 23920000000, "interestIncome": 263000000, "interestExpense": 914000000, "depreciationAndAmortization": 1734000000, "ebitda": 16717000000, "ebitdaratio": 0.4367602874, "operatingIncome": 14983000000, "operatingIncomeRatio": 0.3914565643, "totalOtherIncomeExpensesNet": -1279000000, "incomeBeforeTax": 13704000000, "incomeBeforeTaxRatio": 0.3580404964, "incomeTaxExpense": 2749000000, "netIncome": 10955000000, "netIncomeRatio": 0.2862181581, "eps": 2.42, "epsdiluted": 2.38, "weightedAverageShsOut": 4602941176, "weightedAverageShsOutDil": 4604000000, "link": "https://www.sec.gov/Archives/edgar/data/1341439/000119312514251351/0001193125-14-251351-index.htm", "finalLink": "https://www.sec.gov/Archives/edgar/data/1341439/000119312514251351/d725622d10k.htm", "calculatedOtherExpenses": 1276000000, "calculatedOperatingExpenses": 16056000000, "calculatedNetInterest": -651000000, "calculatedOtherIncome": -628000000, "calculatedIncomeNonControlling": 0, "calculatedEbitda": 16717000000}, {"date": "2013-05-31", "symbol": "ORCL", "reportedCurrency": "USD", "cik": "0001341439", "fillingDate": "2013-06-26", "acceptedDate": "2013-06-26 17:24:42", "calendarYear": "2013", "period": "FY", "revenue": 37180000000, "costOfRevenue": 7379000000, "grossProfit": 29801000000, "grossProfitRatio": 0.8015330823, "researchAndDevelopmentExpenses": 6005000000, "generalAndAdministrativeExpenses": 1072000000, "sellingAndMarketingExpenses": 7062000000, "sellingGeneralAndAdministrativeExpenses": 8134000000, "otherExpenses": 11000000, "operatingExpenses": 15343000000, "costAndExpenses": 22722000000, "interestIncome": 237000000, "interestExpense": 797000000, "depreciationAndAmortization": 1663000000, "ebitda": 16095000000, "ebitdaratio": 0.432894029, "operatingIncome": 14432000000, "operatingIncomeRatio": 0.3881656805, "totalOtherIncomeExpensesNet": -534000000, "incomeBeforeTax": 13898000000, "incomeBeforeTaxRatio": 0.37380312, "incomeTaxExpense": 2973000000, "netIncome": 10925000000, "netIncomeRatio": 0.2938407746, "eps": 2.29, "epsdiluted": 2.26, "weightedAverageShsOut": 4834070796, "weightedAverageShsOutDil": 4844000000, "link": "https://www.sec.gov/Archives/edgar/data/1341439/000119312513272832/0001193125-13-272832-index.htm", "finalLink": "https://www.sec.gov/Archives/edgar/data/1341439/000119312513272832/d531515d10k.htm", "calculatedOtherExpenses": 1230000000, "calculatedOperatingExpenses": 15369000000, "calculatedNetInterest": -560000000, "calculatedOtherIncome": 26000000, "calculatedIncomeNonControlling": 0, "calculatedEbitda": 16095000000}, {"date": "2012-05-31", "symbol": "ORCL", "reportedCurrency": "USD", "cik": "0001341439", "fillingDate": "2012-06-26", "acceptedDate": "2012-06-26 17:25:40", "calendarYear": "2012", "period": "FY", "revenue": 37121000000, "costOfRevenue": 7858000000, "grossProfit": 29263000000, "grossProfitRatio": 0.7883138924, "researchAndDevelopmentExpenses": 4523000000, "generalAndAdministrativeExpenses": 1126000000, "sellingAndMarketingExpenses": 7127000000, "sellingGeneralAndAdministrativeExpenses": 8253000000, "otherExpenses": 22000000, "operatingExpenses": 15206000000, "costAndExpenses": 23064000000, "interestIncome": 231000000, "interestExpense": 766000000, "depreciationAndAmortization": 2916000000, "ebitda": 16995000000, "ebitdaratio": 0.457827106, "operatingIncome": 13706000000, "operatingIncomeRatio": 0.369224967, "totalOtherIncomeExpensesNet": -329000000, "incomeBeforeTax": 12962000000, "incomeBeforeTaxRatio": 0.3491824035, "incomeTaxExpense": 2981000000, "netIncome": 9981000000, "netIncomeRatio": 0.2688774548, "eps": 1.99, "epsdiluted": 1.96, "weightedAverageShsOut": 5015000000, "weightedAverageShsOutDil": 5095000000, "link": "https://www.sec.gov/Archives/edgar/data/1341439/000119312512284007/0001193125-12-284007-index.htm", "finalLink": "https://www.sec.gov/Archives/edgar/data/1341439/000119312512284007/d369484d10k.htm", "calculatedOtherExpenses": 2781000000, "calculatedOperatingExpenses": 15557000000, "calculatedNetInterest": -535000000, "calculatedOtherIncome": -209000000, "calculatedIncomeNonControlling": 0, "calculatedEbitda": 16622000000}, {"date": "2011-05-31", "symbol": "ORCL", "reportedCurrency": "USD", "cik": "0001341439", "fillingDate": "2011-06-28", "acceptedDate": "2011-06-27 21:44:56", "calendarYear": "2011", "period": "FY", "revenue": 35622000000, "costOfRevenue": 8398000000, "grossProfit": 27224000000, "grossProfitRatio": 0.7642468138, "researchAndDevelopmentExpenses": 4519000000, "generalAndAdministrativeExpenses": 970000000, "sellingAndMarketingExpenses": 6579000000, "sellingGeneralAndAdministrativeExpenses": 7549000000, "otherExpenses": 2428000000, "operatingExpenses": 14496000000, "costAndExpenses": 22894000000, "interestIncome": 163000000, "interestExpense": 808000000, "depreciationAndAmortization": 2796000000, "ebitda": 15524000000, "ebitdaratio": 0.4357981023, "operatingIncome": 12033000000, "operatingIncomeRatio": 0.3377968671, "totalOtherIncomeExpensesNet": -509000000, "incomeBeforeTax": 11411000000, "incomeBeforeTaxRatio": 0.3203357476, "incomeTaxExpense": 2864000000, "netIncome": 8547000000, "netIncomeRatio": 0.2399359946, "eps": 1.69, "epsdiluted": 1.67, "weightedAverageShsOut": 5048000000, "weightedAverageShsOutDil": 5128000000, "link": "https://www.sec.gov/Archives/edgar/data/1341439/000119312511174819/0001193125-11-174819-index.htm", "finalLink": "https://www.sec.gov/Archives/edgar/data/1341439/000119312511174819/d10k.htm", "calculatedOtherExpenses": 3123000000, "calculatedOperatingExpenses": 15191000000, "calculatedNetInterest": -645000000, "calculatedOtherIncome": 23000000, "calculatedIncomeNonControlling": 0, "calculatedEbitda": 14829000000}, {"date": "2010-05-31", "symbol": "ORCL", "reportedCurrency": "USD", "cik": "0001341439", "fillingDate": "2010-07-01", "acceptedDate": "2010-06-30 21:59:05", "calendarYear": "2010", "period": "FY", "revenue": 26820000000, "costOfRevenue": 5764000000, "grossProfit": 21056000000, "grossProfitRatio": 0.7850857569, "researchAndDevelopmentExpenses": 3254000000, "generalAndAdministrativeExpenses": 911000000, "sellingAndMarketingExpenses": 5080000000, "sellingGeneralAndAdministrativeExpenses": 5991000000, "otherExpenses": 1973000000, "operatingExpenses": 11218000000, "costAndExpenses": 16982000000, "interestIncome": 0, "interestExpense": 754000000, "depreciationAndAmortization": 2271000000, "ebitda": 12109000000, "ebitdaratio": 0.4514914243, "operatingIncome": 9062000000, "operatingIncomeRatio": 0.3378821775, "totalOtherIncomeExpensesNet": -841000000, "incomeBeforeTax": 8243000000, "incomeBeforeTaxRatio": 0.3073452647, "incomeTaxExpense": 2108000000, "netIncome": 6135000000, "netIncomeRatio": 0.2287472036, "eps": 1.22, "epsdiluted": 1.21, "weightedAverageShsOut": 5014000000, "weightedAverageShsOutDil": 5073000000, "link": "https://www.sec.gov/Archives/edgar/data/1341439/000119312510151896/0001193125-10-151896-index.htm", "finalLink": "https://www.sec.gov/Archives/edgar/data/1341439/000119312510151896/d10k.htm", "calculatedOtherExpenses": 2749000000, "calculatedOperatingExpenses": 11994000000, "calculatedNetInterest": -754000000, "calculatedOtherIncome": -65000000, "calculatedIncomeNonControlling": 0, "calculatedEbitda": 11333000000}, {"date": "2009-05-31", "symbol": "ORCL", "reportedCurrency": "USD", "cik": "0001341439", "fillingDate": "2009-06-29", "acceptedDate": "2009-06-29 17:05:21", "calendarYear": "2009", "period": "FY", "revenue": 23252000000, "costOfRevenue": 4794000000, "grossProfit": 18458000000, "grossProfitRatio": 0.7938241872, "researchAndDevelopmentExpenses": 2767000000, "generalAndAdministrativeExpenses": 785000000, "sellingAndMarketingExpenses": 4638000000, "sellingGeneralAndAdministrativeExpenses": 5423000000, "otherExpenses": 1713000000, "operatingExpenses": 9903000000, "costAndExpenses": 14697000000, "interestIncome": 0, "interestExpense": 630000000, "depreciationAndAmortization": 1976000000, "ebitda": 10531000000, "ebitdaratio": 0.4529072768, "operatingIncome": 8321000000, "operatingIncomeRatio": 0.3578616893, "totalOtherIncomeExpensesNet": -91000000, "incomeBeforeTax": 7834000000, "incomeBeforeTaxRatio": 0.3369172544, "incomeTaxExpense": 2241000000, "netIncome": 5593000000, "netIncomeRatio": 0.2405384483, "eps": 1.1, "epsdiluted": 1.09, "weightedAverageShsOut": 5070000000, "weightedAverageShsOutDil": 5130000000, "link": "https://www.sec.gov/Archives/edgar/data/1341439/000095012309018689/0000950123-09-018689-index.htm", "finalLink": "https://www.sec.gov/Archives/edgar/data/1341439/000095012309018689/f52658e10vk.htm", "calculatedOtherExpenses": 1947000000, "calculatedOperatingExpenses": 10137000000, "calculatedNetInterest": -630000000, "calculatedOtherIncome": 143000000, "calculatedIncomeNonControlling": 0, "calculatedEbitda": 10297000000}, {"date": "2008-05-31", "symbol": "ORCL", "reportedCurrency": "USD", "cik": "0001341439", "fillingDate": "2008-07-02", "acceptedDate": "2008-07-02 06:01:47", "calendarYear": "2008", "period": "FY", "revenue": 22430000000, "costOfRevenue": 4981000000, "grossProfit": 17449000000, "grossProfitRatio": 0.777931342, "researchAndDevelopmentExpenses": 2741000000, "generalAndAdministrativeExpenses": 808000000, "sellingAndMarketingExpenses": 4679000000, "sellingGeneralAndAdministrativeExpenses": 5487000000, "otherExpenses": 1212000000, "operatingExpenses": 9440000000, "costAndExpenses": 14421000000, "interestIncome": 0, "interestExpense": -394000000, "depreciationAndAmortization": 1480000000, "ebitda": 9547000000, "ebitdaratio": 0.4256353099, "operatingIncome": 7844000000, "operatingIncomeRatio": 0.3497102095, "totalOtherIncomeExpensesNet": -58000000, "incomeBeforeTax": 7834000000, "incomeBeforeTaxRatio": 0.3492643781, "incomeTaxExpense": 2313000000, "netIncome": 5521000000, "netIncomeRatio": 0.2461435577, "eps": 1.08, "epsdiluted": 1.06, "weightedAverageShsOut": 5133000000, "weightedAverageShsOutDil": 5229000000, "link": "https://www.sec.gov/Archives/edgar/data/1341439/000095013408012257/0000950134-08-012257-index.htm", "finalLink": "https://www.sec.gov/Archives/edgar/data/1341439/000095013408012257/f41477e10vk.htm", "calculatedOtherExpenses": 1377000000, "calculatedOperatingExpenses": 9605000000, "calculatedNetInterest": 394000000, "calculatedOtherIncome": -404000000, "calculatedIncomeNonControlling": 0, "calculatedEbitda": 9324000000}, {"date": "2007-05-31", "symbol": "ORCL", "reportedCurrency": "USD", "cik": "0001341439", "fillingDate": "2007-06-29", "acceptedDate": "2007-06-29 17:04:46", "calendarYear": "2007", "period": "FY", "revenue": 17996000000, "costOfRevenue": 4191000000, "grossProfit": 13805000000, "grossProfitRatio": 0.7671149144, "researchAndDevelopmentExpenses": 2195000000, "generalAndAdministrativeExpenses": 692000000, "sellingAndMarketingExpenses": 3907000000, "sellingGeneralAndAdministrativeExpenses": 4599000000, "otherExpenses": 878000000, "operatingExpenses": 7672000000, "costAndExpenses": 11863000000, "interestIncome": 295000000, "interestExpense": -343000000, "depreciationAndAmortization": 1127000000, "ebitda": 7359000000, "ebitdaratio": 0.4089242054, "operatingIncome": 5974000000, "operatingIncomeRatio": 0.3319626584, "totalOtherIncomeExpensesNet": -99000000, "incomeBeforeTax": 5986000000, "incomeBeforeTaxRatio": 0.3326294732, "incomeTaxExpense": 1712000000, "netIncome": 4274000000, "netIncomeRatio": 0.2374972216, "eps": 0.83, "epsdiluted": 0.81, "weightedAverageShsOut": 5170000000, "weightedAverageShsOutDil": 5269000000, "link": "https://www.sec.gov/Archives/edgar/data/1341439/000095013407014478/0000950134-07-014478-index.htm", "finalLink": "https://www.sec.gov/Archives/edgar/data/1341439/000095013407014478/f31530e10vk.htm", "calculatedOtherExpenses": 1037000000, "calculatedOperatingExpenses": 7831000000, "calculatedNetInterest": 638000000, "calculatedOtherIncome": -626000000, "calculatedIncomeNonControlling": 0, "calculatedEbitda": 7101000000}, {"date": "2006-05-31", "symbol": "ORCL", "reportedCurrency": "USD", "cik": "0001341439", "fillingDate": "2006-07-21", "acceptedDate": "2006-07-21 17:24:26", "calendarYear": "2006", "period": "FY", "revenue": 14380000000, "costOfRevenue": 3235000000, "grossProfit": 11145000000, "grossProfitRatio": 0.7750347705, "researchAndDevelopmentExpenses": 1872000000, "generalAndAdministrativeExpenses": 555000000, "sellingAndMarketingExpenses": 3177000000, "sellingGeneralAndAdministrativeExpenses": 3732000000, "otherExpenses": 583000000, "operatingExpenses": 6187000000, "costAndExpenses": 9422000000, "interestIncome": 170000000, "interestExpense": -169000000, "depreciationAndAmortization": 855000000, "ebitda": 5962000000, "ebitdaratio": 0.4146036161, "operatingIncome": 4736000000, "operatingIncomeRatio": 0.3293463143, "totalOtherIncomeExpensesNet": -149000000, "incomeBeforeTax": 4810000000, "incomeBeforeTaxRatio": 0.3344923505, "incomeTaxExpense": 1429000000, "netIncome": 3381000000, "netIncomeRatio": 0.2351182197, "eps": 0.65, "epsdiluted": 0.64, "weightedAverageShsOut": 5196000000, "weightedAverageShsOutDil": 5287000000, "link": "https://www.sec.gov/Archives/edgar/data/1341439/000119312506151154/0001193125-06-151154-index.htm", "finalLink": "https://www.sec.gov/Archives/edgar/data/1341439/000119312506151154/d10k.htm", "calculatedOtherExpenses": 805000000, "calculatedOperatingExpenses": 6409000000, "calculatedNetInterest": 339000000, "calculatedOtherIncome": -265000000, "calculatedIncomeNonControlling": 0, "calculatedEbitda": 5591000000}, {"date": "2005-05-31", "symbol": "ORCL", "reportedCurrency": "USD", "cik": "0001341439", "fillingDate": "2005-05-31", "acceptedDate": "2005-05-30 20:00:00", "calendarYear": "2005", "period": "FY", "revenue": 11799000000, "costOfRevenue": 2651000000, "grossProfit": 9148000000, "grossProfitRatio": 0.7753199424, "researchAndDevelopmentExpenses": 1491000000, "generalAndAdministrativeExpenses": 0, "sellingAndMarketingExpenses": 0, "sellingGeneralAndAdministrativeExpenses": 3061000000, "otherExpenses": 219000000, "operatingExpenses": 4771000000, "costAndExpenses": 7422000000, "interestIncome": 0, "interestExpense": 0, "depreciationAndAmortization": 425000000, "ebitda": 5178000000, "ebitdaratio": 0.4388507501, "operatingIncome": 4022000000, "operatingIncomeRatio": 0.3408763455, "totalOtherIncomeExpensesNet": -376000000, "incomeBeforeTax": 4051000000, "incomeBeforeTaxRatio": 0.3433341809, "incomeTaxExpense": 1165000000, "netIncome": 2886000000, "netIncomeRatio": 0.2445969997, "eps": 0.56, "epsdiluted": 0.55, "weightedAverageShsOut": 5136000000, "weightedAverageShsOutDil": 5231000000, "link": "", "finalLink": "", "calculatedOtherExpenses": 574000000, "calculatedOperatingExpenses": 5126000000, "calculatedNetInterest": 0, "calculatedOtherIncome": 29000000, "calculatedIncomeNonControlling": 0, "calculatedEbitda": 4447000000}, {"date": "2004-05-31", "symbol": "ORCL", "reportedCurrency": "USD", "cik": "0001341439", "fillingDate": "2004-05-31", "acceptedDate": "2004-05-30 20:00:00", "calendarYear": "2004", "period": "FY", "revenue": 10156000000, "costOfRevenue": 2317000000, "grossProfit": 7839000000, "grossProfitRatio": 0.7718589996, "researchAndDevelopmentExpenses": 1278000000, "generalAndAdministrativeExpenses": 0, "sellingAndMarketingExpenses": 0, "sellingGeneralAndAdministrativeExpenses": 2697000000, "otherExpenses": 0, "operatingExpenses": 3975000000, "costAndExpenses": 6292000000, "interestIncome": 0, "interestExpense": 0, "depreciationAndAmortization": 234000000, "ebitda": 4114000000, "ebitdaratio": 0.4050807404, "operatingIncome": 3864000000, "operatingIncomeRatio": 0.3804647499, "totalOtherIncomeExpensesNet": -16000000, "incomeBeforeTax": 3945000000, "incomeBeforeTaxRatio": 0.3884403308, "incomeTaxExpense": 1264000000, "netIncome": 2681000000, "netIncomeRatio": 0.2639818826, "eps": 0.51, "epsdiluted": 0.5, "weightedAverageShsOut": 5215000000, "weightedAverageShsOutDil": 5326000000, "link": "", "finalLink": "", "calculatedOtherExpenses": 0, "calculatedOperatingExpenses": 3975000000, "calculatedNetInterest": 0, "calculatedOtherIncome": 81000000, "calculatedIncomeNonControlling": 0, "calculatedEbitda": 4098000000}, {"date": "2003-05-31", "symbol": "ORCL", "reportedCurrency": "USD", "cik": "0001341439", "fillingDate": "2003-05-31", "acceptedDate": "2003-05-30 20:00:00", "calendarYear": "2003", "period": "FY", "revenue": 9475000000, "costOfRevenue": 2342000000, "grossProfit": 7133000000, "grossProfitRatio": 0.752823219, "researchAndDevelopmentExpenses": 1180000000, "generalAndAdministrativeExpenses": 0, "sellingAndMarketingExpenses": 0, "sellingGeneralAndAdministrativeExpenses": 2513000000, "otherExpenses": 0, "operatingExpenses": 3693000000, "costAndExpenses": 6035000000, "interestIncome": 0, "interestExpense": 0, "depreciationAndAmortization": 327000000, "ebitda": 3895000000, "ebitdaratio": 0.4110817942, "operatingIncome": 3440000000, "operatingIncomeRatio": 0.363060686, "totalOtherIncomeExpensesNet": -128000000, "incomeBeforeTax": 3425000000, "incomeBeforeTaxRatio": 0.3614775726, "incomeTaxExpense": 1118000000, "netIncome": 2307000000, "netIncomeRatio": 0.2434828496, "eps": 0.44, "epsdiluted": 0.43, "weightedAverageShsOut": 5302000000, "weightedAverageShsOutDil": 5418000000, "link": "", "finalLink": "", "calculatedOtherExpenses": 0, "calculatedOperatingExpenses": 3693000000, "calculatedNetInterest": 0, "calculatedOtherIncome": -15000000, "calculatedIncomeNonControlling": 0, "calculatedEbitda": 3767000000}, {"date": "2002-05-31", "symbol": "ORCL", "reportedCurrency": "USD", "cik": "0001341439", "fillingDate": "2002-05-31", "acceptedDate": "2002-05-30 20:00:00", "calendarYear": "2002", "period": "FY", "revenue": 9673000000, "costOfRevenue": 2406000000, "grossProfit": 7267000000, "grossProfitRatio": 0.7512664117, "researchAndDevelopmentExpenses": 1076000000, "generalAndAdministrativeExpenses": 2620000000, "sellingAndMarketingExpenses": 0, "sellingGeneralAndAdministrativeExpenses": 2620000000, "otherExpenses": 0, "operatingExpenses": 3696000000, "costAndExpenses": 6102000000, "interestIncome": 0, "interestExpense": 0, "depreciationAndAmortization": 363000000, "ebitda": 4243000000, "ebitdaratio": 0.4386436473, "operatingIncome": 3571000000, "operatingIncomeRatio": 0.3691719218, "totalOtherIncomeExpensesNet": -309000000, "incomeBeforeTax": 3408000000, "incomeBeforeTaxRatio": 0.3523208932, "incomeTaxExpense": 1184000000, "netIncome": 2224000000, "netIncomeRatio": 0.2299183294, "eps": 0.4, "epsdiluted": 0.39, "weightedAverageShsOut": 5518000000, "weightedAverageShsOutDil": 5689000000, "link": "", "finalLink": "", "calculatedOtherExpenses": 0, "calculatedOperatingExpenses": 3696000000, "calculatedNetInterest": 0, "calculatedOtherIncome": -163000000, "calculatedIncomeNonControlling": 0, "calculatedEbitda": 3934000000}, {"date": "2001-05-31", "symbol": "ORCL", "reportedCurrency": "USD", "cik": "0001341439", "fillingDate": "2001-05-31", "acceptedDate": "2001-05-30 20:00:00", "calendarYear": "2001", "period": "FY", "revenue": 10859672000, "costOfRevenue": 2796040000, "grossProfit": 8063632000, "grossProfitRatio": 0.742529977, "researchAndDevelopmentExpenses": 1138591000, "generalAndAdministrativeExpenses": 3147950000, "sellingAndMarketingExpenses": 0, "sellingGeneralAndAdministrativeExpenses": 3147950000, "otherExpenses": 0, "operatingExpenses": 4286541000, "costAndExpenses": 7082581000, "interestIncome": 0, "interestExpense": 0, "depreciationAndAmortization": 346896000, "ebitda": 4195332000, "ebitdaratio": 0.3863221652, "operatingIncome": 3777091000, "operatingIncomeRatio": 0.3478089393, "totalOtherIncomeExpensesNet": -71345000, "incomeBeforeTax": 3971230000, "incomeBeforeTaxRatio": 0.3656859986, "incomeTaxExpense": 1410134000, "netIncome": 2561096000, "netIncomeRatio": 0.2358354838, "eps": 0.46, "epsdiluted": 0.44, "weightedAverageShsOut": 5597000000, "weightedAverageShsOutDil": 5865000000, "link": "", "finalLink": "", "calculatedOtherExpenses": 0, "calculatedOperatingExpenses": 4286541000, "calculatedNetInterest": 0, "calculatedOtherIncome": 194139000, "calculatedIncomeNonControlling": 0, "calculatedEbitda": 4123987000}, {"date": "2000-05-31", "symbol": "ORCL", "reportedCurrency": "USD", "cik": "0001341439", "fillingDate": "2000-05-31", "acceptedDate": "2000-05-30 20:00:00", "calendarYear": "2000", "period": "FY", "revenue": 10130128000, "costOfRevenue": 2942679000, "grossProfit": 7187449000, "grossProfitRatio": 0.7095121602, "researchAndDevelopmentExpenses": 1009882000, "generalAndAdministrativeExpenses": 3097407000, "sellingAndMarketingExpenses": 0, "sellingGeneralAndAdministrativeExpenses": 3097407000, "otherExpenses": 0, "operatingExpenses": 4107289000, "costAndExpenses": 7049968000, "interestIncome": 0, "interestExpense": 0, "depreciationAndAmortization": 390925000, "ebitda": -3449179000, "ebitdaratio": -0.3404872081, "operatingIncome": 3080160000, "operatingIncomeRatio": 0.3040593367, "totalOtherIncomeExpensesNet": 6920264000, "incomeBeforeTax": 10123434000, "incomeBeforeTaxRatio": 0.9993391989, "incomeTaxExpense": 3826631000, "netIncome": 6296803000, "netIncomeRatio": 0.6215916521, "eps": 1.11, "epsdiluted": 1.05, "weightedAverageShsOut": 5679000000, "weightedAverageShsOutDil": 5996000000, "link": "", "finalLink": "", "calculatedOtherExpenses": 0, "calculatedOperatingExpenses": 4107289000, "calculatedNetInterest": 0, "calculatedOtherIncome": 7043274000, "calculatedIncomeNonControlling": 0, "calculatedEbitda": 3471085000}, {"date": "1999-05-31", "symbol": "ORCL", "reportedCurrency": "USD", "cik": "0001341439", "fillingDate": "1999-05-31", "acceptedDate": "1999-05-30 20:00:00", "calendarYear": "1999", "period": "FY", "revenue": 8827252000, "costOfRevenue": 3064148000, "grossProfit": 5763104000, "grossProfitRatio": 0.6528763425, "researchAndDevelopmentExpenses": 841406000, "generalAndAdministrativeExpenses": 3048817000, "sellingAndMarketingExpenses": 0, "sellingGeneralAndAdministrativeExpenses": 3048817000, "otherExpenses": 0, "operatingExpenses": 3890223000, "costAndExpenses": 6954371000, "interestIncome": 0, "interestExpense": 0, "depreciationAndAmortization": 375384000, "ebitda": 2236130000, "ebitdaratio": 0.2533211921, "operatingIncome": 1872881000, "operatingIncomeRatio": 0.2121703334, "totalOtherIncomeExpensesNet": 12135000, "incomeBeforeTax": 1982078000, "incomeBeforeTaxRatio": 0.2245407744, "incomeTaxExpense": 692320000, "netIncome": 1289758000, "netIncomeRatio": 0.1461109301, "eps": 0.23, "epsdiluted": 0.22, "weightedAverageShsOut": 5782352000, "weightedAverageShsOutDil": 5936900000, "link": "", "finalLink": "", "calculatedOtherExpenses": 0, "calculatedOperatingExpenses": 3890223000, "calculatedNetInterest": 0, "calculatedOtherIncome": 109197000, "calculatedIncomeNonControlling": 0, "calculatedEbitda": 2248265000}, {"date": "1998-05-31", "symbol": "ORCL", "reportedCurrency": "USD", "cik": "0001341439", "fillingDate": "1998-05-31", "acceptedDate": "1998-05-30 20:00:00", "calendarYear": "1998", "period": "FY", "revenue": 7143866000, "costOfRevenue": 2273607000, "grossProfit": 4870259000, "grossProfitRatio": 0.681739971, "researchAndDevelopmentExpenses": 719143000, "generalAndAdministrativeExpenses": 2739862000, "sellingAndMarketingExpenses": 0, "sellingGeneralAndAdministrativeExpenses": 2739862000, "otherExpenses": 0, "operatingExpenses": 3459005000, "costAndExpenses": 5732612000, "interestIncome": 0, "interestExpense": 0, "depreciationAndAmortization": 328563000, "ebitda": 1892580000, "ebitdaratio": 0.2649237822, "operatingIncome": 1244200000, "operatingIncomeRatio": 0.1741634012, "totalOtherIncomeExpensesNet": -152763000, "incomeBeforeTax": 1327819000, "incomeBeforeTaxRatio": 0.1858684079, "incomeTaxExpense": 514124000, "netIncome": 813695000, "netIncomeRatio": 0.1139012126, "eps": 0.14, "epsdiluted": 0.14, "weightedAverageShsOut": 5865596000, "weightedAverageShsOutDil": 5998352000, "link": "", "finalLink": "", "calculatedOtherExpenses": 167054000, "calculatedOperatingExpenses": 3626059000, "calculatedNetInterest": 0, "calculatedOtherIncome": 83619000, "calculatedIncomeNonControlling": 0, "calculatedEbitda": 1572763000}, {"date": "1997-05-31", "symbol": "ORCL", "reportedCurrency": "USD", "cik": "0001341439", "fillingDate": "1997-05-31", "acceptedDate": "1997-05-30 20:00:00", "calendarYear": "1997", "period": "FY", "revenue": 5684336000, "costOfRevenue": 1550466000, "grossProfit": 4133870000, "grossProfitRatio": 0.7272388543, "researchAndDevelopmentExpenses": 555476000, "generalAndAdministrativeExpenses": 2278609000, "sellingAndMarketingExpenses": 0, "sellingGeneralAndAdministrativeExpenses": 2278609000, "otherExpenses": 0, "operatingExpenses": 2834085000, "costAndExpenses": 4384551000, "interestIncome": 0, "interestExpense": 0, "depreciationAndAmortization": 264773000, "ebitda": 1621391000, "ebitdaratio": 0.2852384166, "operatingIncome": 1262985000, "operatingIncomeRatio": 0.222186901, "totalOtherIncomeExpensesNet": -56833000, "incomeBeforeTax": 1283527000, "incomeBeforeTaxRatio": 0.2258006916, "incomeTaxExpense": 462070000, "netIncome": 821457000, "netIncomeRatio": 0.1445123934, "eps": 0.14, "epsdiluted": 0.14, "weightedAverageShsOut": 5905184000, "weightedAverageShsOutDil": 6055772000, "link": "", "finalLink": "", "calculatedOtherExpenses": 36800000, "calculatedOperatingExpenses": 2870885000, "calculatedNetInterest": 0, "calculatedOtherIncome": 20542000, "calculatedIncomeNonControlling": 0, "calculatedEbitda": 1527758000}, {"date": "1996-05-31", "symbol": "ORCL", "reportedCurrency": "USD", "cik": "0001341439", "fillingDate": "1996-05-31", "acceptedDate": "1996-05-30 20:00:00", "calendarYear": "1996", "period": "FY", "revenue": 4223300000, "costOfRevenue": 1096013000, "grossProfit": 3127287000, "grossProfitRatio": 0.7404842185, "researchAndDevelopmentExpenses": 389093000, "generalAndAdministrativeExpenses": 1782372000, "sellingAndMarketingExpenses": 0, "sellingGeneralAndAdministrativeExpenses": 1782372000, "otherExpenses": 0, "operatingExpenses": 2171465000, "costAndExpenses": 3267478000, "interestIncome": 0, "interestExpense": 0, "depreciationAndAmortization": 219494000, "ebitda": 1235231000, "ebitdaratio": 0.2924800511, "operatingIncome": 904891000, "operatingIncomeRatio": 0.2142615964, "totalOtherIncomeExpensesNet": -59915000, "incomeBeforeTax": 919510000, "incomeBeforeTaxRatio": 0.2177231075, "incomeTaxExpense": 316231000, "netIncome": 603279000, "netIncomeRatio": 0.1428454053, "eps": 0.11, "epsdiluted": 0.1, "weightedAverageShsOut": 5762100000, "weightedAverageShsOutDil": 5917571000, "link": "", "finalLink": "", "calculatedOtherExpenses": 50931000, "calculatedOperatingExpenses": 2222396000, "calculatedNetInterest": 0, "calculatedOtherIncome": 14619000, "calculatedIncomeNonControlling": 0, "calculatedEbitda": 1124385000}, {"date": "1995-05-31", "symbol": "ORCL", "reportedCurrency": "USD", "cik": "0001341439", "fillingDate": "1995-05-31", "acceptedDate": "1995-05-30 20:00:00", "calendarYear": "1995", "period": "FY", "revenue": 2966900000, "costOfRevenue": 631200000, "grossProfit": 2335700000, "grossProfitRatio": 0.787252688, "researchAndDevelopmentExpenses": 260600000, "generalAndAdministrativeExpenses": 1277500000, "sellingAndMarketingExpenses": 0, "sellingGeneralAndAdministrativeExpenses": 1277500000, "otherExpenses": 147800000, "operatingExpenses": 1685900000, "costAndExpenses": 2317100000, "interestIncome": 0, "interestExpense": 0, "depreciationAndAmortization": 147800000, "ebitda": 781400000, "ebitdaratio": 0.2633725437, "operatingIncome": 649800000, "operatingIncomeRatio": 0.2190164818, "totalOtherIncomeExpensesNet": 16200000, "incomeBeforeTax": 659000000, "incomeBeforeTaxRatio": 0.2221173616, "incomeTaxExpense": 217500000, "netIncome": 441500000, "netIncomeRatio": 0.1488085207, "eps": 0.08, "epsdiluted": 0.08, "weightedAverageShsOut": 6049082000, "weightedAverageShsOutDil": 6049082000, "link": "", "finalLink": "", "calculatedOtherExpenses": 147800000, "calculatedOperatingExpenses": 1685900000, "calculatedNetInterest": 0, "calculatedOtherIncome": 9200000, "calculatedIncomeNonControlling": 0, "calculatedEbitda": 797600000}, {"date": "1994-05-31", "symbol": "ORCL", "reportedCurrency": "USD", "cik": "0001341439", "fillingDate": "1994-05-31", "acceptedDate": "1994-05-30 20:00:00", "calendarYear": "1994", "period": "FY", "revenue": 2001100000, "costOfRevenue": 394600000, "grossProfit": 1606500000, "grossProfitRatio": 0.8028084553, "researchAndDevelopmentExpenses": 197100000, "generalAndAdministrativeExpenses": 884900000, "sellingAndMarketingExpenses": 0, "sellingGeneralAndAdministrativeExpenses": 884900000, "otherExpenses": 104600000, "operatingExpenses": 1186600000, "costAndExpenses": 1581200000, "interestIncome": 0, "interestExpense": 0, "depreciationAndAmortization": 104600000, "ebitda": 514200000, "ebitdaratio": 0.2569586727, "operatingIncome": 419900000, "operatingIncomeRatio": 0.209834591, "totalOtherIncomeExpensesNet": 10300000, "incomeBeforeTax": 423400000, "incomeBeforeTaxRatio": 0.211583629, "incomeTaxExpense": 139700000, "netIncome": 283700000, "netIncomeRatio": 0.1417720254, "eps": 0.05, "epsdiluted": 0.05, "weightedAverageShsOut": 6049109000, "weightedAverageShsOutDil": 6049109000, "link": "", "finalLink": "", "calculatedOtherExpenses": 104600000, "calculatedOperatingExpenses": 1186600000, "calculatedNetInterest": 0, "calculatedOtherIncome": 3500000, "calculatedIncomeNonControlling": 0, "calculatedEbitda": 524500000}, {"date": "1993-05-31", "symbol": "ORCL", "reportedCurrency": "USD", "cik": "0001341439", "fillingDate": "1993-05-31", "acceptedDate": "1993-05-30 20:00:00", "calendarYear": "1993", "period": "FY", "revenue": 1502800000, "costOfRevenue": 243500000, "grossProfit": 1259300000, "grossProfitRatio": 0.8379691243, "researchAndDevelopmentExpenses": 0, "generalAndAdministrativeExpenses": 939100000, "sellingAndMarketingExpenses": 0, "sellingGeneralAndAdministrativeExpenses": 939100000, "otherExpenses": 79200000, "operatingExpenses": 1018300000, "costAndExpenses": 1261800000, "interestIncome": 0, "interestExpense": 0, "depreciationAndAmortization": 79200000, "ebitda": 334200000, "ebitdaratio": 0.2223848816, "operatingIncome": 241000000, "operatingIncomeRatio": 0.1603673143, "totalOtherIncomeExpensesNet": -14000000, "incomeBeforeTax": 218000000, "incomeBeforeTaxRatio": 0.1450625499, "incomeTaxExpense": 76300000, "netIncome": 98200000, "netIncomeRatio": 0.0653446899, "eps": 0.02, "epsdiluted": 0.02, "weightedAverageShsOut": 4910000000, "weightedAverageShsOutDil": 4910000000, "link": "", "finalLink": "", "calculatedOtherExpenses": 79200000, "calculatedOperatingExpenses": 1018300000, "calculatedNetInterest": 0, "calculatedOtherIncome": -23000000, "calculatedIncomeNonControlling": 43500000, "calculatedEbitda": 320200000}, {"date": "1992-05-31", "symbol": "ORCL", "reportedCurrency": "USD", "cik": "0001341439", "fillingDate": "1992-05-31", "acceptedDate": "1992-05-30 20:00:00", "calendarYear": "1992", "period": "FY", "revenue": 1178500000, "costOfRevenue": 215800000, "grossProfit": 962700000, "grossProfitRatio": 0.8168858719, "researchAndDevelopmentExpenses": 0, "generalAndAdministrativeExpenses": 783200000, "sellingAndMarketingExpenses": 0, "sellingGeneralAndAdministrativeExpenses": 783200000, "otherExpenses": 65800000, "operatingExpenses": 849000000, "costAndExpenses": 1064800000, "interestIncome": 0, "interestExpense": 0, "depreciationAndAmortization": 65800000, "ebitda": 178400000, "ebitdaratio": 0.1513788714, "operatingIncome": 113700000, "operatingIncomeRatio": 0.0964785745, "totalOtherIncomeExpensesNet": 1100000, "incomeBeforeTax": 96100000, "incomeBeforeTaxRatio": 0.081544336, "incomeTaxExpense": 34600000, "netIncome": 61500000, "netIncomeRatio": 0.0521849809, "eps": 0.02, "epsdiluted": 0.02, "weightedAverageShsOut": 5654508000, "weightedAverageShsOutDil": 5654508000, "link": "", "finalLink": "", "calculatedOtherExpenses": 65800000, "calculatedOperatingExpenses": 849000000, "calculatedNetInterest": 0, "calculatedOtherIncome": -17600000, "calculatedIncomeNonControlling": 0, "calculatedEbitda": 179500000}, {"date": "1991-05-31", "symbol": "ORCL", "reportedCurrency": "USD", "cik": "0001341439", "fillingDate": "1991-05-31", "acceptedDate": "1991-05-30 20:00:00", "calendarYear": "1991", "period": "FY", "revenue": 1027900000, "costOfRevenue": 195700000, "grossProfit": 832200000, "grossProfitRatio": 0.8096118299, "researchAndDevelopmentExpenses": 0, "generalAndAdministrativeExpenses": 743600000, "sellingAndMarketingExpenses": 0, "sellingGeneralAndAdministrativeExpenses": 743600000, "otherExpenses": 70700000, "operatingExpenses": 814300000, "costAndExpenses": 1010000000, "interestIncome": 0, "interestExpense": 0, "depreciationAndAmortization": 70700000, "ebitda": 119700000, "ebitdaratio": 0.1164510166, "operatingIncome": 17900000, "operatingIncomeRatio": 0.0174141453, "totalOtherIncomeExpensesNet": -31100000, "incomeBeforeTax": -13200000, "incomeBeforeTaxRatio": -0.0128417161, "incomeTaxExpense": -800000, "netIncome": -12400000, "netIncomeRatio": -0.0120634303, "eps": -0.0023, "epsdiluted": -0.0023, "weightedAverageShsOut": 5509008000, "weightedAverageShsOutDil": 5509008000, "link": "", "finalLink": "", "calculatedOtherExpenses": 70700000, "calculatedOperatingExpenses": 814300000, "calculatedNetInterest": 0, "calculatedOtherIncome": -31100000, "calculatedIncomeNonControlling": 0, "calculatedEbitda": 88600000}, {"date": "1990-05-31", "symbol": "ORCL", "reportedCurrency": "USD", "cik": "0001341439", "fillingDate": "1990-05-31", "acceptedDate": "1990-05-30 20:00:00", "calendarYear": "1990", "period": "FY", "revenue": 970800000, "costOfRevenue": 116300000, "grossProfit": 854500000, "grossProfitRatio": 0.8802018953, "researchAndDevelopmentExpenses": 0, "generalAndAdministrativeExpenses": 620600000, "sellingAndMarketingExpenses": 0, "sellingGeneralAndAdministrativeExpenses": 620600000, "otherExpenses": 44100000, "operatingExpenses": 664700000, "costAndExpenses": 781000000, "interestIncome": 0, "interestExpense": 0, "depreciationAndAmortization": 44100000, "ebitda": 238900000, "ebitdaratio": 0.2460857025, "operatingIncome": 189800000, "operatingIncomeRatio": 0.1955088587, "totalOtherIncomeExpensesNet": -5000000, "incomeBeforeTax": 172700000, "incomeBeforeTaxRatio": 0.17789452, "incomeTaxExpense": 55300000, "netIncome": 117400000, "netIncomeRatio": 0.1209311908, "eps": 0.03, "epsdiluted": 0.03, "weightedAverageShsOut": 3913333333, "weightedAverageShsOutDil": 3913333333, "link": "", "finalLink": "", "calculatedOtherExpenses": 44100000, "calculatedOperatingExpenses": 664700000, "calculatedNetInterest": 0, "calculatedOtherIncome": -17100000, "calculatedIncomeNonControlling": 0, "calculatedEbitda": 233900000}, {"date": "1989-05-31", "symbol": "ORCL", "reportedCurrency": "USD", "cik": "0001341439", "fillingDate": "1989-05-31", "acceptedDate": "1989-05-30 20:00:00", "calendarYear": "1989", "period": "FY", "revenue": 583700000, "costOfRevenue": 77800000, "grossProfit": 505900000, "grossProfitRatio": 0.8667123522, "researchAndDevelopmentExpenses": 0, "generalAndAdministrativeExpenses": 359700000, "sellingAndMarketingExpenses": 0, "sellingGeneralAndAdministrativeExpenses": 359700000, "otherExpenses": 23200000, "operatingExpenses": 382900000, "costAndExpenses": 460700000, "interestIncome": 0, "interestExpense": 0, "depreciationAndAmortization": 23200000, "ebitda": 144600000, "ebitdaratio": 0.2477299983, "operatingIncome": 123000000, "operatingIncomeRatio": 0.2107246873, "totalOtherIncomeExpensesNet": 1600000, "incomeBeforeTax": 120300000, "incomeBeforeTaxRatio": 0.2060990235, "incomeTaxExpense": 38500000, "netIncome": 81800000, "netIncomeRatio": 0.1401404831, "eps": 0.02, "epsdiluted": 0.02, "weightedAverageShsOut": 4090000000, "weightedAverageShsOutDil": 4090000000, "link": "", "finalLink": "", "calculatedOtherExpenses": 23200000, "calculatedOperatingExpenses": 382900000, "calculatedNetInterest": 0, "calculatedOtherIncome": -2700000, "calculatedIncomeNonControlling": 0, "calculatedEbitda": 146200000}, {"date": "1988-05-31", "symbol": "ORCL", "reportedCurrency": "USD", "cik": "0001341439", "fillingDate": "1988-05-31", "acceptedDate": "1988-05-30 20:00:00", "calendarYear": "1988", "period": "FY", "revenue": 282100000, "costOfRevenue": 38300000, "grossProfit": 243800000, "grossProfitRatio": 0.8642325417, "researchAndDevelopmentExpenses": 0, "generalAndAdministrativeExpenses": 167000000, "sellingAndMarketingExpenses": 0, "sellingGeneralAndAdministrativeExpenses": 167000000, "otherExpenses": 13000000, "operatingExpenses": 180000000, "costAndExpenses": 218300000, "interestIncome": 0, "interestExpense": 0, "depreciationAndAmortization": 13000000, "ebitda": 74200000, "ebitdaratio": 0.2630272953, "operatingIncome": 63800000, "operatingIncomeRatio": 0.2261609358, "totalOtherIncomeExpensesNet": 2600000, "incomeBeforeTax": 65000000, "incomeBeforeTaxRatio": 0.2304147465, "incomeTaxExpense": 22100000, "netIncome": 42900000, "netIncomeRatio": 0.1520737327, "eps": 0.01, "epsdiluted": 0.01, "weightedAverageShsOut": 4290000000, "weightedAverageShsOutDil": 4290000000, "link": "", "finalLink": "", "calculatedOtherExpenses": 13000000, "calculatedOperatingExpenses": 180000000, "calculatedNetInterest": 0, "calculatedOtherIncome": 1200000, "calculatedIncomeNonControlling": 0, "calculatedEbitda": 76800000}, {"date": "1987-05-31", "symbol": "ORCL", "reportedCurrency": "USD", "cik": "0001341439", "fillingDate": "1987-05-31", "acceptedDate": "1987-05-30 20:00:00", "calendarYear": "1987", "period": "FY", "revenue": 131300000, "costOfRevenue": -5300000, "grossProfit": 136600000, "grossProfitRatio": 1.040365575, "researchAndDevelopmentExpenses": 0, "generalAndAdministrativeExpenses": 102900000, "sellingAndMarketingExpenses": 0, "sellingGeneralAndAdministrativeExpenses": 102900000, "otherExpenses": 5300000, "operatingExpenses": 108200000, "costAndExpenses": 102900000, "interestIncome": 0, "interestExpense": 0, "depreciationAndAmortization": 5300000, "ebitda": 33100000, "ebitdaratio": 0.2520944402, "operatingIncome": 28400000, "operatingIncomeRatio": 0.2162985529, "totalOtherIncomeExpensesNet": 600000, "incomeBeforeTax": 27900000, "incomeBeforeTaxRatio": 0.2124904798, "incomeTaxExpense": 12300000, "netIncome": 15600000, "netIncomeRatio": 0.1188118812, "eps": 0.01, "epsdiluted": 0.01, "weightedAverageShsOut": 4654664000, "weightedAverageShsOutDil": 4654664000, "link": "", "finalLink": "", "calculatedOtherExpenses": 5300000, "calculatedOperatingExpenses": 108200000, "calculatedNetInterest": 0, "calculatedOtherIncome": -500000, "calculatedIncomeNonControlling": 0, "calculatedEbitda": 33700000}, {"date": "1986-05-31", "symbol": "ORCL", "reportedCurrency": "USD", "cik": "0001341439", "fillingDate": "1986-05-31", "acceptedDate": "1986-05-30 20:00:00", "calendarYear": "1986", "period": "FY", "revenue": 55400000, "costOfRevenue": -2000000, "grossProfit": 57400000, "grossProfitRatio": 1.036101083, "researchAndDevelopmentExpenses": 0, "generalAndAdministrativeExpenses": 44500000, "sellingAndMarketingExpenses": 0, "sellingGeneralAndAdministrativeExpenses": 44500000, "otherExpenses": 2000000, "operatingExpenses": 46500000, "costAndExpenses": 44500000, "interestIncome": 0, "interestExpense": 0, "depreciationAndAmortization": 2000000, "ebitda": 12800000, "ebitdaratio": 0.2310469314, "operatingIncome": 10900000, "operatingIncomeRatio": 0.1967509025, "totalOtherIncomeExpensesNet": 100000, "incomeBeforeTax": 10500000, "incomeBeforeTaxRatio": 0.1895306859, "incomeTaxExpense": 4600000, "netIncome": 5900000, "netIncomeRatio": 0.1064981949, "eps": 0.01, "epsdiluted": 0.01, "weightedAverageShsOut": 4264700000, "weightedAverageShsOutDil": 4264700000, "link": "", "finalLink": "", "calculatedOtherExpenses": 2000000, "calculatedOperatingExpenses": 46500000, "calculatedNetInterest": 0, "calculatedOtherIncome": -400000, "calculatedIncomeNonControlling": 0, "calculatedEbitda": 12900000}]}