{"originalCurrency": "USD", "convertedCurrency": "USD", "report": [{"date": "2023-12-31", "symbol": "ORI", "reportedCurrency": "USD", "cik": "0000074260", "fillingDate": "2024-02-28", "acceptedDate": "2024-02-28 15:49:55", "calendarYear": "2023", "period": "FY", "revenue": 7258300000, "costOfRevenue": 45500000, "grossProfit": 7212800000, "grossProfitRatio": 0.9937313145, "researchAndDevelopmentExpenses": 0, "generalAndAdministrativeExpenses": 0, "sellingAndMarketingExpenses": 0, "sellingGeneralAndAdministrativeExpenses": 3832900000, "otherExpenses": -3843800000, "operatingExpenses": 3843800000, "costAndExpenses": -6440300000, "interestIncome": 0, "interestExpense": 70500000, "depreciationAndAmortization": 33000000, "ebitda": 598600000, "ebitdaratio": 0.082471102, "operatingIncome": 598600000, "operatingIncomeRatio": 0.082471102, "totalOtherIncomeExpensesNet": 747400000, "incomeBeforeTax": 747400000, "incomeBeforeTaxRatio": 0.1029717702, "incomeTaxExpense": 148800000, "netIncome": 598600000, "netIncomeRatio": 0.082471102, "eps": 2.12, "epsdiluted": 2.1, "weightedAverageShsOut": 282732526, "weightedAverageShsOutDil": 285471064, "link": "https://www.sec.gov/Archives/edgar/data/74260/000007426024000021/0000074260-24-000021-index.htm", "finalLink": "https://www.sec.gov/Archives/edgar/data/74260/000007426024000021/ori-20231231.htm", "calculatedOtherExpenses": 2781300000, "calculatedOperatingExpenses": 6614200000, "calculatedNetInterest": -70500000, "calculatedOtherIncome": 219300000, "calculatedIncomeNonControlling": 0, "calculatedEbitda": 631600000}, {"date": "2022-12-31", "symbol": "ORI", "reportedCurrency": "USD", "cik": "0000074260", "fillingDate": "2023-02-24", "acceptedDate": "2023-02-24 15:46:38", "calendarYear": "2022", "period": "FY", "revenue": 8083500000, "costOfRevenue": 0, "grossProfit": 8083500000, "grossProfitRatio": 1, "researchAndDevelopmentExpenses": 0, "generalAndAdministrativeExpenses": 0, "sellingAndMarketingExpenses": 0, "sellingGeneralAndAdministrativeExpenses": 4719200000, "otherExpenses": 7226300000, "operatingExpenses": 7226300000, "costAndExpenses": 7226300000, "interestIncome": 66700000, "interestExpense": 66700000, "depreciationAndAmortization": 100000, "ebitda": 924000000, "ebitdaratio": 0.1143069215, "operatingIncome": 923900000, "operatingIncomeRatio": 0.1142945506, "totalOtherIncomeExpensesNet": -66500000, "incomeBeforeTax": 857400000, "incomeBeforeTaxRatio": 0.1060679161, "incomeTaxExpense": 170900000, "netIncome": 686400000, "netIncomeRatio": 0.0849137131, "eps": 2.28, "epsdiluted": 2.26, "weightedAverageShsOut": 301676941, "weightedAverageShsOutDil": 303296612, "link": "https://www.sec.gov/Archives/edgar/data/74260/000007426023000014/0000074260-23-000014-index.htm", "finalLink": "https://www.sec.gov/Archives/edgar/data/74260/000007426023000014/ori-20221231.htm", "calculatedOtherExpenses": 2440400000, "calculatedOperatingExpenses": 7159600000, "calculatedNetInterest": 0, "calculatedOtherIncome": -66500000, "calculatedIncomeNonControlling": 100000, "calculatedEbitda": 924000000}, {"date": "2021-12-31", "symbol": "ORI", "reportedCurrency": "USD", "cik": "0000074260", "fillingDate": "2022-02-28", "acceptedDate": "2022-02-28 16:43:13", "calendarYear": "2021", "period": "FY", "revenue": 9341500000, "costOfRevenue": 0, "grossProfit": 9341500000, "grossProfitRatio": 1, "researchAndDevelopmentExpenses": 0, "generalAndAdministrativeExpenses": 0, "sellingAndMarketingExpenses": 0, "sellingGeneralAndAdministrativeExpenses": 4942300000, "otherExpenses": -12507400000, "operatingExpenses": -7565100000, "costAndExpenses": 7419500000, "interestIncome": 56200000, "interestExpense": 56200000, "depreciationAndAmortization": 27200000, "ebitda": 1776400000, "ebitdaratio": 0.1901621795, "operatingIncome": 1776400000, "operatingIncomeRatio": 0.1901621795, "totalOtherIncomeExpensesNet": 145700000, "incomeBeforeTax": 1922100000, "incomeBeforeTaxRatio": 0.2057592464, "incomeTaxExpense": 387700000, "netIncome": 1534300000, "netIncomeRatio": 0.1642455708, "eps": 5.08, "epsdiluted": 5.05, "weightedAverageShsOut": 301945319, "weightedAverageShsOutDil": 303667669, "link": "https://www.sec.gov/Archives/edgar/data/74260/000007426022000012/0000074260-22-000012-index.htm", "finalLink": "https://www.sec.gov/Archives/edgar/data/74260/000007426022000012/ori-20211231.htm", "calculatedOtherExpenses": 2622800000, "calculatedOperatingExpenses": 7565100000, "calculatedNetInterest": 0, "calculatedOtherIncome": 145700000, "calculatedIncomeNonControlling": 100000, "calculatedEbitda": 1803600000}, {"date": "2020-12-31", "symbol": "ORI", "reportedCurrency": "USD", "cik": "0000074260", "fillingDate": "2021-03-01", "acceptedDate": "2021-02-26 17:32:07", "calendarYear": "2020", "period": "FY", "revenue": 7165940000, "costOfRevenue": 0, "grossProfit": 7165940000, "grossProfitRatio": 1, "researchAndDevelopmentExpenses": 0, "generalAndAdministrativeExpenses": 0, "sellingAndMarketingExpenses": 0, "sellingGeneralAndAdministrativeExpenses": 3942400000, "otherExpenses": -10551240000, "operatingExpenses": -6608840000, "costAndExpenses": 6477500000, "interestIncome": 43700000, "interestExpense": 43700000, "depreciationAndAmortization": 26900000, "ebitda": 557100000, "ebitdaratio": 0.0777427665, "operatingIncome": 557100000, "operatingIncomeRatio": 0.0777427665, "totalOtherIncomeExpensesNet": 131300000, "incomeBeforeTax": 688400000, "incomeBeforeTaxRatio": 0.0960655546, "incomeTaxExpense": 129700000, "netIncome": 558600000, "netIncomeRatio": 0.07795209, "eps": 1.87, "epsdiluted": 1.87, "weightedAverageShsOut": 298407921, "weightedAverageShsOutDil": 298898673, "link": "https://www.sec.gov/Archives/edgar/data/74260/000007426021000021/0000074260-21-000021-index.htm", "finalLink": "https://www.sec.gov/Archives/edgar/data/74260/000007426021000021/ori-20201231.htm", "calculatedOtherExpenses": 2666440000, "calculatedOperatingExpenses": 6608840000, "calculatedNetInterest": 0, "calculatedOtherIncome": 131300000, "calculatedIncomeNonControlling": 100000, "calculatedEbitda": 584000000}, {"date": "2019-12-31", "symbol": "ORI", "reportedCurrency": "USD", "cik": "0000074260", "fillingDate": "2020-02-28", "acceptedDate": "2020-02-28 16:13:29", "calendarYear": "2019", "period": "FY", "revenue": 7213600000, "costOfRevenue": 0, "grossProfit": 7213600000, "grossProfitRatio": 1, "researchAndDevelopmentExpenses": 0, "generalAndAdministrativeExpenses": 0, "sellingAndMarketingExpenses": 0, "sellingGeneralAndAdministrativeExpenses": 3278500000, "otherExpenses": -9302400000, "operatingExpenses": -6023900000, "costAndExpenses": 5891300000, "interestIncome": 40000000, "interestExpense": 40000000, "depreciationAndAmortization": 26800000, "ebitda": 1189700000, "ebitdaratio": 0.1649245869, "operatingIncome": 1189700000, "operatingIncomeRatio": 0.1649245869, "totalOtherIncomeExpensesNet": 132700000, "incomeBeforeTax": 1322400000, "incomeBeforeTaxRatio": 0.1833203948, "incomeTaxExpense": 265900000, "netIncome": 1056400000, "netIncomeRatio": 0.1464456028, "eps": 3.52, "epsdiluted": 3.51, "weightedAverageShsOut": 299885468, "weightedAverageShsOutDil": 301227715, "link": "https://www.sec.gov/Archives/edgar/data/74260/000007426020000024/0000074260-20-000024-index.htm", "finalLink": "https://www.sec.gov/Archives/edgar/data/74260/000007426020000024/ori201910-k.htm", "calculatedOtherExpenses": 2745400000, "calculatedOperatingExpenses": 6023900000, "calculatedNetInterest": 0, "calculatedOtherIncome": 132700000, "calculatedIncomeNonControlling": 100000, "calculatedEbitda": 1216500000}, {"date": "2018-12-31", "symbol": "ORI", "reportedCurrency": "USD", "cik": "0000074260", "fillingDate": "2019-02-28", "acceptedDate": "2019-02-28 17:24:36", "calendarYear": "2018", "period": "FY", "revenue": 6021700000, "costOfRevenue": 0, "grossProfit": 6021700000, "grossProfitRatio": 1, "researchAndDevelopmentExpenses": 0, "generalAndAdministrativeExpenses": 0, "sellingAndMarketingExpenses": 0, "sellingGeneralAndAdministrativeExpenses": 3080600000, "otherExpenses": -8622100000, "operatingExpenses": -5541500000, "costAndExpenses": 5583700000, "interestIncome": 0, "interestExpense": 42200000, "depreciationAndAmortization": 0, "ebitda": 480200000, "ebitdaratio": 0.0797449225, "operatingIncome": 480200000, "operatingIncomeRatio": 0.0797449225, "totalOtherIncomeExpensesNet": 121600000, "incomeBeforeTax": 438100000, "incomeBeforeTaxRatio": 0.0727535414, "incomeTaxExpense": 67500000, "netIncome": 370500000, "netIncomeRatio": 0.0615274756, "eps": 1.26, "epsdiluted": 1.23, "weightedAverageShsOut": 294248871, "weightedAverageShsOutDil": 301016076, "link": "https://www.sec.gov/Archives/edgar/data/74260/000007426019000016/0000074260-19-000016-index.htm", "finalLink": "https://www.sec.gov/Archives/edgar/data/74260/000007426019000016/ori201810-k.htm", "calculatedOtherExpenses": 2460900000, "calculatedOperatingExpenses": 5541500000, "calculatedNetInterest": -42200000, "calculatedOtherIncome": 100000, "calculatedIncomeNonControlling": 100000, "calculatedEbitda": 480200000}, {"date": "2017-12-31", "symbol": "ORI", "reportedCurrency": "USD", "cik": "0000074260", "fillingDate": "2018-02-28", "acceptedDate": "2018-02-28 15:36:32", "calendarYear": "2017", "period": "FY", "revenue": 6262900000, "costOfRevenue": 0, "grossProfit": 6262900000, "grossProfitRatio": 1, "researchAndDevelopmentExpenses": 0, "generalAndAdministrativeExpenses": 0, "sellingAndMarketingExpenses": 0, "sellingGeneralAndAdministrativeExpenses": 2995700000, "otherExpenses": -8470300000, "operatingExpenses": -5474600000, "costAndExpenses": 5537700000, "interestIncome": 0, "interestExpense": 63000000, "depreciationAndAmortization": 0, "ebitda": 788300000, "ebitdaratio": 0.125868208, "operatingIncome": 788300000, "operatingIncomeRatio": 0.125868208, "totalOtherIncomeExpensesNet": 102200000, "incomeBeforeTax": 725400000, "incomeBeforeTaxRatio": 0.1158249373, "incomeTaxExpense": 164800000, "netIncome": 560500000, "netIncomeRatio": 0.0894952817, "eps": 2.14, "epsdiluted": 1.92, "weightedAverageShsOut": 262114533, "weightedAverageShsOutDil": 299387373, "link": "https://www.sec.gov/Archives/edgar/data/74260/000007426018000012/0000074260-18-000012-index.htm", "finalLink": "https://www.sec.gov/Archives/edgar/data/74260/000007426018000012/ori201710-k.htm", "calculatedOtherExpenses": 2478900000, "calculatedOperatingExpenses": 5474600000, "calculatedNetInterest": -63000000, "calculatedOtherIncome": 100000, "calculatedIncomeNonControlling": 100000, "calculatedEbitda": 788300000}, {"date": "2016-12-31", "symbol": "ORI", "reportedCurrency": "USD", "cik": "0000074260", "fillingDate": "2017-02-28", "acceptedDate": "2017-02-28 17:19:09", "calendarYear": "2016", "period": "FY", "revenue": 5900300000, "costOfRevenue": 0, "grossProfit": 5900300000, "grossProfitRatio": 1, "researchAndDevelopmentExpenses": 0, "generalAndAdministrativeExpenses": 0, "sellingAndMarketingExpenses": 0, "sellingGeneralAndAdministrativeExpenses": 2816300000, "otherExpenses": -7980500000, "operatingExpenses": -5164200000, "costAndExpenses": 5214500000, "interestIncome": 0, "interestExpense": 50200000, "depreciationAndAmortization": 0, "ebitda": 736100000, "ebitdaratio": 0.1247563683, "operatingIncome": 736100000, "operatingIncomeRatio": 0.1247563683, "totalOtherIncomeExpensesNet": 107300000, "incomeBeforeTax": 686000000, "incomeBeforeTaxRatio": 0.1162652746, "incomeTaxExpense": 219000000, "netIncome": 466900000, "netIncomeRatio": 0.0791315696, "eps": 1.8, "epsdiluted": 1.62, "weightedAverageShsOut": 259429298, "weightedAverageShsOutDil": 296379251, "link": "https://www.sec.gov/Archives/edgar/data/74260/000007426017000016/0000074260-17-000016-index.htm", "finalLink": "https://www.sec.gov/Archives/edgar/data/74260/000007426017000016/ori201610-k.htm", "calculatedOtherExpenses": 2347900000, "calculatedOperatingExpenses": 5164200000, "calculatedNetInterest": -50200000, "calculatedOtherIncome": 100000, "calculatedIncomeNonControlling": 100000, "calculatedEbitda": 736100000}, {"date": "2015-12-31", "symbol": "ORI", "reportedCurrency": "USD", "cik": "0000074260", "fillingDate": "2016-02-29", "acceptedDate": "2016-02-29 14:30:07", "calendarYear": "2015", "period": "FY", "revenue": 5765900000, "costOfRevenue": 0, "grossProfit": 5765900000, "grossProfitRatio": 1, "researchAndDevelopmentExpenses": 0, "generalAndAdministrativeExpenses": 0, "sellingAndMarketingExpenses": 0, "sellingGeneralAndAdministrativeExpenses": 2633000000, "otherExpenses": -7725300000, "operatingExpenses": -5092300000, "costAndExpenses": 5134300000, "interestIncome": 0, "interestExpense": 41900000, "depreciationAndAmortization": 0, "ebitda": 673600000, "ebitdaratio": 0.1168247802, "operatingIncome": 673600000, "operatingIncomeRatio": 0.1168247802, "totalOtherIncomeExpensesNet": 106700000, "incomeBeforeTax": 631800000, "incomeBeforeTaxRatio": 0.1095752615, "incomeTaxExpense": 209600000, "netIncome": 422100000, "netIncomeRatio": 0.0732062644, "eps": 1.63, "epsdiluted": 1.48, "weightedAverageShsOut": 259502067, "weightedAverageShsOutDil": 296088963, "link": "https://www.sec.gov/Archives/edgar/data/74260/000007426016000082/0000074260-16-000082-index.htm", "finalLink": "https://www.sec.gov/Archives/edgar/data/74260/000007426016000082/ori201510-k.htm", "calculatedOtherExpenses": 2459300000, "calculatedOperatingExpenses": 5092300000, "calculatedNetInterest": -41900000, "calculatedOtherIncome": 100000, "calculatedIncomeNonControlling": 100000, "calculatedEbitda": 673600000}, {"date": "2014-12-31", "symbol": "ORI", "reportedCurrency": "USD", "cik": "0000074260", "fillingDate": "2015-03-02", "acceptedDate": "2015-03-02 10:50:52", "calendarYear": "2014", "period": "FY", "revenue": 5530500000, "costOfRevenue": 0, "grossProfit": 5530500000, "grossProfitRatio": 1, "researchAndDevelopmentExpenses": 0, "generalAndAdministrativeExpenses": 0, "sellingAndMarketingExpenses": 0, "sellingGeneralAndAdministrativeExpenses": 2381000000, "otherExpenses": -7276500000, "operatingExpenses": -4895500000, "costAndExpenses": 4921200000, "interestIncome": 0, "interestExpense": 25600000, "depreciationAndAmortization": 0, "ebitda": 635000000, "ebitdaratio": 0.1148178284, "operatingIncome": 635000000, "operatingIncomeRatio": 0.1148178284, "totalOtherIncomeExpensesNet": 101600000, "incomeBeforeTax": 609400000, "incomeBeforeTaxRatio": 0.1101889522, "incomeTaxExpense": 199700000, "netIncome": 409700000, "netIncomeRatio": 0.0740801013, "eps": 1.58, "epsdiluted": 1.44, "weightedAverageShsOut": 258553662, "weightedAverageShsOutDil": 295073206, "link": "https://www.sec.gov/Archives/edgar/data/74260/000007426015000015/0000074260-15-000015-index.htm", "finalLink": "https://www.sec.gov/Archives/edgar/data/74260/000007426015000015/ori201410-k.htm", "calculatedOtherExpenses": 2514500000, "calculatedOperatingExpenses": 4895500000, "calculatedNetInterest": -25600000, "calculatedOtherIncome": 0, "calculatedIncomeNonControlling": 0, "calculatedEbitda": 635000000}, {"date": "2013-12-31", "symbol": "ORI", "reportedCurrency": "USD", "cik": "0000074260", "fillingDate": "2014-03-03", "acceptedDate": "2014-03-03 11:34:42", "calendarYear": "2013", "period": "FY", "revenue": 5442500000, "costOfRevenue": 0, "grossProfit": 5442500000, "grossProfitRatio": 1, "researchAndDevelopmentExpenses": 0, "generalAndAdministrativeExpenses": 0, "sellingAndMarketingExpenses": 0, "sellingGeneralAndAdministrativeExpenses": 2509700000, "otherExpenses": -7257800000, "operatingExpenses": -4748100000, "costAndExpenses": 4769700000, "interestIncome": 0, "interestExpense": 21600000, "depreciationAndAmortization": 0, "ebitda": 694400000, "ebitdaratio": 0.1275884244, "operatingIncome": 694400000, "operatingIncomeRatio": 0.1275884244, "totalOtherIncomeExpensesNet": 90100000, "incomeBeforeTax": 672900000, "incomeBeforeTaxRatio": 0.123638034, "incomeTaxExpense": 225000000, "netIncome": 447800000, "netIncomeRatio": 0.0822783647, "eps": 1.74, "epsdiluted": 1.52, "weightedAverageShsOut": 257443999, "weightedAverageShsOutDil": 293684035, "link": "https://www.sec.gov/Archives/edgar/data/74260/000007426014000021/0000074260-14-000021-index.htm", "finalLink": "https://www.sec.gov/Archives/edgar/data/74260/000007426014000021/ori201310-k.htm", "calculatedOtherExpenses": 2238400000, "calculatedOperatingExpenses": 4748100000, "calculatedNetInterest": -21600000, "calculatedOtherIncome": 100000, "calculatedIncomeNonControlling": 100000, "calculatedEbitda": 694400000}, {"date": "2012-12-31", "symbol": "ORI", "reportedCurrency": "USD", "cik": "0000074260", "fillingDate": "2013-03-01", "acceptedDate": "2013-03-01 15:18:50", "calendarYear": "2012", "period": "FY", "revenue": 4969800000, "costOfRevenue": 0, "grossProfit": 4969800000, "grossProfitRatio": 1, "researchAndDevelopmentExpenses": 0, "generalAndAdministrativeExpenses": 0, "sellingAndMarketingExpenses": 0, "sellingGeneralAndAdministrativeExpenses": 2333300000, "otherExpenses": -7395300000, "operatingExpenses": -5062000000, "costAndExpenses": 5098700000, "interestIncome": 0, "interestExpense": 36200000, "depreciationAndAmortization": 0, "ebitda": -92200000, "ebitdaratio": -0.0185520544, "operatingIncome": -92200000, "operatingIncomeRatio": -0.0185520544, "totalOtherIncomeExpensesNet": 114500000, "incomeBeforeTax": -128500000, "incomeBeforeTaxRatio": -0.0258561713, "incomeTaxExpense": -59800000, "netIncome": -68600000, "netIncomeRatio": -0.0138033724, "eps": -0.27, "epsdiluted": -0.27, "weightedAverageShsOut": 255812888, "weightedAverageShsOutDil": 256392462, "link": "https://www.sec.gov/Archives/edgar/data/74260/000007426013000015/0000074260-13-000015-index.htm", "finalLink": "https://www.sec.gov/Archives/edgar/data/74260/000007426013000015/ori201210-k.htm", "calculatedOtherExpenses": 2728700000, "calculatedOperatingExpenses": 5062000000, "calculatedNetInterest": -36200000, "calculatedOtherIncome": -100000, "calculatedIncomeNonControlling": -100000, "calculatedEbitda": -92200000}, {"date": "2011-12-31", "symbol": "ORI", "reportedCurrency": "USD", "cik": "0000074260", "fillingDate": "2012-02-29", "acceptedDate": "2012-02-29 17:19:55", "calendarYear": "2011", "period": "FY", "revenue": 4645500000, "costOfRevenue": 0, "grossProfit": 4645500000, "grossProfitRatio": 1, "researchAndDevelopmentExpenses": 0, "generalAndAdministrativeExpenses": 2135900000, "sellingAndMarketingExpenses": 0, "sellingGeneralAndAdministrativeExpenses": 2135900000, "otherExpenses": -6954700000, "operatingExpenses": -4818800000, "costAndExpenses": 4882200000, "interestIncome": 0, "interestExpense": 63400000, "depreciationAndAmortization": 0, "ebitda": -173300000, "ebitdaratio": -0.0373049187, "operatingIncome": -173300000, "operatingIncomeRatio": -0.0373049187, "totalOtherIncomeExpensesNet": 115300000, "incomeBeforeTax": -236700000, "incomeBeforeTaxRatio": -0.0509525347, "incomeTaxExpense": -96100000, "netIncome": -140500000, "netIncomeRatio": -0.0302443225, "eps": -0.55, "epsdiluted": -0.55, "weightedAverageShsOut": 255045210, "weightedAverageShsOutDil": 255045210, "link": "https://www.sec.gov/Archives/edgar/data/74260/000007426012000018/0000074260-12-000018-index.htm", "finalLink": "https://www.sec.gov/Archives/edgar/data/74260/000007426012000018/ori201110-k.htm", "calculatedOtherExpenses": 2682900000, "calculatedOperatingExpenses": 4818800000, "calculatedNetInterest": -63400000, "calculatedOtherIncome": 0, "calculatedIncomeNonControlling": -100000, "calculatedEbitda": -173300000}, {"date": "2010-12-31", "symbol": "ORI", "reportedCurrency": "USD", "cik": "0000074260", "fillingDate": "2011-02-28", "acceptedDate": "2011-02-28 14:34:59", "calendarYear": "2010", "period": "FY", "revenue": 4102700000, "costOfRevenue": 0, "grossProfit": 4102700000, "grossProfitRatio": 1, "researchAndDevelopmentExpenses": 0, "generalAndAdministrativeExpenses": 1809700000, "sellingAndMarketingExpenses": 0, "sellingGeneralAndAdministrativeExpenses": 1809700000, "otherExpenses": -5852800000, "operatingExpenses": -4043100000, "costAndExpenses": 4075100000, "interestIncome": 0, "interestExpense": 32000000, "depreciationAndAmortization": 0, "ebitda": 59600000, "ebitdaratio": 0.0145270188, "operatingIncome": 59600000, "operatingIncomeRatio": 0.0145270188, "totalOtherIncomeExpensesNet": 41100000, "incomeBeforeTax": 27600000, "incomeBeforeTaxRatio": 0.0067272772, "incomeTaxExpense": -2500000, "netIncome": 30100000, "netIncomeRatio": 0.007336632, "eps": 0.13, "epsdiluted": 0.13, "weightedAverageShsOut": 241075488, "weightedAverageShsOutDil": 241327073, "link": "https://www.sec.gov/Archives/edgar/data/74260/000007426011000019/0000074260-11-000019-index.htm", "finalLink": "https://www.sec.gov/Archives/edgar/data/74260/000007426011000019/form10k.htm", "calculatedOtherExpenses": 2233400000, "calculatedOperatingExpenses": 4043100000, "calculatedNetInterest": -32000000, "calculatedOtherIncome": 0, "calculatedIncomeNonControlling": 0, "calculatedEbitda": 59600000}, {"date": "2009-12-31", "symbol": "ORI", "reportedCurrency": "USD", "cik": "0000074260", "fillingDate": "2010-03-01", "acceptedDate": "2010-02-26 17:53:33", "calendarYear": "2009", "period": "FY", "revenue": 3803600000, "costOfRevenue": 0, "grossProfit": 3803600000, "grossProfitRatio": 1, "researchAndDevelopmentExpenses": 0, "generalAndAdministrativeExpenses": 1478300000, "sellingAndMarketingExpenses": 0, "sellingGeneralAndAdministrativeExpenses": 1478300000, "otherExpenses": -5531200000, "operatingExpenses": -4052900000, "costAndExpenses": 4077200000, "interestIncome": 0, "interestExpense": 24200000, "depreciationAndAmortization": 0, "ebitda": -249300000, "ebitdaratio": -0.0655431696, "operatingIncome": -249300000, "operatingIncomeRatio": -0.0655431696, "totalOtherIncomeExpensesNet": 24900000, "incomeBeforeTax": -273600000, "incomeBeforeTaxRatio": -0.071931854, "incomeTaxExpense": -174400000, "netIncome": -99100000, "netIncomeRatio": -0.0260542644, "eps": -0.42, "epsdiluted": -0.42, "weightedAverageShsOut": 235657425, "weightedAverageShsOutDil": 235657425, "link": "https://www.sec.gov/Archives/edgar/data/74260/000007426010000018/0000074260-10-000018-index.htm", "finalLink": "https://www.sec.gov/Archives/edgar/data/74260/000007426010000018/f10k.htm", "calculatedOtherExpenses": 2574600000, "calculatedOperatingExpenses": 4052900000, "calculatedNetInterest": -24200000, "calculatedOtherIncome": -100000, "calculatedIncomeNonControlling": -100000, "calculatedEbitda": -249300000}, {"date": "2008-12-31", "symbol": "ORI", "reportedCurrency": "USD", "cik": "0000074260", "fillingDate": "2009-02-27", "acceptedDate": "2009-02-27 17:13:03", "calendarYear": "2008", "period": "FY", "revenue": 3237700000, "costOfRevenue": 0, "grossProfit": 3237700000, "grossProfitRatio": 1, "researchAndDevelopmentExpenses": 0, "generalAndAdministrativeExpenses": 0, "sellingAndMarketingExpenses": 0, "sellingGeneralAndAdministrativeExpenses": 0, "otherExpenses": -4054100000, "operatingExpenses": -4054100000, "costAndExpenses": 4056900000, "interestIncome": 0, "interestExpense": 2700000, "depreciationAndAmortization": 0, "ebitda": -816400000, "ebitdaratio": -0.2521543071, "operatingIncome": -816400000, "operatingIncomeRatio": -0.2521543071, "totalOtherIncomeExpensesNet": 28700000, "incomeBeforeTax": -819200000, "incomeBeforeTaxRatio": -0.2530191185, "incomeTaxExpense": -260800000, "netIncome": -558300000, "netIncomeRatio": -0.172437224, "eps": -2.41, "epsdiluted": -2.41, "weightedAverageShsOut": 231484083, "weightedAverageShsOutDil": 231484083, "link": "https://www.sec.gov/Archives/edgar/data/74260/000007426009000019/0000074260-09-000019-index.htm", "finalLink": "https://www.sec.gov/Archives/edgar/data/74260/000007426009000019/form10k.htm", "calculatedOtherExpenses": 4054100000, "calculatedOperatingExpenses": 4054100000, "calculatedNetInterest": -2700000, "calculatedOtherIncome": -100000, "calculatedIncomeNonControlling": -100000, "calculatedEbitda": -816400000}, {"date": "2007-12-31", "symbol": "ORI", "reportedCurrency": "USD", "cik": "0000074260", "fillingDate": "2008-02-26", "acceptedDate": "2008-02-25 18:15:54", "calendarYear": "2007", "period": "FY", "revenue": 4091000000, "costOfRevenue": 0, "grossProfit": 4091000000, "grossProfitRatio": 1, "researchAndDevelopmentExpenses": 0, "generalAndAdministrativeExpenses": 0, "sellingAndMarketingExpenses": 0, "sellingGeneralAndAdministrativeExpenses": 0, "otherExpenses": -3705400000, "operatingExpenses": -3705400000, "costAndExpenses": 3712600000, "interestIncome": 0, "interestExpense": 7300000, "depreciationAndAmortization": 0, "ebitda": 385600000, "ebitdaratio": 0.0942556832, "operatingIncome": 385600000, "operatingIncomeRatio": 0.0942556832, "totalOtherIncomeExpensesNet": 251800000, "incomeBeforeTax": 378400000, "incomeBeforeTaxRatio": 0.0924957223, "incomeTaxExpense": 105900000, "netIncome": 272400000, "netIncomeRatio": 0.066585187, "eps": 1.18, "epsdiluted": 1.17, "weightedAverageShsOut": 231370242, "weightedAverageShsOutDil": 232912728, "link": "https://www.sec.gov/Archives/edgar/data/74260/000007426008000019/0000074260-08-000019-index.htm", "finalLink": "https://www.sec.gov/Archives/edgar/data/74260/000007426008000019/form10k.htm", "calculatedOtherExpenses": 3705400000, "calculatedOperatingExpenses": 3705400000, "calculatedNetInterest": -7300000, "calculatedOtherIncome": 100000, "calculatedIncomeNonControlling": 100000, "calculatedEbitda": 385600000}, {"date": "2006-12-31", "symbol": "ORI", "reportedCurrency": "USD", "cik": "0000074260", "fillingDate": "2007-03-01", "acceptedDate": "2007-02-28 19:34:44", "calendarYear": "2006", "period": "FY", "revenue": 3794200000, "costOfRevenue": 0, "grossProfit": 3794200000, "grossProfitRatio": 1, "researchAndDevelopmentExpenses": 0, "generalAndAdministrativeExpenses": 0, "sellingAndMarketingExpenses": 0, "sellingGeneralAndAdministrativeExpenses": 0, "otherExpenses": -3104300000, "operatingExpenses": -3104300000, "costAndExpenses": 3114100000, "interestIncome": 0, "interestExpense": 9900000, "depreciationAndAmortization": 0, "ebitda": 689900000, "ebitdaratio": 0.1818301618, "operatingIncome": 689900000, "operatingIncomeRatio": 0.1818301618, "totalOtherIncomeExpensesNet": 279500000, "incomeBeforeTax": 680100000, "incomeBeforeTaxRatio": 0.1792472722, "incomeTaxExpense": 215200000, "netIncome": 464800000, "netIncomeRatio": 0.1225027674, "eps": 2.01, "epsdiluted": 1.99, "weightedAverageShsOut": 231017947, "weightedAverageShsOutDil": 233034986, "link": "https://www.sec.gov/Archives/edgar/data/74260/000007426007000021/0000074260-07-000021-index.htm", "finalLink": "https://www.sec.gov/Archives/edgar/data/74260/000007426007000021/form10k_2006.htm", "calculatedOtherExpenses": 3104300000, "calculatedOperatingExpenses": 3104300000, "calculatedNetInterest": -9900000, "calculatedOtherIncome": 100000, "calculatedIncomeNonControlling": 100000, "calculatedEbitda": 689900000}, {"date": "2005-12-31", "symbol": "ORI", "reportedCurrency": "USD", "cik": "0000074260", "fillingDate": "2006-03-01", "acceptedDate": "2006-03-01 16:42:49", "calendarYear": "2005", "period": "FY", "revenue": 3805900000, "costOfRevenue": 0, "grossProfit": 3805900000, "grossProfitRatio": 1, "researchAndDevelopmentExpenses": 0, "generalAndAdministrativeExpenses": 0, "sellingAndMarketingExpenses": 0, "sellingGeneralAndAdministrativeExpenses": 0, "otherExpenses": -3049100000, "operatingExpenses": -3049100000, "costAndExpenses": 3058600000, "interestIncome": 0, "interestExpense": 9500000, "depreciationAndAmortization": 0, "ebitda": 756800000, "ebitdaratio": 0.1988491553, "operatingIncome": 756800000, "operatingIncomeRatio": 0.1988491553, "totalOtherIncomeExpensesNet": 368600000, "incomeBeforeTax": 747300000, "incomeBeforeTaxRatio": 0.1963530308, "incomeTaxExpense": 195900000, "netIncome": 551400000, "netIncomeRatio": 0.1448803174, "eps": 2.4, "epsdiluted": 2.37, "weightedAverageShsOut": 229487273, "weightedAverageShsOutDil": 232108491, "link": "https://www.sec.gov/Archives/edgar/data/74260/000007426006000016/0000074260-06-000016-index.htm", "finalLink": "https://www.sec.gov/Archives/edgar/data/74260/000007426006000016/f10k2005.txt", "calculatedOtherExpenses": 3049100000, "calculatedOperatingExpenses": 3049100000, "calculatedNetInterest": -9500000, "calculatedOtherIncome": 0, "calculatedIncomeNonControlling": 0, "calculatedEbitda": 756800000}, {"date": "2004-12-31", "symbol": "ORI", "reportedCurrency": "USD", "cik": "0000074260", "fillingDate": "2005-03-16", "acceptedDate": "2005-03-16 11:49:19", "calendarYear": "2004", "period": "FY", "revenue": 3491600000, "costOfRevenue": 0, "grossProfit": 3491600000, "grossProfitRatio": 1, "researchAndDevelopmentExpenses": 0, "generalAndAdministrativeExpenses": 0, "sellingAndMarketingExpenses": 0, "sellingGeneralAndAdministrativeExpenses": 0, "otherExpenses": -2831800000, "operatingExpenses": -2831800000, "costAndExpenses": 2840700000, "interestIncome": 0, "interestExpense": 8900000, "depreciationAndAmortization": 0, "ebitda": 659800000, "ebitdaratio": 0.1889678085, "operatingIncome": 659800000, "operatingIncomeRatio": 0.1889678085, "totalOtherIncomeExpensesNet": 348100000, "incomeBeforeTax": 650900000, "incomeBeforeTaxRatio": 0.1864188338, "incomeTaxExpense": 215900000, "netIncome": 435000000, "netIncomeRatio": 0.1245847176, "eps": 1.91, "epsdiluted": 1.89, "weightedAverageShsOut": 228177278, "weightedAverageShsOutDil": 230759540, "link": "https://www.sec.gov/Archives/edgar/data/74260/000007426005000028/0000074260-05-000028-index.htm", "finalLink": "https://www.sec.gov/Archives/edgar/data/74260/000007426005000028/pf10k.txt", "calculatedOtherExpenses": 2831800000, "calculatedOperatingExpenses": 2831800000, "calculatedNetInterest": -8900000, "calculatedOtherIncome": 0, "calculatedIncomeNonControlling": 0, "calculatedEbitda": 659800000}, {"date": "2003-12-31", "symbol": "ORI", "reportedCurrency": "USD", "cik": "0000074260", "fillingDate": "2004-03-11", "acceptedDate": "2004-03-11 17:08:01", "calendarYear": "2003", "period": "FY", "revenue": 3285800000, "costOfRevenue": 0, "grossProfit": 3285800000, "grossProfitRatio": 1, "researchAndDevelopmentExpenses": 0, "generalAndAdministrativeExpenses": 0, "sellingAndMarketingExpenses": 0, "sellingGeneralAndAdministrativeExpenses": 0, "otherExpenses": -2598200000, "operatingExpenses": -2598200000, "costAndExpenses": 2605800000, "interestIncome": 0, "interestExpense": 7900000, "depreciationAndAmortization": 0, "ebitda": 687600000, "ebitdaratio": 0.2092641062, "operatingIncome": 687600000, "operatingIncomeRatio": 0.2092641062, "totalOtherIncomeExpensesNet": 405200000, "incomeBeforeTax": 680000000, "incomeBeforeTaxRatio": 0.206951123, "incomeTaxExpense": 219900000, "netIncome": 459800000, "netIncomeRatio": 0.1399354799, "eps": 2.02, "epsdiluted": 2.01, "weightedAverageShsOut": 226936000, "weightedAverageShsOutDil": 229128000, "link": "https://www.sec.gov/Archives/edgar/data/74260/000007426004000019/0000074260-04-000019-index.htm", "finalLink": "https://www.sec.gov/Archives/edgar/data/74260/000007426004000019/f10k2003.txt", "calculatedOtherExpenses": 2598200000, "calculatedOperatingExpenses": 2598200000, "calculatedNetInterest": -7900000, "calculatedOtherIncome": 300000, "calculatedIncomeNonControlling": 300000, "calculatedEbitda": 687600000}, {"date": "2002-12-31", "symbol": "ORI", "reportedCurrency": "USD", "cik": "0000074260", "fillingDate": "2003-03-26", "acceptedDate": "2003-03-25 17:57:31", "calendarYear": "2002", "period": "FY", "revenue": 2756400000, "costOfRevenue": 0, "grossProfit": 2756400000, "grossProfitRatio": 1, "researchAndDevelopmentExpenses": 0, "generalAndAdministrativeExpenses": 0, "sellingAndMarketingExpenses": 0, "sellingGeneralAndAdministrativeExpenses": 0, "otherExpenses": -2522600000, "operatingExpenses": -2522600000, "costAndExpenses": 2195500000, "interestIncome": 0, "interestExpense": 8500000, "depreciationAndAmortization": 0, "ebitda": 233800000, "ebitdaratio": 0.0848207807, "operatingIncome": 233800000, "operatingIncomeRatio": 0.0848207807, "totalOtherIncomeExpensesNet": 334500000, "incomeBeforeTax": 560900000, "incomeBeforeTaxRatio": 0.2034900595, "incomeTaxExpense": -167600000, "netIncome": 392900000, "netIncomeRatio": 0.1425409955, "eps": 1.74, "epsdiluted": 1.73, "weightedAverageShsOut": 226122000, "weightedAverageShsOutDil": 227109827, "link": "https://www.sec.gov/Archives/edgar/data/74260/000007426003000007/0000074260-03-000007-index.htm", "finalLink": "https://www.sec.gov/Archives/edgar/data/74260/000007426003000007/af10k.txt", "calculatedOtherExpenses": 2522600000, "calculatedOperatingExpenses": 2522600000, "calculatedNetInterest": -8500000, "calculatedOtherIncome": 335600000, "calculatedIncomeNonControlling": 335600000, "calculatedEbitda": 233800000}, {"date": "2001-12-31", "symbol": "ORI", "reportedCurrency": "USD", "cik": "0000074260", "fillingDate": "2002-03-28", "acceptedDate": "2002-03-28 00:00:00", "calendarYear": "2001", "period": "FY", "revenue": 2373400000, "costOfRevenue": 0, "grossProfit": 2373400000, "grossProfitRatio": 1, "researchAndDevelopmentExpenses": 0, "generalAndAdministrativeExpenses": 0, "sellingAndMarketingExpenses": 0, "sellingGeneralAndAdministrativeExpenses": 0, "otherExpenses": -2167200000, "operatingExpenses": -2167200000, "costAndExpenses": 1869500000, "interestIncome": 0, "interestExpense": 18900000, "depreciationAndAmortization": 0, "ebitda": 206200000, "ebitdaratio": 0.086879582, "operatingIncome": 206200000, "operatingIncomeRatio": 0.086879582, "totalOtherIncomeExpensesNet": 282200000, "incomeBeforeTax": 503900000, "incomeBeforeTaxRatio": 0.2123114519, "incomeTaxExpense": -159600000, "netIncome": 346900000, "netIncomeRatio": 0.1461616247, "eps": 1.56, "epsdiluted": 1.54, "weightedAverageShsOut": 223045333, "weightedAverageShsOutDil": 225614823, "link": "https://www.sec.gov/Archives/edgar/data/74260/000007426002000012/0000074260-02-000012-index.htm", "finalLink": "https://www.sec.gov/Archives/edgar/data/74260/000007426002000012/form10k.txt", "calculatedOtherExpenses": 2167200000, "calculatedOperatingExpenses": 2167200000, "calculatedNetInterest": -18900000, "calculatedOtherIncome": 316600000, "calculatedIncomeNonControlling": 316600000, "calculatedEbitda": 206200000}, {"date": "2000-12-31", "symbol": "ORI", "reportedCurrency": "USD", "cik": "0000074260", "fillingDate": "2001-03-28", "acceptedDate": "2001-03-28 00:00:00", "calendarYear": "2000", "period": "FY", "revenue": 2070600000, "costOfRevenue": 0, "grossProfit": 2070600000, "grossProfitRatio": 1, "researchAndDevelopmentExpenses": 0, "generalAndAdministrativeExpenses": 0, "sellingAndMarketingExpenses": 0, "sellingGeneralAndAdministrativeExpenses": 0, "otherExpenses": -1620900000, "operatingExpenses": -1620900000, "costAndExpenses": 1644200000, "interestIncome": 0, "interestExpense": 21200000, "depreciationAndAmortization": 0, "ebitda": 449700000, "ebitdaratio": 0.2171834251, "operatingIncome": 449700000, "operatingIncomeRatio": 0.2171834251, "totalOtherIncomeExpensesNet": 212800000, "incomeBeforeTax": 426400000, "incomeBeforeTaxRatio": 0.2059306481, "incomeTaxExpense": 131000000, "netIncome": 297500000, "netIncomeRatio": 0.1436781609, "eps": 1.33, "epsdiluted": 1.32, "weightedAverageShsOut": 223722015, "weightedAverageShsOutDil": 225369457, "link": "https://www.sec.gov/Archives/edgar/data/74260/000007426001000006/0000074260-01-000006-index.htm", "finalLink": "https://www.sec.gov/Archives/edgar/data/74260/000007426001000006/0000074260-01-000006-0001.txt", "calculatedOtherExpenses": 1620900000, "calculatedOperatingExpenses": 1620900000, "calculatedNetInterest": -21200000, "calculatedOtherIncome": -2100000, "calculatedIncomeNonControlling": -2100000, "calculatedEbitda": 449700000}, {"date": "1999-12-31", "symbol": "ORI", "reportedCurrency": "USD", "cik": "0000074260", "fillingDate": "2000-03-23", "acceptedDate": "2000-03-23 00:00:00", "calendarYear": "1999", "period": "FY", "revenue": 2102100000, "costOfRevenue": 0, "grossProfit": 2102100000, "grossProfitRatio": 1, "researchAndDevelopmentExpenses": 0, "generalAndAdministrativeExpenses": 0, "sellingAndMarketingExpenses": 0, "sellingGeneralAndAdministrativeExpenses": 0, "otherExpenses": -1767900000, "operatingExpenses": -1767900000, "costAndExpenses": 1785100000, "interestIncome": 0, "interestExpense": 14500000, "depreciationAndAmortization": 0, "ebitda": 334200000, "ebitdaratio": 0.1589838733, "operatingIncome": 334200000, "operatingIncomeRatio": 0.1589838733, "totalOtherIncomeExpensesNet": 242200000, "incomeBeforeTax": 317000000, "incomeBeforeTaxRatio": 0.1508015794, "incomeTaxExpense": 92900000, "netIncome": 226800000, "netIncomeRatio": 0.1078921079, "eps": 0.94, "epsdiluted": 0.93, "weightedAverageShsOut": 241797577, "weightedAverageShsOutDil": 243350570, "link": "https://www.sec.gov/Archives/edgar/data/74260/000007426000000006/0000074260-00-000006-index.htm", "finalLink": "https://www.sec.gov/Archives/edgar/data/74260/000007426000000006/", "calculatedOtherExpenses": 1767900000, "calculatedOperatingExpenses": 1767900000, "calculatedNetInterest": -14500000, "calculatedOtherIncome": -2700000, "calculatedIncomeNonControlling": -2700000, "calculatedEbitda": 334200000}, {"date": "1998-12-31", "symbol": "ORI", "reportedCurrency": "USD", "cik": "0000074260", "fillingDate": "1999-03-25", "acceptedDate": "1999-03-25 00:00:00", "calendarYear": "1998", "period": "FY", "revenue": 2171700000, "costOfRevenue": 0, "grossProfit": 2171700000, "grossProfitRatio": 1, "researchAndDevelopmentExpenses": 0, "generalAndAdministrativeExpenses": 0, "sellingAndMarketingExpenses": 0, "sellingGeneralAndAdministrativeExpenses": 0, "otherExpenses": -1687800000, "operatingExpenses": -1687800000, "costAndExpenses": 1705000000, "interestIncome": 0, "interestExpense": 14300000, "depreciationAndAmortization": 0, "ebitda": 483900000, "ebitdaratio": 0.2228208316, "operatingIncome": 483900000, "operatingIncomeRatio": 0.2228208316, "totalOtherIncomeExpensesNet": 277500000, "incomeBeforeTax": 466700000, "incomeBeforeTaxRatio": 0.214900769, "incomeTaxExpense": 145900000, "netIncome": 323700000, "netIncomeRatio": 0.1490537367, "eps": 1.25, "epsdiluted": 1.24, "weightedAverageShsOut": 257527072, "weightedAverageShsOutDil": 260906947, "link": "https://www.sec.gov/Archives/edgar/data/74260/000007426099000005/0000074260-99-000005-index.html", "finalLink": "https://www.sec.gov/Archives/edgar/data/74260/", "calculatedOtherExpenses": 1687800000, "calculatedOperatingExpenses": 1687800000, "calculatedNetInterest": -14300000, "calculatedOtherIncome": -2900000, "calculatedIncomeNonControlling": -2900000, "calculatedEbitda": 483900000}, {"date": "1997-12-31", "symbol": "ORI", "reportedCurrency": "USD", "cik": "0000074260", "fillingDate": "1998-03-27", "acceptedDate": "1998-03-27 00:00:00", "calendarYear": "1997", "period": "FY", "revenue": 1962800000, "costOfRevenue": 0, "grossProfit": 1962800000, "grossProfitRatio": 1, "researchAndDevelopmentExpenses": 0, "generalAndAdministrativeExpenses": 0, "sellingAndMarketingExpenses": 0, "sellingGeneralAndAdministrativeExpenses": 0, "otherExpenses": -1522200000, "operatingExpenses": -1522200000, "costAndExpenses": 1536100000, "interestIncome": 0, "interestExpense": 13400000, "depreciationAndAmortization": 0, "ebitda": 440600000, "ebitdaratio": 0.2244752395, "operatingIncome": 440600000, "operatingIncomeRatio": 0.2244752395, "totalOtherIncomeExpensesNet": 201100000, "incomeBeforeTax": 426700000, "incomeBeforeTaxRatio": 0.2173935195, "incomeTaxExpense": 129100000, "netIncome": 298100000, "netIncomeRatio": 0.1518748726, "eps": 1.18, "epsdiluted": 1.12, "weightedAverageShsOut": 250212731, "weightedAverageShsOutDil": 264510602, "link": "https://www.sec.gov/Archives/edgar/data/74260/000007426098000007/0000074260-98-000007-index.html", "finalLink": "https://www.sec.gov/Archives/edgar/data/74260/", "calculatedOtherExpenses": 1522200000, "calculatedOperatingExpenses": 1522200000, "calculatedNetInterest": -13400000, "calculatedOtherIncome": -500000, "calculatedIncomeNonControlling": -500000, "calculatedEbitda": 440600000}, {"date": "1996-12-31", "symbol": "ORI", "reportedCurrency": "USD", "cik": "0000074260", "fillingDate": "1997-03-27", "acceptedDate": "1997-03-27 00:00:00", "calendarYear": "1996", "period": "FY", "revenue": 1803900000, "costOfRevenue": 0, "grossProfit": 1803900000, "grossProfitRatio": 1, "researchAndDevelopmentExpenses": 0, "generalAndAdministrativeExpenses": 0, "sellingAndMarketingExpenses": 0, "sellingGeneralAndAdministrativeExpenses": 0, "otherExpenses": -1449100000, "operatingExpenses": -1449100000, "costAndExpenses": 1461500000, "interestIncome": 0, "interestExpense": 16000000, "depreciationAndAmortization": 0, "ebitda": 354800000, "ebitdaratio": 0.1966849604, "operatingIncome": 354800000, "operatingIncomeRatio": 0.1966849604, "totalOtherIncomeExpensesNet": 167900000, "incomeBeforeTax": 342400000, "incomeBeforeTaxRatio": 0.1898109651, "incomeTaxExpense": 108500000, "netIncome": 230300000, "netIncomeRatio": 0.1276678308, "eps": 0.86, "epsdiluted": 0.85, "weightedAverageShsOut": 263321367, "weightedAverageShsOutDil": 266688368, "link": "https://www.sec.gov/Archives/edgar/data/74260/000007426097000003/0000074260-97-000003-index.html", "finalLink": "https://www.sec.gov/Archives/edgar/data/74260/", "calculatedOtherExpenses": 1449100000, "calculatedOperatingExpenses": 1449100000, "calculatedNetInterest": -16000000, "calculatedOtherIncome": 3600000, "calculatedIncomeNonControlling": 3600000, "calculatedEbitda": 354800000}, {"date": "1995-12-31", "symbol": "ORI", "reportedCurrency": "USD", "cik": "0000074260", "fillingDate": "1996-03-28", "acceptedDate": "1996-03-28 00:00:00", "calendarYear": "1995", "period": "FY", "revenue": 1695900000, "costOfRevenue": 0, "grossProfit": 1695900000, "grossProfitRatio": 1, "researchAndDevelopmentExpenses": 0, "generalAndAdministrativeExpenses": 0, "sellingAndMarketingExpenses": 0, "sellingGeneralAndAdministrativeExpenses": 0, "otherExpenses": -1352700000, "operatingExpenses": -1352700000, "costAndExpenses": 1379900000, "interestIncome": 0, "interestExpense": 26900000, "depreciationAndAmortization": 0, "ebitda": 343200000, "ebitdaratio": 0.2023704228, "operatingIncome": 343200000, "operatingIncomeRatio": 0.2023704228, "totalOtherIncomeExpensesNet": 142600000, "incomeBeforeTax": 316000000, "incomeBeforeTaxRatio": 0.1863317413, "incomeTaxExpense": 103600000, "netIncome": 212700000, "netIncomeRatio": 0.1254201309, "eps": 0.62, "epsdiluted": 0.54, "weightedAverageShsOut": 239984175, "weightedAverageShsOutDil": 254100891, "link": "https://www.sec.gov/Archives/edgar/data/74260/000007426096000006/0000074260-96-000006-index.htm", "finalLink": "https://www.sec.gov/Archives/edgar/data/74260/000007426096000006/", "calculatedOtherExpenses": 1352700000, "calculatedOperatingExpenses": 1352700000, "calculatedNetInterest": -26900000, "calculatedOtherIncome": -300000, "calculatedIncomeNonControlling": -300000, "calculatedEbitda": 343200000}, {"date": "1994-12-31", "symbol": "ORI", "reportedCurrency": "USD", "cik": "0000074260", "fillingDate": "1995-03-30", "acceptedDate": "1995-03-30 00:00:00", "calendarYear": "1994", "period": "FY", "revenue": 1679000000, "costOfRevenue": 0, "grossProfit": 1679000000, "grossProfitRatio": 1, "researchAndDevelopmentExpenses": 0, "generalAndAdministrativeExpenses": 0, "sellingAndMarketingExpenses": 0, "sellingGeneralAndAdministrativeExpenses": 0, "otherExpenses": -1431300000, "operatingExpenses": -1431300000, "costAndExpenses": 1453200000, "interestIncome": 0, "interestExpense": 23300000, "depreciationAndAmortization": 0, "ebitda": 247700000, "ebitdaratio": 0.1475282906, "operatingIncome": 247700000, "operatingIncomeRatio": 0.1475282906, "totalOtherIncomeExpensesNet": 160900000, "incomeBeforeTax": 225800000, "incomeBeforeTaxRatio": 0.1344848124, "incomeTaxExpense": 73400000, "netIncome": 151000000, "netIncomeRatio": 0.0899344848, "eps": 0.6, "epsdiluted": 0.58, "weightedAverageShsOut": 241344992, "weightedAverageShsOutDil": 260117535, "link": "https://www.sec.gov/Archives/edgar/data/74260/000007426095000004/0000074260-95-000004-index.html", "finalLink": "https://www.sec.gov/Archives/edgar/data/74260/", "calculatedOtherExpenses": 1431300000, "calculatedOperatingExpenses": 1431300000, "calculatedNetInterest": -23300000, "calculatedOtherIncome": 1400000, "calculatedIncomeNonControlling": 1400000, "calculatedEbitda": 247700000}, {"date": "1993-12-31", "symbol": "ORI", "reportedCurrency": "USD", "cik": "0000074260", "fillingDate": "1994-03-31", "acceptedDate": "1994-03-31 00:00:00", "calendarYear": "1993", "period": "FY", "revenue": 1736300000, "costOfRevenue": 0, "grossProfit": 1736300000, "grossProfitRatio": 1, "researchAndDevelopmentExpenses": 0, "generalAndAdministrativeExpenses": 0, "sellingAndMarketingExpenses": 0, "sellingGeneralAndAdministrativeExpenses": 0, "otherExpenses": -1458500000, "operatingExpenses": -1458500000, "costAndExpenses": 1493000000, "interestIncome": 0, "interestExpense": 24800000, "depreciationAndAmortization": 0, "ebitda": 277800000, "ebitdaratio": 0.1599953925, "operatingIncome": 277800000, "operatingIncomeRatio": 0.1599953925, "totalOtherIncomeExpensesNet": 229400000, "incomeBeforeTax": 243300000, "incomeBeforeTaxRatio": 0.1401255543, "incomeTaxExpense": 77900000, "netIncome": 175100000, "netIncomeRatio": 0.1008466279, "eps": 0.71, "epsdiluted": 0.67, "weightedAverageShsOut": 258079908, "weightedAverageShsOutDil": 271759055, "link": "https://www.sec.gov/Archives/edgar/data/74260/000007426094000006/0000074260-94-000006-index.html", "finalLink": "https://www.sec.gov/Archives/edgar/data/74260/", "calculatedOtherExpenses": 1458500000, "calculatedOperatingExpenses": 1458500000, "calculatedNetInterest": -24800000, "calculatedOtherIncome": -9700000, "calculatedIncomeNonControlling": -9700000, "calculatedEbitda": 277800000}, {"date": "1992-12-31", "symbol": "ORI", "reportedCurrency": "USD", "cik": "0000074260", "fillingDate": "1992-12-31", "acceptedDate": "1992-12-30 19:00:00", "calendarYear": "1992", "period": "FY", "revenue": 1617000000, "costOfRevenue": 0, "grossProfit": 1617000000, "grossProfitRatio": 1, "researchAndDevelopmentExpenses": 0, "generalAndAdministrativeExpenses": 0, "sellingAndMarketingExpenses": 0, "sellingGeneralAndAdministrativeExpenses": 0, "otherExpenses": -1344100000, "operatingExpenses": -1344100000, "costAndExpenses": 23100000, "interestIncome": 0, "interestExpense": 23100000, "depreciationAndAmortization": 0, "ebitda": 272900000, "ebitdaratio": 0.1687693259, "operatingIncome": 272900000, "operatingIncomeRatio": 0.1687693259, "totalOtherIncomeExpensesNet": 513500000, "incomeBeforeTax": 786400000, "incomeBeforeTaxRatio": 0.4863327149, "incomeTaxExpense": 75000000, "netIncome": 174800000, "netIncomeRatio": 0.1081014224, "eps": 0.73, "epsdiluted": 0.7, "weightedAverageShsOut": 228444172, "weightedAverageShsOutDil": 238907264, "link": "", "finalLink": "", "calculatedOtherExpenses": 1344100000, "calculatedOperatingExpenses": 1344100000, "calculatedNetInterest": -23100000, "calculatedOtherIncome": 536600000, "calculatedIncomeNonControlling": 536600000, "calculatedEbitda": 272900000}, {"date": "1991-12-31", "symbol": "ORI", "reportedCurrency": "USD", "cik": "0000074260", "fillingDate": "1991-12-31", "acceptedDate": "1991-12-30 19:00:00", "calendarYear": "1991", "period": "FY", "revenue": 1374500000, "costOfRevenue": 0, "grossProfit": 1374500000, "grossProfitRatio": 1, "researchAndDevelopmentExpenses": 0, "generalAndAdministrativeExpenses": 663500000, "sellingAndMarketingExpenses": 0, "sellingGeneralAndAdministrativeExpenses": 663500000, "otherExpenses": -1838500000, "operatingExpenses": -1175000000, "costAndExpenses": 686800000, "interestIncome": 0, "interestExpense": 23300000, "depreciationAndAmortization": 0, "ebitda": 199500000, "ebitdaratio": 0.1451436886, "operatingIncome": 199500000, "operatingIncomeRatio": 0.1451436886, "totalOtherIncomeExpensesNet": 402500000, "incomeBeforeTax": 602000000, "incomeBeforeTaxRatio": 0.4379774463, "incomeTaxExpense": 45200000, "netIncome": 131000000, "netIncomeRatio": 0.0953073845, "eps": 0.59, "epsdiluted": 0.56, "weightedAverageShsOut": 217732043, "weightedAverageShsOutDil": 228100236, "link": "", "finalLink": "", "calculatedOtherExpenses": 511500000, "calculatedOperatingExpenses": 1175000000, "calculatedNetInterest": -23300000, "calculatedOtherIncome": 425800000, "calculatedIncomeNonControlling": 425800000, "calculatedEbitda": 199500000}, {"date": "1990-12-31", "symbol": "ORI", "reportedCurrency": "USD", "cik": "0000074260", "fillingDate": "1990-12-31", "acceptedDate": "1990-12-30 19:00:00", "calendarYear": "1990", "period": "FY", "revenue": 1243400000, "costOfRevenue": 0, "grossProfit": 1243400000, "grossProfitRatio": 1, "researchAndDevelopmentExpenses": 0, "generalAndAdministrativeExpenses": 0, "sellingAndMarketingExpenses": 0, "sellingGeneralAndAdministrativeExpenses": 0, "otherExpenses": -1086000000, "operatingExpenses": -1086000000, "costAndExpenses": 476900000, "interestIncome": 0, "interestExpense": 23900000, "depreciationAndAmortization": 0, "ebitda": 157400000, "ebitdaratio": 0.1265883867, "operatingIncome": 157400000, "operatingIncomeRatio": 0.1265883867, "totalOtherIncomeExpensesNet": 357000000, "incomeBeforeTax": 514400000, "incomeBeforeTaxRatio": 0.413704359, "incomeTaxExpense": 28900000, "netIncome": 104600000, "netIncomeRatio": 0.0841241756, "eps": 0.48, "epsdiluted": 0.46, "weightedAverageShsOut": 217807763, "weightedAverageShsOutDil": 227938356, "link": "", "finalLink": "", "calculatedOtherExpenses": 1086000000, "calculatedOperatingExpenses": 1086000000, "calculatedNetInterest": -23900000, "calculatedOtherIncome": 380900000, "calculatedIncomeNonControlling": 380900000, "calculatedEbitda": 157400000}, {"date": "1989-12-31", "symbol": "ORI", "reportedCurrency": "USD", "cik": "0000074260", "fillingDate": "1989-12-31", "acceptedDate": "1989-12-30 19:00:00", "calendarYear": "1989", "period": "FY", "revenue": 1182600000, "costOfRevenue": 0, "grossProfit": 1182600000, "grossProfitRatio": 1, "researchAndDevelopmentExpenses": 0, "generalAndAdministrativeExpenses": 0, "sellingAndMarketingExpenses": 0, "sellingGeneralAndAdministrativeExpenses": 0, "otherExpenses": -1037000000, "operatingExpenses": -1037000000, "costAndExpenses": 468400000, "interestIncome": 0, "interestExpense": 25500000, "depreciationAndAmortization": 0, "ebitda": 145600000, "ebitdaratio": 0.1231185523, "operatingIncome": 145600000, "operatingIncomeRatio": 0.1231185523, "totalOtherIncomeExpensesNet": 370100000, "incomeBeforeTax": 515700000, "incomeBeforeTaxRatio": 0.4360730594, "incomeTaxExpense": 21200000, "netIncome": 98900000, "netIncomeRatio": 0.0836292914, "eps": 0.46, "epsdiluted": 0.43, "weightedAverageShsOut": 215517241, "weightedAverageShsOutDil": 228820775, "link": "", "finalLink": "", "calculatedOtherExpenses": 1037000000, "calculatedOperatingExpenses": 1037000000, "calculatedNetInterest": -25500000, "calculatedOtherIncome": 395600000, "calculatedIncomeNonControlling": 395600000, "calculatedEbitda": 145600000}, {"date": "1988-12-31", "symbol": "ORI", "reportedCurrency": "USD", "cik": "0000074260", "fillingDate": "1988-12-31", "acceptedDate": "1988-12-30 19:00:00", "calendarYear": "1988", "period": "FY", "revenue": 1102100000, "costOfRevenue": 0, "grossProfit": 1102100000, "grossProfitRatio": 1, "researchAndDevelopmentExpenses": 0, "generalAndAdministrativeExpenses": 0, "sellingAndMarketingExpenses": 0, "sellingGeneralAndAdministrativeExpenses": 0, "otherExpenses": -1048700000, "operatingExpenses": -1048700000, "costAndExpenses": 17800000, "interestIncome": 0, "interestExpense": 17800000, "depreciationAndAmortization": 0, "ebitda": 53400000, "ebitdaratio": 0.0484529535, "operatingIncome": 53400000, "operatingIncomeRatio": 0.0484529535, "totalOtherIncomeExpensesNet": 0, "incomeBeforeTax": 0, "incomeBeforeTaxRatio": 0, "incomeTaxExpense": -11600000, "netIncome": 47200000, "netIncomeRatio": 0.0428273296, "eps": 0.22, "epsdiluted": 0.22, "weightedAverageShsOut": 180092880, "weightedAverageShsOutDil": 180092880, "link": "", "finalLink": "", "calculatedOtherExpenses": 1048700000, "calculatedOperatingExpenses": 1048700000, "calculatedNetInterest": -17800000, "calculatedOtherIncome": -35600000, "calculatedIncomeNonControlling": -35600000, "calculatedEbitda": 53400000}, {"date": "1987-12-31", "symbol": "ORI", "reportedCurrency": "USD", "cik": "0000074260", "fillingDate": "1987-12-31", "acceptedDate": "1987-12-30 19:00:00", "calendarYear": "1987", "period": "FY", "revenue": 1095000000, "costOfRevenue": 0, "grossProfit": 1095000000, "grossProfitRatio": 1, "researchAndDevelopmentExpenses": 0, "generalAndAdministrativeExpenses": 0, "sellingAndMarketingExpenses": 0, "sellingGeneralAndAdministrativeExpenses": 0, "otherExpenses": -992300000, "operatingExpenses": -992300000, "costAndExpenses": 13100000, "interestIncome": 0, "interestExpense": 13100000, "depreciationAndAmortization": 0, "ebitda": 102700000, "ebitdaratio": 0.0937899543, "operatingIncome": 102700000, "operatingIncomeRatio": 0.0937899543, "totalOtherIncomeExpensesNet": 0, "incomeBeforeTax": 0, "incomeBeforeTaxRatio": 0, "incomeTaxExpense": -3600000, "netIncome": 93200000, "netIncomeRatio": 0.0851141553, "eps": 0.43, "epsdiluted": 0.43, "weightedAverageShsOut": 197123660, "weightedAverageShsOutDil": 197123660, "link": "", "finalLink": "", "calculatedOtherExpenses": 992300000, "calculatedOperatingExpenses": 992300000, "calculatedNetInterest": -13100000, "calculatedOtherIncome": -89600000, "calculatedIncomeNonControlling": -89600000, "calculatedEbitda": 102700000}, {"date": "1986-12-31", "symbol": "ORI", "reportedCurrency": "USD", "cik": "0000074260", "fillingDate": "1986-12-31", "acceptedDate": "1986-12-30 19:00:00", "calendarYear": "1986", "period": "FY", "revenue": 1143500000, "costOfRevenue": 0, "grossProfit": 1143500000, "grossProfitRatio": 1, "researchAndDevelopmentExpenses": 0, "generalAndAdministrativeExpenses": 0, "sellingAndMarketingExpenses": 0, "sellingGeneralAndAdministrativeExpenses": 0, "otherExpenses": -1070500000, "operatingExpenses": -1070500000, "costAndExpenses": 14600000, "interestIncome": 0, "interestExpense": 14600000, "depreciationAndAmortization": 0, "ebitda": 73000000, "ebitdaratio": 0.0638390905, "operatingIncome": 73000000, "operatingIncomeRatio": 0.0638390905, "totalOtherIncomeExpensesNet": 0, "incomeBeforeTax": 0, "incomeBeforeTaxRatio": 0, "incomeTaxExpense": 11200000, "netIncome": 47200000, "netIncomeRatio": 0.0412767818, "eps": 0.2, "epsdiluted": 0.2, "weightedAverageShsOut": 190858518, "weightedAverageShsOutDil": 190858518, "link": "", "finalLink": "", "calculatedOtherExpenses": 1070500000, "calculatedOperatingExpenses": 1070500000, "calculatedNetInterest": -14600000, "calculatedOtherIncome": -58400000, "calculatedIncomeNonControlling": -58400000, "calculatedEbitda": 73000000}, {"date": "1985-12-31", "symbol": "ORI", "reportedCurrency": "USD", "cik": "0000074260", "fillingDate": "1985-12-31", "acceptedDate": "1985-12-30 19:00:00", "calendarYear": "1985", "period": "FY", "revenue": 892600000, "costOfRevenue": 0, "grossProfit": 892600000, "grossProfitRatio": 1, "researchAndDevelopmentExpenses": 0, "generalAndAdministrativeExpenses": 0, "sellingAndMarketingExpenses": 0, "sellingGeneralAndAdministrativeExpenses": 0, "otherExpenses": -827800000, "operatingExpenses": -827800000, "costAndExpenses": 11000000, "interestIncome": 0, "interestExpense": 11000000, "depreciationAndAmortization": 0, "ebitda": 64800000, "ebitdaratio": 0.0725969079, "operatingIncome": 64800000, "operatingIncomeRatio": 0.0725969079, "totalOtherIncomeExpensesNet": 0, "incomeBeforeTax": 0, "incomeBeforeTaxRatio": 0, "incomeTaxExpense": 3900000, "netIncome": 49900000, "netIncomeRatio": 0.0559041004, "eps": 0.23, "epsdiluted": 0.23, "weightedAverageShsOut": 186554450, "weightedAverageShsOutDil": 186554450, "link": "", "finalLink": "", "calculatedOtherExpenses": 827800000, "calculatedOperatingExpenses": 827800000, "calculatedNetInterest": -11000000, "calculatedOtherIncome": -53800000, "calculatedIncomeNonControlling": -53800000, "calculatedEbitda": 64800000}]}