{"originalCurrency": "USD", "convertedCurrency": "USD", "report": [{"date": "2023-12-31", "symbol": "ORLY", "reportedCurrency": "USD", "cik": "0000898173", "fillingDate": "2024-02-07", "acceptedDate": "2024-02-07 16:30:52", "calendarYear": "2023", "period": "FY", "revenue": 15812250000, "costOfRevenue": 8112347000, "grossProfit": 7699903000, "grossProfitRatio": 0.4869580863, "researchAndDevelopmentExpenses": 0, "generalAndAdministrativeExpenses": -2789020000, "sellingAndMarketingExpenses": 7707447000, "sellingGeneralAndAdministrativeExpenses": 4492070000, "otherExpenses": -19257000, "operatingExpenses": 4511327000, "costAndExpenses": 12623674000, "interestIncome": 4900000, "interestExpense": 208868000, "depreciationAndAmortization": 409061000, "ebitda": 3597637000, "ebitdaratio": 0.2275221426, "operatingIncome": 3188576000, "operatingIncomeRatio": 0.2016522633, "totalOtherIncomeExpensesNet": -183826000, "incomeBeforeTax": 3004750000, "incomeBeforeTaxRatio": 0.1900267198, "incomeTaxExpense": 658169000, "netIncome": 2346581000, "netIncomeRatio": 0.1484027257, "eps": 38.8, "epsdiluted": 38.47, "weightedAverageShsOut": 60475000, "weightedAverageShsOutDil": 60998000, "link": "https://www.sec.gov/Archives/edgar/data/898173/000089817324000006/0000898173-24-000006-index.htm", "finalLink": "https://www.sec.gov/Archives/edgar/data/898173/000089817324000006/orly-20240207xex99d1.htm", "calculatedOtherExpenses": 19257000, "calculatedOperatingExpenses": 4511327000, "calculatedNetInterest": -203968000, "calculatedOtherIncome": 20142000, "calculatedIncomeNonControlling": 0, "calculatedEbitda": 3597637000}, {"date": "2022-12-31", "symbol": "ORLY", "reportedCurrency": "USD", "cik": "0000898173", "fillingDate": "2023-02-28", "acceptedDate": "2023-02-28 16:31:13", "calendarYear": "2022", "period": "FY", "revenue": 14409860000, "costOfRevenue": 7028154000, "grossProfit": 7381706000, "grossProfitRatio": 0.5122677111, "researchAndDevelopmentExpenses": 0, "generalAndAdministrativeExpenses": -2600939000, "sellingAndMarketingExpenses": 7028154000, "sellingGeneralAndAdministrativeExpenses": 4427215000, "otherExpenses": -2879000, "operatingExpenses": 4427215000, "costAndExpenses": 11455369000, "interestIncome": 4763000, "interestExpense": 157720000, "depreciationAndAmortization": 359817000, "ebitda": 3314308000, "ebitdaratio": 0.2300027898, "operatingIncome": 2954491000, "operatingIncomeRatio": 0.2050325957, "totalOtherIncomeExpensesNet": -155836000, "incomeBeforeTax": 2798655000, "incomeBeforeTaxRatio": 0.1942180562, "incomeTaxExpense": 626005000, "netIncome": 2172650000, "netIncomeRatio": 0.1507752331, "eps": 33.75, "epsdiluted": 33.44, "weightedAverageShsOut": 64372000, "weightedAverageShsOutDil": 64962000, "link": "https://www.sec.gov/Archives/edgar/data/898173/000089817323000011/0000898173-23-000011-index.htm", "finalLink": "https://www.sec.gov/Archives/edgar/data/898173/000089817323000011/orly-20221231x10k.htm", "calculatedOtherExpenses": 0, "calculatedOperatingExpenses": 4427215000, "calculatedNetInterest": -152957000, "calculatedOtherIncome": -2879000, "calculatedIncomeNonControlling": 0, "calculatedEbitda": 3314308000}, {"date": "2021-12-31", "symbol": "ORLY", "reportedCurrency": "USD", "cik": "0000898173", "fillingDate": "2022-02-28", "acceptedDate": "2022-02-28 16:36:38", "calendarYear": "2021", "period": "FY", "revenue": 13327563000, "costOfRevenue": 6307614000, "grossProfit": 7019949000, "grossProfitRatio": 0.526724128, "researchAndDevelopmentExpenses": 0, "generalAndAdministrativeExpenses": -2204833000, "sellingAndMarketingExpenses": 6307614000, "sellingGeneralAndAdministrativeExpenses": 4102781000, "otherExpenses": 7543000, "operatingExpenses": 4102781000, "costAndExpenses": 10410395000, "interestIncome": 1971000, "interestExpense": 144768000, "depreciationAndAmortization": 337731000, "ebitda": 3254899000, "ebitdaratio": 0.2442231187, "operatingIncome": 2917168000, "operatingIncomeRatio": 0.2188823268, "totalOtherIncomeExpensesNet": -135254000, "incomeBeforeTax": 2781914000, "incomeBeforeTaxRatio": 0.2087338848, "incomeTaxExpense": 617229000, "netIncome": 2164685000, "netIncomeRatio": 0.162421667, "eps": 31.39, "epsdiluted": 31.1, "weightedAverageShsOut": 68967000, "weightedAverageShsOutDil": 69611000, "link": "https://www.sec.gov/Archives/edgar/data/898173/000089817322000012/0000898173-22-000012-index.htm", "finalLink": "https://www.sec.gov/Archives/edgar/data/898173/000089817322000012/orly-20211231x10k.htm", "calculatedOtherExpenses": 0, "calculatedOperatingExpenses": 4102781000, "calculatedNetInterest": -142797000, "calculatedOtherIncome": 7543000, "calculatedIncomeNonControlling": 0, "calculatedEbitda": 3254899000}, {"date": "2020-12-31", "symbol": "ORLY", "reportedCurrency": "USD", "cik": "0000898173", "fillingDate": "2021-02-26", "acceptedDate": "2021-02-26 16:38:17", "calendarYear": "2020", "period": "FY", "revenue": 11604493000, "costOfRevenue": 5518801000, "grossProfit": 6085692000, "grossProfitRatio": 0.5244254962, "researchAndDevelopmentExpenses": 0, "generalAndAdministrativeExpenses": -1852445000, "sellingAndMarketingExpenses": 5518801000, "sellingGeneralAndAdministrativeExpenses": 3666356000, "otherExpenses": 5704000, "operatingExpenses": 3666356000, "costAndExpenses": 9185157000, "interestIncome": 2491000, "interestExpense": 161126000, "depreciationAndAmortization": 322830000, "ebitda": 2742166000, "ebitdaratio": 0.2363020944, "operatingIncome": 2419336000, "operatingIncomeRatio": 0.2084826972, "totalOtherIncomeExpensesNet": -152931000, "incomeBeforeTax": 2266405000, "incomeBeforeTaxRatio": 0.1953040947, "incomeTaxExpense": 514103000, "netIncome": 1752302000, "netIncomeRatio": 0.15100203, "eps": 23.74, "epsdiluted": 23.53, "weightedAverageShsOut": 73817000, "weightedAverageShsOutDil": 74462000, "link": "https://www.sec.gov/Archives/edgar/data/898173/000089817321000012/0000898173-21-000012-index.htm", "finalLink": "https://www.sec.gov/Archives/edgar/data/898173/000089817321000012/orly-20201231x10k.htm", "calculatedOtherExpenses": 0, "calculatedOperatingExpenses": 3666356000, "calculatedNetInterest": -158635000, "calculatedOtherIncome": 5704000, "calculatedIncomeNonControlling": 0, "calculatedEbitda": 2742166000}, {"date": "2019-12-31", "symbol": "ORLY", "reportedCurrency": "USD", "cik": "0000898173", "fillingDate": "2020-02-28", "acceptedDate": "2020-02-28 16:30:28", "calendarYear": "2019", "period": "FY", "revenue": 10149985000, "costOfRevenue": 4755294000, "grossProfit": 5394691000, "grossProfitRatio": 0.5314974357, "researchAndDevelopmentExpenses": 0, "generalAndAdministrativeExpenses": -1281329000, "sellingAndMarketingExpenses": 4755294000, "sellingGeneralAndAdministrativeExpenses": 3473965000, "otherExpenses": 7033000, "operatingExpenses": 3473965000, "costAndExpenses": 8229259000, "interestIncome": 2545000, "interestExpense": 139975000, "depreciationAndAmortization": 280453000, "ebitda": 2201179000, "ebitdaratio": 0.2168652466, "operatingIncome": 1920726000, "operatingIncomeRatio": 0.1892343683, "totalOtherIncomeExpensesNet": -130397000, "incomeBeforeTax": 1790329000, "incomeBeforeTaxRatio": 0.1763873543, "incomeTaxExpense": 399287000, "netIncome": 1391042000, "netIncomeRatio": 0.1370486754, "eps": 18.07, "epsdiluted": 17.88, "weightedAverageShsOut": 76985000, "weightedAverageShsOutDil": 77788000, "link": "https://www.sec.gov/Archives/edgar/data/898173/000089817320000007/0000898173-20-000007-index.htm", "finalLink": "https://www.sec.gov/Archives/edgar/data/898173/000089817320000007/orly-20191231x10k.htm", "calculatedOtherExpenses": 0, "calculatedOperatingExpenses": 3473965000, "calculatedNetInterest": -137430000, "calculatedOtherIncome": 7033000, "calculatedIncomeNonControlling": 0, "calculatedEbitda": 2201179000}, {"date": "2018-12-31", "symbol": "ORLY", "reportedCurrency": "USD", "cik": "0000898173", "fillingDate": "2019-02-27", "acceptedDate": "2019-02-27 16:33:18", "calendarYear": "2018", "period": "FY", "revenue": 9536428000, "costOfRevenue": 4496462000, "grossProfit": 5039966000, "grossProfitRatio": 0.5284962042, "researchAndDevelopmentExpenses": 0, "generalAndAdministrativeExpenses": 3224782000, "sellingAndMarketingExpenses": 4496462000, "sellingGeneralAndAdministrativeExpenses": 3224782000, "otherExpenses": -1489000, "operatingExpenses": 3224782000, "costAndExpenses": 7721244000, "interestIncome": 2521000, "interestExpense": 122129000, "depreciationAndAmortization": 258937000, "ebitda": 2075153000, "ebitdaratio": 0.2176027544, "operatingIncome": 1815184000, "operatingIncomeRatio": 0.1903421281, "totalOtherIncomeExpensesNet": -1489000, "incomeBeforeTax": 1694087000, "incomeBeforeTaxRatio": 0.1776437677, "incomeTaxExpense": 369600000, "netIncome": 1324487000, "netIncomeRatio": 0.1388871179, "eps": 16.27, "epsdiluted": 16.1, "weightedAverageShsOut": 81406000, "weightedAverageShsOutDil": 82280000, "link": "https://www.sec.gov/Archives/edgar/data/898173/000089817319000060/0000898173-19-000060-index.htm", "finalLink": "https://www.sec.gov/Archives/edgar/data/898173/000089817319000060/orly-20181231x10xk.htm", "calculatedOtherExpenses": 0, "calculatedOperatingExpenses": 3224782000, "calculatedNetInterest": -119608000, "calculatedOtherIncome": -1489000, "calculatedIncomeNonControlling": 0, "calculatedEbitda": 2074121000}, {"date": "2017-12-31", "symbol": "ORLY", "reportedCurrency": "USD", "cik": "0000898173", "fillingDate": "2018-02-28", "acceptedDate": "2018-02-28 16:32:56", "calendarYear": "2017", "period": "FY", "revenue": 8977726000, "costOfRevenue": 4257043000, "grossProfit": 4720683000, "grossProfitRatio": 0.5258216836, "researchAndDevelopmentExpenses": 0, "generalAndAdministrativeExpenses": 2995283000, "sellingAndMarketingExpenses": 4257043000, "sellingGeneralAndAdministrativeExpenses": 2995283000, "otherExpenses": 1406000, "operatingExpenses": 2995283000, "costAndExpenses": 7252326000, "interestIncome": 2347000, "interestExpense": 91349000, "depreciationAndAmortization": 233845000, "ebitda": 1962998000, "ebitdaratio": 0.2186520284, "operatingIncome": 1725400000, "operatingIncomeRatio": 0.192186752, "totalOtherIncomeExpensesNet": 1406000, "incomeBeforeTax": 1637804000, "incomeBeforeTaxRatio": 0.1824297155, "incomeTaxExpense": 504000000, "netIncome": 1133804000, "netIncomeRatio": 0.1262907779, "eps": 12.82, "epsdiluted": 12.67, "weightedAverageShsOut": 88426000, "weightedAverageShsOutDil": 89502000, "link": "https://www.sec.gov/Archives/edgar/data/898173/000089817318000077/0000898173-18-000077-index.htm", "finalLink": "https://www.sec.gov/Archives/edgar/data/898173/000089817318000077/orly-20171231x10xk.htm", "calculatedOtherExpenses": 0, "calculatedOperatingExpenses": 2995283000, "calculatedNetInterest": -89002000, "calculatedOtherIncome": 1406000, "calculatedIncomeNonControlling": 0, "calculatedEbitda": 1959245000}, {"date": "2016-12-31", "symbol": "ORLY", "reportedCurrency": "USD", "cik": "0000898173", "fillingDate": "2017-02-28", "acceptedDate": "2017-02-28 16:32:37", "calendarYear": "2016", "period": "FY", "revenue": 8593096000, "costOfRevenue": 4084085000, "grossProfit": 4509011000, "grossProfitRatio": 0.5247248489, "researchAndDevelopmentExpenses": 0, "generalAndAdministrativeExpenses": 2809805000, "sellingAndMarketingExpenses": 4084085000, "sellingGeneralAndAdministrativeExpenses": 2809805000, "otherExpenses": 4692000, "operatingExpenses": 2809805000, "costAndExpenses": 6893890000, "interestIncome": 4224000, "interestExpense": 70931000, "depreciationAndAmortization": 217866000, "ebitda": 1925988000, "ebitdaratio": 0.2241320241, "operatingIncome": 1699206000, "operatingIncomeRatio": 0.1977408375, "totalOtherIncomeExpensesNet": 4692000, "incomeBeforeTax": 1637191000, "incomeBeforeTaxRatio": 0.1905239974, "incomeTaxExpense": 599500000, "netIncome": 1037691000, "netIncomeRatio": 0.1207586881, "eps": 10.87, "epsdiluted": 10.73, "weightedAverageShsOut": 95447000, "weightedAverageShsOutDil": 96720000, "link": "https://www.sec.gov/Archives/edgar/data/898173/000089817317000091/0000898173-17-000091-index.htm", "finalLink": "https://www.sec.gov/Archives/edgar/data/898173/000089817317000091/orly-20161231x10xk.htm", "calculatedOtherExpenses": 0, "calculatedOperatingExpenses": 2809805000, "calculatedNetInterest": -66707000, "calculatedOtherIncome": 4692000, "calculatedIncomeNonControlling": 0, "calculatedEbitda": 1917072000}, {"date": "2015-12-31", "symbol": "ORLY", "reportedCurrency": "USD", "cik": "0000898173", "fillingDate": "2016-02-26", "acceptedDate": "2016-02-26 13:14:39", "calendarYear": "2015", "period": "FY", "revenue": 7966674000, "costOfRevenue": 3804031000, "grossProfit": 4162643000, "grossProfitRatio": 0.5225070086, "researchAndDevelopmentExpenses": 0, "generalAndAdministrativeExpenses": 2648622000, "sellingAndMarketingExpenses": 3804031000, "sellingGeneralAndAdministrativeExpenses": 2648622000, "otherExpenses": 1134000, "operatingExpenses": 2648622000, "costAndExpenses": 6452653000, "interestIncome": 2340000, "interestExpense": 57129000, "depreciationAndAmortization": 210256000, "ebitda": 1727751000, "ebitdaratio": 0.2168723108, "operatingIncome": 1514021000, "operatingIncomeRatio": 0.1900443021, "totalOtherIncomeExpensesNet": 1134000, "incomeBeforeTax": 1460366000, "incomeBeforeTaxRatio": 0.183309371, "incomeTaxExpense": 529150000, "netIncome": 931216000, "netIncomeRatio": 0.1168889301, "eps": 9.32, "epsdiluted": 9.17, "weightedAverageShsOut": 99965000, "weightedAverageShsOutDil": 101514000, "link": "https://www.sec.gov/Archives/edgar/data/898173/000089817316000276/0000898173-16-000276-index.htm", "finalLink": "https://www.sec.gov/Archives/edgar/data/898173/000089817316000276/orly-20151231x10xk.htm", "calculatedOtherExpenses": 0, "calculatedOperatingExpenses": 2648622000, "calculatedNetInterest": -54789000, "calculatedOtherIncome": 1134000, "calculatedIncomeNonControlling": 0, "calculatedEbitda": 1724277000}, {"date": "2014-12-31", "symbol": "ORLY", "reportedCurrency": "USD", "cik": "0000898173", "fillingDate": "2015-02-27", "acceptedDate": "2015-02-27 15:28:23", "calendarYear": "2014", "period": "FY", "revenue": 7216081000, "costOfRevenue": 3507180000, "grossProfit": 3708901000, "grossProfitRatio": 0.5139771851, "researchAndDevelopmentExpenses": 0, "generalAndAdministrativeExpenses": 2438527000, "sellingAndMarketingExpenses": 3507180000, "sellingGeneralAndAdministrativeExpenses": 2438527000, "otherExpenses": 2797000, "operatingExpenses": 2438527000, "costAndExpenses": 5945707000, "interestIncome": 2301000, "interestExpense": 53290000, "depreciationAndAmortization": 194205000, "ebitda": 1469677000, "ebitdaratio": 0.2036669211, "operatingIncome": 1270374000, "operatingIncomeRatio": 0.1760476358, "totalOtherIncomeExpensesNet": 2797000, "incomeBeforeTax": 1222182000, "incomeBeforeTaxRatio": 0.1693692186, "incomeTaxExpense": 444000000, "netIncome": 778182000, "netIncomeRatio": 0.1078399757, "eps": 7.46, "epsdiluted": 7.34, "weightedAverageShsOut": 104262000, "weightedAverageShsOutDil": 106041000, "link": "https://www.sec.gov/Archives/edgar/data/898173/000089817315000076/0000898173-15-000076-index.htm", "finalLink": "https://www.sec.gov/Archives/edgar/data/898173/000089817315000076/orly-20141231x10xk.htm", "calculatedOtherExpenses": 0, "calculatedOperatingExpenses": 2438527000, "calculatedNetInterest": -50989000, "calculatedOtherIncome": 2797000, "calculatedIncomeNonControlling": 0, "calculatedEbitda": 1464579000}, {"date": "2013-12-31", "symbol": "ORLY", "reportedCurrency": "USD", "cik": "0000898173", "fillingDate": "2014-02-28", "acceptedDate": "2014-02-28 13:02:01", "calendarYear": "2013", "period": "FY", "revenue": 6649237000, "costOfRevenue": 3280236000, "grossProfit": 3369001000, "grossProfitRatio": 0.506674826, "researchAndDevelopmentExpenses": 0, "generalAndAdministrativeExpenses": 2265516000, "sellingAndMarketingExpenses": 3280236000, "sellingGeneralAndAdministrativeExpenses": 2265516000, "otherExpenses": 2539000, "operatingExpenses": 2265516000, "costAndExpenses": 5545752000, "interestIncome": 1992000, "interestExpense": 49074000, "depreciationAndAmortization": 183180000, "ebitda": 1291196000, "ebitdaratio": 0.1941870924, "operatingIncome": 1103485000, "operatingIncomeRatio": 0.1659566353, "totalOtherIncomeExpensesNet": 2539000, "incomeBeforeTax": 1058942000, "incomeBeforeTaxRatio": 0.1592576712, "incomeTaxExpense": 388650000, "netIncome": 670292000, "netIncomeRatio": 0.1008073558, "eps": 6.14, "epsdiluted": 6.03, "weightedAverageShsOut": 109244000, "weightedAverageShsOutDil": 111101000, "link": "https://www.sec.gov/Archives/edgar/data/898173/000089817314000064/0000898173-14-000064-index.htm", "finalLink": "https://www.sec.gov/Archives/edgar/data/898173/000089817314000064/orly-20131231x10k.htm", "calculatedOtherExpenses": 0, "calculatedOperatingExpenses": 2265516000, "calculatedNetInterest": -47082000, "calculatedOtherIncome": 2539000, "calculatedIncomeNonControlling": 0, "calculatedEbitda": 1286665000}, {"date": "2012-12-31", "symbol": "ORLY", "reportedCurrency": "USD", "cik": "0000898173", "fillingDate": "2013-02-28", "acceptedDate": "2013-02-28 17:04:29", "calendarYear": "2012", "period": "FY", "revenue": 6182184000, "costOfRevenue": 3084766000, "grossProfit": 3097418000, "grossProfitRatio": 0.501023263, "researchAndDevelopmentExpenses": 0, "generalAndAdministrativeExpenses": 2120025000, "sellingAndMarketingExpenses": 3084766000, "sellingGeneralAndAdministrativeExpenses": 2120025000, "otherExpenses": 1887000, "operatingExpenses": 2120025000, "costAndExpenses": 5204791000, "interestIncome": 2441000, "interestExpense": 40200000, "depreciationAndAmortization": 177106000, "ebitda": 1158827000, "ebitdaratio": 0.1874462164, "operatingIncome": 977393000, "operatingIncomeRatio": 0.1580983355, "totalOtherIncomeExpensesNet": 1887000, "incomeBeforeTax": 941521000, "incomeBeforeTaxRatio": 0.1522958553, "incomeTaxExpense": 355775000, "netIncome": 585746000, "netIncomeRatio": 0.0947474226, "eps": 4.83, "epsdiluted": 4.75, "weightedAverageShsOut": 121182000, "weightedAverageShsOutDil": 123314000, "link": "https://www.sec.gov/Archives/edgar/data/898173/000089817313000006/0000898173-13-000006-index.htm", "finalLink": "https://www.sec.gov/Archives/edgar/data/898173/000089817313000006/orly-20121231x10k.htm", "calculatedOtherExpenses": 0, "calculatedOperatingExpenses": 2120025000, "calculatedNetInterest": -37759000, "calculatedOtherIncome": 1887000, "calculatedIncomeNonControlling": 0, "calculatedEbitda": 1154499000}, {"date": "2011-12-31", "symbol": "ORLY", "reportedCurrency": "USD", "cik": "0000898173", "fillingDate": "2012-02-28", "acceptedDate": "2012-02-28 16:33:21", "calendarYear": "2011", "period": "FY", "revenue": 5788816000, "costOfRevenue": 2951467000, "grossProfit": 2837349000, "grossProfitRatio": 0.4901432348, "researchAndDevelopmentExpenses": 0, "generalAndAdministrativeExpenses": 1973381000, "sellingAndMarketingExpenses": 2951467000, "sellingGeneralAndAdministrativeExpenses": 1973381000, "otherExpenses": -2798000, "operatingExpenses": 1970583000, "costAndExpenses": 4922050000, "interestIncome": 2245000, "interestExpense": 28165000, "depreciationAndAmortization": 165880000, "ebitda": 1034891000, "ebitdaratio": 0.1787742088, "operatingIncome": 866766000, "operatingIncomeRatio": 0.1497311367, "totalOtherIncomeExpensesNet": -25073000, "incomeBeforeTax": 815773000, "incomeBeforeTaxRatio": 0.1409222542, "incomeTaxExpense": 308100000, "netIncome": 507673000, "netIncomeRatio": 0.0876989353, "eps": 3.77, "epsdiluted": 3.71, "weightedAverageShsOut": 134667000, "weightedAverageShsOutDil": 136983000, "link": "https://www.sec.gov/Archives/edgar/data/898173/000119312512085384/0001193125-12-085384-index.htm", "finalLink": "https://www.sec.gov/Archives/edgar/data/898173/000119312512085384/d307773d10k.htm", "calculatedOtherExpenses": -2798000, "calculatedOperatingExpenses": 1970583000, "calculatedNetInterest": -25920000, "calculatedOtherIncome": -25073000, "calculatedIncomeNonControlling": 0, "calculatedEbitda": 1032646000}, {"date": "2010-12-31", "symbol": "ORLY", "reportedCurrency": "USD", "cik": "0000898173", "fillingDate": "2011-02-28", "acceptedDate": "2011-02-28 16:31:09", "calendarYear": "2010", "period": "FY", "revenue": 5397525000, "costOfRevenue": 2776533000, "grossProfit": 2620992000, "grossProfitRatio": 0.4855914516, "researchAndDevelopmentExpenses": 0, "generalAndAdministrativeExpenses": 1908216000, "sellingAndMarketingExpenses": 2776533000, "sellingGeneralAndAdministrativeExpenses": 1908216000, "otherExpenses": 0, "operatingExpenses": 1908216000, "costAndExpenses": 4684749000, "interestIncome": 1941000, "interestExpense": 39273000, "depreciationAndAmortization": 161442000, "ebitda": 876159000, "ebitdaratio": 0.1623260661, "operatingIncome": 712776000, "operatingIncomeRatio": 0.1320560813, "totalOtherIncomeExpensesNet": 13929000, "incomeBeforeTax": 689373000, "incomeBeforeTaxRatio": 0.1277202051, "incomeTaxExpense": 270000000, "netIncome": 419373000, "netIncomeRatio": 0.0776972779, "eps": 3.02, "epsdiluted": 2.95, "weightedAverageShsOut": 138654000, "weightedAverageShsOutDil": 141992000, "link": "https://www.sec.gov/Archives/edgar/data/898173/000119312511049998/0001193125-11-049998-index.htm", "finalLink": "https://www.sec.gov/Archives/edgar/data/898173/000119312511049998/d10k.htm", "calculatedOtherExpenses": 0, "calculatedOperatingExpenses": 1908216000, "calculatedNetInterest": -37332000, "calculatedOtherIncome": 13929000, "calculatedIncomeNonControlling": 0, "calculatedEbitda": 874218000}, {"date": "2009-12-31", "symbol": "ORLY", "reportedCurrency": "USD", "cik": "0000898173", "fillingDate": "2010-02-26", "acceptedDate": "2010-02-26 16:37:34", "calendarYear": "2009", "period": "FY", "revenue": 4847062000, "costOfRevenue": 2520534000, "grossProfit": 2326528000, "grossProfitRatio": 0.4799872583, "researchAndDevelopmentExpenses": 0, "generalAndAdministrativeExpenses": 1788909000, "sellingAndMarketingExpenses": 2520534000, "sellingGeneralAndAdministrativeExpenses": 1788909000, "otherExpenses": 0, "operatingExpenses": 1788909000, "costAndExpenses": 4309443000, "interestIncome": 1543000, "interestExpense": 45176000, "depreciationAndAmortization": 148179000, "ebitda": 539162000, "ebitdaratio": 0.1112348057, "operatingIncome": 537619000, "operatingIncomeRatio": 0.1109164686, "totalOtherIncomeExpensesNet": 2912000, "incomeBeforeTax": 496898000, "incomeBeforeTaxRatio": 0.1025152969, "incomeTaxExpense": 189400000, "netIncome": 307498000, "netIncomeRatio": 0.0634400798, "eps": 2.26, "epsdiluted": 2.23, "weightedAverageShsOut": 136230000, "weightedAverageShsOutDil": 137882000, "link": "https://www.sec.gov/Archives/edgar/data/898173/000119312510043016/0001193125-10-043016-index.htm", "finalLink": "https://www.sec.gov/Archives/edgar/data/898173/000119312510043016/d10k.htm", "calculatedOtherExpenses": 0, "calculatedOperatingExpenses": 1788909000, "calculatedNetInterest": -43633000, "calculatedOtherIncome": 2912000, "calculatedIncomeNonControlling": 0, "calculatedEbitda": 685798000}, {"date": "2008-12-31", "symbol": "ORLY", "reportedCurrency": "USD", "cik": "0000898173", "fillingDate": "2009-03-02", "acceptedDate": "2009-02-27 20:47:48", "calendarYear": "2008", "period": "FY", "revenue": 3576553000, "costOfRevenue": 1948627000, "grossProfit": 1627926000, "grossProfitRatio": 0.4551661893, "researchAndDevelopmentExpenses": 0, "generalAndAdministrativeExpenses": 1292309000, "sellingAndMarketingExpenses": 1948627000, "sellingGeneralAndAdministrativeExpenses": 1292309000, "otherExpenses": 0, "operatingExpenses": 1292309000, "costAndExpenses": 3240936000, "interestIncome": 3185000, "interestExpense": 26138000, "depreciationAndAmortization": 112998000, "ebitda": 324310000, "ebitdaratio": 0.0906766935, "operatingIncome": 335617000, "operatingIncomeRatio": 0.0938381173, "totalOtherIncomeExpensesNet": 4360000, "incomeBeforeTax": 302532000, "incomeBeforeTaxRatio": 0.0845875903, "incomeTaxExpense": 116300000, "netIncome": 186232000, "netIncomeRatio": 0.0520702475, "eps": 1.5, "epsdiluted": 1.48, "weightedAverageShsOut": 124526000, "weightedAverageShsOutDil": 125413000, "link": "https://www.sec.gov/Archives/edgar/data/898173/000119312509041373/0001193125-09-041373-index.htm", "finalLink": "https://www.sec.gov/Archives/edgar/data/898173/000119312509041373/d10k.htm", "calculatedOtherExpenses": 0, "calculatedOperatingExpenses": 1292309000, "calculatedNetInterest": -22953000, "calculatedOtherIncome": -10132000, "calculatedIncomeNonControlling": 0, "calculatedEbitda": 448615000}, {"date": "2007-12-31", "symbol": "ORLY", "reportedCurrency": "USD", "cik": "0000898173", "fillingDate": "2008-03-03", "acceptedDate": "2008-02-29 17:50:02", "calendarYear": "2007", "period": "FY", "revenue": 2522319000, "costOfRevenue": 1401859000, "grossProfit": 1120460000, "grossProfitRatio": 0.4442181976, "researchAndDevelopmentExpenses": 0, "generalAndAdministrativeExpenses": 815309000, "sellingAndMarketingExpenses": 1401859000, "sellingGeneralAndAdministrativeExpenses": 815309000, "otherExpenses": 0, "operatingExpenses": 815309000, "costAndExpenses": 2217168000, "interestIncome": 4077000, "interestExpense": -3723000, "depreciationAndAmortization": 78943000, "ebitda": 382111000, "ebitdaratio": 0.1514919406, "operatingIncome": 305151000, "operatingIncomeRatio": 0.120980336, "totalOtherIncomeExpensesNet": 1983000, "incomeBeforeTax": 307488000, "incomeBeforeTaxRatio": 0.1219068643, "incomeTaxExpense": 113500000, "netIncome": 193988000, "netIncomeRatio": 0.0769085909, "eps": 1.69, "epsdiluted": 1.67, "weightedAverageShsOut": 114667000, "weightedAverageShsOutDil": 116080000, "link": "https://www.sec.gov/Archives/edgar/data/898173/000089817308000015/0000898173-08-000015-index.htm", "finalLink": "https://www.sec.gov/Archives/edgar/data/898173/000089817308000015/form10k2007.htm", "calculatedOtherExpenses": 0, "calculatedOperatingExpenses": 815309000, "calculatedNetInterest": 7800000, "calculatedOtherIncome": -5463000, "calculatedIncomeNonControlling": 0, "calculatedEbitda": 384094000}, {"date": "2006-12-31", "symbol": "ORLY", "reportedCurrency": "USD", "cik": "0000898173", "fillingDate": "2007-03-01", "acceptedDate": "2007-03-01 14:33:00", "calendarYear": "2006", "period": "FY", "revenue": 2283222000, "costOfRevenue": 1276511000, "grossProfit": 1006711000, "grossProfitRatio": 0.4409168272, "researchAndDevelopmentExpenses": 0, "generalAndAdministrativeExpenses": 724396000, "sellingAndMarketingExpenses": 1276511000, "sellingGeneralAndAdministrativeExpenses": 724396000, "otherExpenses": 0, "operatingExpenses": 724396000, "costAndExpenses": 2000907000, "interestIncome": 1573000, "interestExpense": -4322000, "depreciationAndAmortization": 64938000, "ebitda": 344554000, "ebitdaratio": 0.1509069201, "operatingIncome": 282315000, "operatingIncomeRatio": 0.1236476348, "totalOtherIncomeExpensesNet": 2699000, "incomeBeforeTax": 282265000, "incomeBeforeTaxRatio": 0.1236257359, "incomeTaxExpense": 104180000, "netIncome": 178085000, "netIncomeRatio": 0.0779972337, "eps": 1.57, "epsdiluted": 1.55, "weightedAverageShsOut": 113253000, "weightedAverageShsOutDil": 115119000, "link": "https://www.sec.gov/Archives/edgar/data/898173/000089817307000024/0000898173-07-000024-index.htm", "finalLink": "https://www.sec.gov/Archives/edgar/data/898173/000089817307000024/form10k2006.htm", "calculatedOtherExpenses": 0, "calculatedOperatingExpenses": 724396000, "calculatedNetInterest": 5895000, "calculatedOtherIncome": -5945000, "calculatedIncomeNonControlling": 0, "calculatedEbitda": 347253000}, {"date": "2005-12-31", "symbol": "ORLY", "reportedCurrency": "USD", "cik": "0000898173", "fillingDate": "2006-03-15", "acceptedDate": "2006-03-15 11:11:30", "calendarYear": "2005", "period": "FY", "revenue": 2045318000, "costOfRevenue": 1152815000, "grossProfit": 892503000, "grossProfitRatio": 0.4363639297, "researchAndDevelopmentExpenses": 0, "generalAndAdministrativeExpenses": 639979000, "sellingAndMarketingExpenses": 1152815000, "sellingGeneralAndAdministrativeExpenses": 639979000, "otherExpenses": 2025000, "operatingExpenses": 639979000, "costAndExpenses": 1792794000, "interestIncome": 1582000, "interestExpense": 5062000, "depreciationAndAmortization": 57228000, "ebitda": 313359000, "ebitdaratio": 0.1532079608, "operatingIncome": 252524000, "operatingIncomeRatio": 0.1234644197, "totalOtherIncomeExpensesNet": 2025000, "incomeBeforeTax": 251069000, "incomeBeforeTaxRatio": 0.1227530389, "incomeTaxExpense": 86803000, "netIncome": 164266000, "netIncomeRatio": 0.0803131836, "eps": 1.47, "epsdiluted": 1.45, "weightedAverageShsOut": 111613000, "weightedAverageShsOutDil": 113385000, "link": "https://www.sec.gov/Archives/edgar/data/898173/000089817306000027/0000898173-06-000027-index.htm", "finalLink": "https://www.sec.gov/Archives/edgar/data/898173/000089817306000027/form105k2005.htm", "calculatedOtherExpenses": 0, "calculatedOperatingExpenses": 639979000, "calculatedNetInterest": -3480000, "calculatedOtherIncome": 2025000, "calculatedIncomeNonControlling": 0, "calculatedEbitda": 309752000}, {"date": "2004-12-31", "symbol": "ORLY", "reportedCurrency": "USD", "cik": "0000898173", "fillingDate": "2005-03-15", "acceptedDate": "2005-03-15 16:19:46", "calendarYear": "2004", "period": "FY", "revenue": 1721241000, "costOfRevenue": 978076000, "grossProfit": 743165000, "grossProfitRatio": 0.4317611537, "researchAndDevelopmentExpenses": 0, "generalAndAdministrativeExpenses": 552707000, "sellingAndMarketingExpenses": 0, "sellingGeneralAndAdministrativeExpenses": 552707000, "otherExpenses": 0, "operatingExpenses": 552707000, "costAndExpenses": 1530783000, "interestIncome": 0, "interestExpense": 0, "depreciationAndAmortization": 54325000, "ebitda": 243705000, "ebitdaratio": 0.141586797, "operatingIncome": 190458000, "operatingIncomeRatio": 0.110651559, "totalOtherIncomeExpensesNet": 1078000, "incomeBeforeTax": 187737000, "incomeBeforeTaxRatio": 0.1090707228, "incomeTaxExpense": 70063000, "netIncome": 139566000, "netIncomeRatio": 0.0810845198, "eps": 1.27, "epsdiluted": 1.25, "weightedAverageShsOut": 110020000, "weightedAverageShsOutDil": 111423000, "link": "https://www.sec.gov/Archives/edgar/data/898173/000089817305000019/0000898173-05-000019-index.htm", "finalLink": "https://www.sec.gov/Archives/edgar/data/898173/000089817305000019/form10k2004.txt", "calculatedOtherExpenses": 0, "calculatedOperatingExpenses": 552707000, "calculatedNetInterest": 0, "calculatedOtherIncome": -2721000, "calculatedIncomeNonControlling": -21892000, "calculatedEbitda": 244783000}, {"date": "2003-12-31", "symbol": "ORLY", "reportedCurrency": "USD", "cik": "0000898173", "fillingDate": "2004-03-15", "acceptedDate": "2004-03-12 18:45:40", "calendarYear": "2003", "period": "FY", "revenue": 1511816000, "costOfRevenue": 873481000, "grossProfit": 638335000, "grossProfitRatio": 0.4222306154, "researchAndDevelopmentExpenses": 0, "generalAndAdministrativeExpenses": 473060000, "sellingAndMarketingExpenses": 0, "sellingGeneralAndAdministrativeExpenses": 473060000, "otherExpenses": 0, "operatingExpenses": 473060000, "costAndExpenses": 1346541000, "interestIncome": 0, "interestExpense": 0, "depreciationAndAmortization": 42374000, "ebitda": 206316000, "ebitdaratio": 0.1364689883, "operatingIncome": 165275000, "operatingIncomeRatio": 0.1093221662, "totalOtherIncomeExpensesNet": 1333000, "incomeBeforeTax": 160042000, "incomeBeforeTaxRatio": 0.1058607661, "incomeTaxExpense": 59955000, "netIncome": 100087000, "netIncomeRatio": 0.0662031623, "eps": 0.93, "epsdiluted": 0.92, "weightedAverageShsOut": 107816000, "weightedAverageShsOutDil": 109060000, "link": "https://www.sec.gov/Archives/edgar/data/898173/000089817304000027/0000898173-04-000027-index.htm", "finalLink": "https://www.sec.gov/Archives/edgar/data/898173/000089817304000027/form10k2003.txt", "calculatedOtherExpenses": 0, "calculatedOperatingExpenses": 473060000, "calculatedNetInterest": 0, "calculatedOtherIncome": -5233000, "calculatedIncomeNonControlling": 0, "calculatedEbitda": 207649000}, {"date": "2002-12-31", "symbol": "ORLY", "reportedCurrency": "USD", "cik": "0000898173", "fillingDate": "2003-03-27", "acceptedDate": "2003-03-27 17:16:39", "calendarYear": "2002", "period": "FY", "revenue": 1312490000, "costOfRevenue": 759090000, "grossProfit": 553400000, "grossProfitRatio": 0.4216413077, "researchAndDevelopmentExpenses": 0, "generalAndAdministrativeExpenses": 415099000, "sellingAndMarketingExpenses": 0, "sellingGeneralAndAdministrativeExpenses": 415099000, "otherExpenses": 0, "operatingExpenses": 415099000, "costAndExpenses": 1174189000, "interestIncome": 0, "interestExpense": 0, "depreciationAndAmortization": 36907000, "ebitda": 174268000, "ebitdaratio": 0.1327766307, "operatingIncome": 138301000, "operatingIncomeRatio": 0.1053729933, "totalOtherIncomeExpensesNet": 940000, "incomeBeforeTax": 130982000, "incomeBeforeTaxRatio": 0.0997965699, "incomeTaxExpense": 48990000, "netIncome": 81992000, "netIncomeRatio": 0.0624705712, "eps": 0.77, "epsdiluted": 0.77, "weightedAverageShsOut": 106228000, "weightedAverageShsOutDil": 107384000, "link": "https://www.sec.gov/Archives/edgar/data/898173/000089817303000017/0000898173-03-000017-index.htm", "finalLink": "https://www.sec.gov/Archives/edgar/data/898173/000089817303000017/oreilly10k2002.txt", "calculatedOtherExpenses": 0, "calculatedOperatingExpenses": 415099000, "calculatedNetInterest": 0, "calculatedOtherIncome": -7319000, "calculatedIncomeNonControlling": 0, "calculatedEbitda": 175208000}, {"date": "2001-12-31", "symbol": "ORLY", "reportedCurrency": "USD", "cik": "0000898173", "fillingDate": "2002-03-29", "acceptedDate": "2002-03-29 00:00:00", "calendarYear": "2001", "period": "FY", "revenue": 1092112000, "costOfRevenue": 624294000, "grossProfit": 467818000, "grossProfitRatio": 0.4283608275, "researchAndDevelopmentExpenses": 0, "generalAndAdministrativeExpenses": 353987000, "sellingAndMarketingExpenses": 0, "sellingGeneralAndAdministrativeExpenses": 353987000, "otherExpenses": 0, "operatingExpenses": 353987000, "costAndExpenses": 978281000, "interestIncome": 0, "interestExpense": 0, "depreciationAndAmortization": 30544000, "ebitda": 143749000, "ebitdaratio": 0.1316247784, "operatingIncome": 113831000, "operatingIncomeRatio": 0.1042301522, "totalOtherIncomeExpensesNet": 626000, "incomeBeforeTax": 106727000, "incomeBeforeTaxRatio": 0.0977253249, "incomeTaxExpense": 40375000, "netIncome": 66352000, "netIncomeRatio": 0.0607556734, "eps": 0.64, "epsdiluted": 0.63, "weightedAverageShsOut": 104242000, "weightedAverageShsOutDil": 105572000, "link": "https://www.sec.gov/Archives/edgar/data/898173/000089817302000023/0000898173-02-000023-index.htm", "finalLink": "https://www.sec.gov/Archives/edgar/data/898173/000089817302000023/oreilly200110k.txt", "calculatedOtherExpenses": 0, "calculatedOperatingExpenses": 353987000, "calculatedNetInterest": 0, "calculatedOtherIncome": -7104000, "calculatedIncomeNonControlling": 0, "calculatedEbitda": 144375000}, {"date": "2000-12-31", "symbol": "ORLY", "reportedCurrency": "USD", "cik": "0000898173", "fillingDate": "2001-03-30", "acceptedDate": "2001-03-30 00:00:00", "calendarYear": "2000", "period": "FY", "revenue": 890421000, "costOfRevenue": 482908000, "grossProfit": 407513000, "grossProfitRatio": 0.4576632851, "researchAndDevelopmentExpenses": 0, "generalAndAdministrativeExpenses": 292672000, "sellingAndMarketingExpenses": 0, "sellingGeneralAndAdministrativeExpenses": 292672000, "otherExpenses": 24812000, "operatingExpenses": 317484000, "costAndExpenses": 800392000, "interestIncome": 0, "interestExpense": 0, "depreciationAndAmortization": 24812000, "ebitda": 113788000, "ebitdaratio": 0.1277912358, "operatingIncome": 90029000, "operatingIncomeRatio": 0.1011083521, "totalOtherIncomeExpensesNet": 1053000, "incomeBeforeTax": 83159000, "incomeBeforeTaxRatio": 0.0933929007, "incomeTaxExpense": 31451000, "netIncome": 51708000, "netIncomeRatio": 0.0580714067, "eps": 0.51, "epsdiluted": 0.5, "weightedAverageShsOut": 102336000, "weightedAverageShsOutDil": 103456000, "link": "https://www.sec.gov/Archives/edgar/data/898173/000089817301000023/0000898173-01-000023-index.htm", "finalLink": "https://www.sec.gov/Archives/edgar/data/898173/000089817301000023/0000898173-01-000023-0001.txt", "calculatedOtherExpenses": 24812000, "calculatedOperatingExpenses": 317484000, "calculatedNetInterest": 0, "calculatedOtherIncome": -6870000, "calculatedIncomeNonControlling": 0, "calculatedEbitda": 114841000}, {"date": "1999-12-31", "symbol": "ORLY", "reportedCurrency": "USD", "cik": "0000898173", "fillingDate": "2000-03-30", "acceptedDate": "2000-03-30 00:00:00", "calendarYear": "1999", "period": "FY", "revenue": 754100000, "costOfRevenue": 410900000, "grossProfit": 343200000, "grossProfitRatio": 0.4551120541, "researchAndDevelopmentExpenses": 0, "generalAndAdministrativeExpenses": 248400000, "sellingAndMarketingExpenses": 0, "sellingGeneralAndAdministrativeExpenses": 248400000, "otherExpenses": 17900000, "operatingExpenses": 266300000, "costAndExpenses": 677200000, "interestIncome": 0, "interestExpense": 0, "depreciationAndAmortization": 17900000, "ebitda": 93800000, "ebitdaratio": 0.1243866861, "operatingIncome": 76900000, "operatingIncomeRatio": 0.1019758653, "totalOtherIncomeExpensesNet": 1000000, "incomeBeforeTax": 73000000, "incomeBeforeTaxRatio": 0.0968041374, "incomeTaxExpense": 27400000, "netIncome": 45600000, "netIncomeRatio": 0.0604694338, "eps": 0.47, "epsdiluted": 0.46, "weightedAverageShsOut": 97348000, "weightedAverageShsOutDil": 99430000, "link": "https://www.sec.gov/Archives/edgar/data/898173/000089817300000026/0000898173-00-000026-index.html", "finalLink": "https://www.sec.gov/Archives/edgar/data/898173/000089817300000026/", "calculatedOtherExpenses": 17900000, "calculatedOperatingExpenses": 266300000, "calculatedNetInterest": 0, "calculatedOtherIncome": -3900000, "calculatedIncomeNonControlling": 0, "calculatedEbitda": 94800000}, {"date": "1998-12-31", "symbol": "ORLY", "reportedCurrency": "USD", "cik": "0000898173", "fillingDate": "1999-03-25", "acceptedDate": "1999-03-25 00:00:00", "calendarYear": "1998", "period": "FY", "revenue": 616300000, "costOfRevenue": 346200000, "grossProfit": 270100000, "grossProfitRatio": 0.4382605874, "researchAndDevelopmentExpenses": 0, "generalAndAdministrativeExpenses": 201000000, "sellingAndMarketingExpenses": 0, "sellingGeneralAndAdministrativeExpenses": 201000000, "otherExpenses": 12200000, "operatingExpenses": 213200000, "costAndExpenses": 559400000, "interestIncome": 0, "interestExpense": 0, "depreciationAndAmortization": 12200000, "ebitda": 67900000, "ebitdaratio": 0.1101736167, "operatingIncome": 56900000, "operatingIncomeRatio": 0.0923251663, "totalOtherIncomeExpensesNet": 1200000, "incomeBeforeTax": 50000000, "incomeBeforeTaxRatio": 0.0811293201, "incomeTaxExpense": 19200000, "netIncome": 30800000, "netIncomeRatio": 0.0499756612, "eps": 0.18, "epsdiluted": 0.18, "weightedAverageShsOut": 169904000, "weightedAverageShsOutDil": 172816000, "link": "https://www.sec.gov/Archives/edgar/data/898173/000095017299000309/0000950172-99-000309-index.html", "finalLink": "https://www.sec.gov/Archives/edgar/data/898173/", "calculatedOtherExpenses": 12200000, "calculatedOperatingExpenses": 213200000, "calculatedNetInterest": 0, "calculatedOtherIncome": -6900000, "calculatedIncomeNonControlling": 0, "calculatedEbitda": 69100000}, {"date": "1997-12-31", "symbol": "ORLY", "reportedCurrency": "USD", "cik": "0000898173", "fillingDate": "1998-03-31", "acceptedDate": "1998-03-31 00:00:00", "calendarYear": "1997", "period": "FY", "revenue": 316400000, "costOfRevenue": 173500000, "grossProfit": 142900000, "grossProfitRatio": 0.4516434893, "researchAndDevelopmentExpenses": 0, "generalAndAdministrativeExpenses": 97500000, "sellingAndMarketingExpenses": 0, "sellingGeneralAndAdministrativeExpenses": 97500000, "otherExpenses": 8300000, "operatingExpenses": 105800000, "costAndExpenses": 279300000, "interestIncome": 0, "interestExpense": 0, "depreciationAndAmortization": 8300000, "ebitda": 44800000, "ebitdaratio": 0.1415929204, "operatingIncome": 37100000, "operatingIncomeRatio": 0.1172566372, "totalOtherIncomeExpensesNet": 600000, "incomeBeforeTax": 37500000, "incomeBeforeTaxRatio": 0.1185208597, "incomeTaxExpense": 14400000, "netIncome": 23100000, "netIncomeRatio": 0.0730088496, "eps": 0.28, "epsdiluted": 0.27, "weightedAverageShsOut": 84172000, "weightedAverageShsOutDil": 85108000, "link": "https://www.sec.gov/Archives/edgar/data/898173/000089817398000005/0000898173-98-000005-index.html", "finalLink": "https://www.sec.gov/Archives/edgar/data/898173/", "calculatedOtherExpenses": 8300000, "calculatedOperatingExpenses": 105800000, "calculatedNetInterest": 0, "calculatedOtherIncome": 400000, "calculatedIncomeNonControlling": 0, "calculatedEbitda": 45400000}, {"date": "1996-12-31", "symbol": "ORLY", "reportedCurrency": "USD", "cik": "0000898173", "fillingDate": "1997-03-31", "acceptedDate": "1997-03-31 00:00:00", "calendarYear": "1996", "period": "FY", "revenue": 259200000, "costOfRevenue": 144700000, "grossProfit": 114500000, "grossProfitRatio": 0.4417438272, "researchAndDevelopmentExpenses": 0, "generalAndAdministrativeExpenses": 79600000, "sellingAndMarketingExpenses": 0, "sellingGeneralAndAdministrativeExpenses": 79600000, "otherExpenses": 6100000, "operatingExpenses": 85700000, "costAndExpenses": 230400000, "interestIncome": 0, "interestExpense": 0, "depreciationAndAmortization": 6100000, "ebitda": 33700000, "ebitdaratio": 0.1300154321, "operatingIncome": 28800000, "operatingIncomeRatio": 0.1111111111, "totalOtherIncomeExpensesNet": 1200000, "incomeBeforeTax": 30100000, "incomeBeforeTaxRatio": 0.1161265432, "incomeTaxExpense": 11100000, "netIncome": 19000000, "netIncomeRatio": 0.0733024691, "eps": 0.23, "epsdiluted": 0.23, "weightedAverageShsOut": 83456000, "weightedAverageShsOutDil": 83456000, "link": "https://www.sec.gov/Archives/edgar/data/898173/000095013197002239/0000950131-97-002239-index.html", "finalLink": "https://www.sec.gov/Archives/edgar/data/898173/", "calculatedOtherExpenses": 6100000, "calculatedOperatingExpenses": 85700000, "calculatedNetInterest": 0, "calculatedOtherIncome": 1300000, "calculatedIncomeNonControlling": 0, "calculatedEbitda": 34900000}, {"date": "1995-12-31", "symbol": "ORLY", "reportedCurrency": "USD", "cik": "0000898173", "fillingDate": "1995-12-31", "acceptedDate": "1995-12-30 19:00:00", "calendarYear": "1995", "period": "FY", "revenue": 201500000, "costOfRevenue": 112800000, "grossProfit": 88700000, "grossProfitRatio": 0.4401985112, "researchAndDevelopmentExpenses": 0, "generalAndAdministrativeExpenses": 0, "sellingAndMarketingExpenses": 0, "sellingGeneralAndAdministrativeExpenses": 62700000, "otherExpenses": 66700000, "operatingExpenses": 66700000, "costAndExpenses": 179500000, "interestIncome": 0, "interestExpense": 0, "depreciationAndAmortization": 4000000, "ebitda": 25500000, "ebitdaratio": 0.1265508685, "operatingIncome": 22000000, "operatingIncomeRatio": 0.1091811414, "totalOtherIncomeExpensesNet": 500000, "incomeBeforeTax": 22300000, "incomeBeforeTaxRatio": 0.1106699752, "incomeTaxExpense": 8200000, "netIncome": 14100000, "netIncomeRatio": 0.0699751861, "eps": 0.025, "epsdiluted": 0.025, "weightedAverageShsOut": 82896000, "weightedAverageShsOutDil": 82896000, "link": "", "finalLink": "", "calculatedOtherExpenses": 4000000, "calculatedOperatingExpenses": 66700000, "calculatedNetInterest": 0, "calculatedOtherIncome": 300000, "calculatedIncomeNonControlling": 0, "calculatedEbitda": 26000000}, {"date": "1994-12-31", "symbol": "ORLY", "reportedCurrency": "USD", "cik": "0000898173", "fillingDate": "1994-12-31", "acceptedDate": "1994-12-30 19:00:00", "calendarYear": "1994", "period": "FY", "revenue": 167100000, "costOfRevenue": 94600000, "grossProfit": 72500000, "grossProfitRatio": 0.433871933, "researchAndDevelopmentExpenses": 0, "generalAndAdministrativeExpenses": 0, "sellingAndMarketingExpenses": 0, "sellingGeneralAndAdministrativeExpenses": 52100000, "otherExpenses": 55300000, "operatingExpenses": 55300000, "costAndExpenses": 149900000, "interestIncome": 0, "interestExpense": 0, "depreciationAndAmortization": 3200000, "ebitda": 19900000, "ebitdaratio": 0.1190903651, "operatingIncome": 17200000, "operatingIncomeRatio": 0.1029323758, "totalOtherIncomeExpensesNet": 500000, "incomeBeforeTax": 17600000, "incomeBeforeTaxRatio": 0.105326152, "incomeTaxExpense": 6500000, "netIncome": 11100000, "netIncomeRatio": 0.066427289, "eps": 0.02, "epsdiluted": 0.02, "weightedAverageShsOut": 69432000, "weightedAverageShsOutDil": 69432000, "link": "", "finalLink": "", "calculatedOtherExpenses": 3200000, "calculatedOperatingExpenses": 55300000, "calculatedNetInterest": 0, "calculatedOtherIncome": 400000, "calculatedIncomeNonControlling": 0, "calculatedEbitda": 20400000}, {"date": "1993-12-31", "symbol": "ORLY", "reportedCurrency": "USD", "cik": "0000898173", "fillingDate": "1993-12-31", "acceptedDate": "1993-12-30 19:00:00", "calendarYear": "1993", "period": "FY", "revenue": 137200000, "costOfRevenue": 79300000, "grossProfit": 57900000, "grossProfitRatio": 0.4220116618, "researchAndDevelopmentExpenses": 0, "generalAndAdministrativeExpenses": 0, "sellingAndMarketingExpenses": 0, "sellingGeneralAndAdministrativeExpenses": 42500000, "otherExpenses": 45300000, "operatingExpenses": 45300000, "costAndExpenses": 124600000, "interestIncome": 0, "interestExpense": 0, "depreciationAndAmortization": 2800000, "ebitda": 15000000, "ebitdaratio": 0.1093294461, "operatingIncome": 12600000, "operatingIncomeRatio": 0.0918367347, "totalOtherIncomeExpensesNet": 400000, "incomeBeforeTax": 12800000, "incomeBeforeTaxRatio": 0.0932944606, "incomeTaxExpense": 4600000, "netIncome": 8200000, "netIncomeRatio": 0.0597667638, "eps": 0.0163, "epsdiluted": 0.0163, "weightedAverageShsOut": 68984000, "weightedAverageShsOutDil": 68984000, "link": "", "finalLink": "", "calculatedOtherExpenses": 2800000, "calculatedOperatingExpenses": 45300000, "calculatedNetInterest": 0, "calculatedOtherIncome": 200000, "calculatedIncomeNonControlling": 0, "calculatedEbitda": 15400000}]}