{"originalCurrency": "USD", "convertedCurrency": "USD", "report": [{"date": "2023-06-30", "symbol": "OSIS", "reportedCurrency": "USD", "cik": "0001039065", "fillingDate": "2023-08-29", "acceptedDate": "2023-08-29 12:40:04", "calendarYear": "2023", "period": "FY", "revenue": 1278427000, "costOfRevenue": 847917000, "grossProfit": 430510000, "grossProfitRatio": 0.3367497714, "researchAndDevelopmentExpenses": 59352000, "generalAndAdministrativeExpenses": 0, "sellingAndMarketingExpenses": 0, "sellingGeneralAndAdministrativeExpenses": 228313000, "otherExpenses": 7566000, "operatingExpenses": 287665000, "costAndExpenses": 1135582000, "interestIncome": 20041000, "interestExpense": 20041000, "depreciationAndAmortization": 7566000, "ebitda": 142845000, "ebitdaratio": 0.1117349681, "operatingIncome": 135279000, "operatingIncomeRatio": 0.1058167576, "totalOtherIncomeExpensesNet": -7566000, "incomeBeforeTax": 115238000, "incomeBeforeTaxRatio": 0.0901404617, "incomeTaxExpense": 23460000, "netIncome": 91778000, "netIncomeRatio": 0.0717897854, "eps": 5.45, "epsdiluted": 5.34, "weightedAverageShsOut": 16828000, "weightedAverageShsOutDil": 17190000, "link": "https://www.sec.gov/Archives/edgar/data/1039065/000110465923096477/0001104659-23-096477-index.htm", "finalLink": "https://www.sec.gov/Archives/edgar/data/1039065/000110465923096477/osis-20230630x10k.htm", "calculatedOtherExpenses": 7566000, "calculatedOperatingExpenses": 295231000, "calculatedNetInterest": 0, "calculatedOtherIncome": -20041000, "calculatedIncomeNonControlling": 0, "calculatedEbitda": 142845000}, {"date": "2022-06-30", "symbol": "OSIS", "reportedCurrency": "USD", "cik": "0001039065", "fillingDate": "2022-08-19", "acceptedDate": "2022-08-19 16:40:04", "calendarYear": "2022", "period": "FY", "revenue": 1183236000, "costOfRevenue": 758809000, "grossProfit": 424427000, "grossProfitRatio": 0.3587002086, "researchAndDevelopmentExpenses": 59583000, "generalAndAdministrativeExpenses": 0, "sellingAndMarketingExpenses": 0, "sellingGeneralAndAdministrativeExpenses": 235553000, "otherExpenses": 27373000, "operatingExpenses": 295136000, "costAndExpenses": 1053945000, "interestIncome": 8962000, "interestExpense": 8962000, "depreciationAndAmortization": 34915000, "ebitda": 156664000, "ebitdaratio": 0.1324030033, "operatingIncome": 121749000, "operatingIncomeRatio": 0.1028949423, "totalOtherIncomeExpensesNet": 18411000, "incomeBeforeTax": 140160000, "incomeBeforeTaxRatio": 0.1184548137, "incomeTaxExpense": 24813000, "netIncome": 115347000, "netIncomeRatio": 0.0974843565, "eps": 6.57, "epsdiluted": 6.45, "weightedAverageShsOut": 17551000, "weightedAverageShsOutDil": 17870000, "link": "https://www.sec.gov/Archives/edgar/data/1039065/000110465922092999/0001104659-22-092999-index.htm", "finalLink": "https://www.sec.gov/Archives/edgar/data/1039065/000110465922092999/osis-20220630x10k.htm", "calculatedOtherExpenses": 7542000, "calculatedOperatingExpenses": 302678000, "calculatedNetInterest": 0, "calculatedOtherIncome": 18411000, "calculatedIncomeNonControlling": 0, "calculatedEbitda": 156664000}, {"date": "2021-06-30", "symbol": "OSIS", "reportedCurrency": "USD", "cik": "0001039065", "fillingDate": "2021-08-23", "acceptedDate": "2021-08-23 17:06:51", "calendarYear": "2021", "period": "FY", "revenue": 1146902000, "costOfRevenue": 726984000, "grossProfit": 419918000, "grossProfitRatio": 0.3661324158, "researchAndDevelopmentExpenses": 53696000, "generalAndAdministrativeExpenses": 0, "sellingAndMarketingExpenses": 0, "sellingGeneralAndAdministrativeExpenses": 240747000, "otherExpenses": 0, "operatingExpenses": 294443000, "costAndExpenses": 1021427000, "interestIncome": 16731000, "interestExpense": 16731000, "depreciationAndAmortization": 43855000, "ebitda": 125475000, "ebitdaratio": 0.1094034189, "operatingIncome": 81620000, "operatingIncomeRatio": 0.0711656271, "totalOtherIncomeExpensesNet": 17020000, "incomeBeforeTax": 98640000, "incomeBeforeTaxRatio": 0.0860056047, "incomeTaxExpense": 24591000, "netIncome": 74049000, "netIncomeRatio": 0.0645643656, "eps": 4.12, "epsdiluted": 4.03, "weightedAverageShsOut": 17968000, "weightedAverageShsOutDil": 18388000, "link": "https://www.sec.gov/Archives/edgar/data/1039065/000110465921108619/0001104659-21-108619-index.htm", "finalLink": "https://www.sec.gov/Archives/edgar/data/1039065/000110465921108619/osis-20210630x10k.htm", "calculatedOtherExpenses": 43855000, "calculatedOperatingExpenses": 338298000, "calculatedNetInterest": 0, "calculatedOtherIncome": 17020000, "calculatedIncomeNonControlling": 0, "calculatedEbitda": 125475000}, {"date": "2020-06-30", "symbol": "OSIS", "reportedCurrency": "USD", "cik": "0001039065", "fillingDate": "2020-08-21", "acceptedDate": "2020-08-21 17:18:26", "calendarYear": "2020", "period": "FY", "revenue": 1166044000, "costOfRevenue": 745405000, "grossProfit": 420639000, "grossProfitRatio": 0.3607402465, "researchAndDevelopmentExpenses": 57308000, "generalAndAdministrativeExpenses": 0, "sellingAndMarketingExpenses": 0, "sellingGeneralAndAdministrativeExpenses": 251961000, "otherExpenses": 6483000, "operatingExpenses": 309269000, "costAndExpenses": 1054674000, "interestIncome": 18765000, "interestExpense": 18765000, "depreciationAndAmortization": 49758000, "ebitda": 111370000, "ebitdaratio": 0.0955109756, "operatingIncome": 61612000, "operatingIncomeRatio": 0.0528384864, "totalOtherIncomeExpensesNet": 24510000, "incomeBeforeTax": 86122000, "incomeBeforeTaxRatio": 0.0738582764, "incomeTaxExpense": 10870000, "netIncome": 75252000, "netIncomeRatio": 0.0645361582, "eps": 4.14, "epsdiluted": 4.05, "weightedAverageShsOut": 18191000, "weightedAverageShsOutDil": 18600000, "link": "https://www.sec.gov/Archives/edgar/data/1039065/000110465920097650/0001104659-20-097650-index.htm", "finalLink": "https://www.sec.gov/Archives/edgar/data/1039065/000110465920097650/osis-20200630x10k.htm", "calculatedOtherExpenses": 49758000, "calculatedOperatingExpenses": 359027000, "calculatedNetInterest": 0, "calculatedOtherIncome": 24510000, "calculatedIncomeNonControlling": 0, "calculatedEbitda": 111370000}, {"date": "2019-06-30", "symbol": "OSIS", "reportedCurrency": "USD", "cik": "0001039065", "fillingDate": "2019-08-27", "acceptedDate": "2019-08-27 17:25:08", "calendarYear": "2019", "period": "FY", "revenue": 1182115000, "costOfRevenue": 751521000, "grossProfit": 430594000, "grossProfitRatio": 0.3642572846, "researchAndDevelopmentExpenses": 56509000, "generalAndAdministrativeExpenses": 0, "sellingAndMarketingExpenses": 0, "sellingGeneralAndAdministrativeExpenses": 262484000, "otherExpenses": -7000, "operatingExpenses": 318993000, "costAndExpenses": 1070514000, "interestIncome": 21610000, "interestExpense": 21610000, "depreciationAndAmortization": 56234000, "ebitda": 111601000, "ebitdaratio": 0.0944079045, "operatingIncome": 89991000, "operatingIncomeRatio": 0.0761271112, "totalOtherIncomeExpensesNet": 30797000, "incomeBeforeTax": 86164000, "incomeBeforeTaxRatio": 0.0728896935, "incomeTaxExpense": 21368000, "netIncome": 64796000, "netIncomeRatio": 0.054813618, "eps": 3.58, "epsdiluted": 3.46, "weightedAverageShsOut": 18097000, "weightedAverageShsOutDil": 18720000, "link": "https://www.sec.gov/Archives/edgar/data/1039065/000104746919004853/0001047469-19-004853-index.htm", "finalLink": "https://www.sec.gov/Archives/edgar/data/1039065/000104746919004853/a2239525z10-k.htm", "calculatedOtherExpenses": 21610000, "calculatedOperatingExpenses": 340603000, "calculatedNetInterest": 0, "calculatedOtherIncome": -3827000, "calculatedIncomeNonControlling": 0, "calculatedEbitda": 146225000}, {"date": "2018-06-30", "symbol": "OSIS", "reportedCurrency": "USD", "cik": "0001039065", "fillingDate": "2018-08-28", "acceptedDate": "2018-08-28 06:11:12", "calendarYear": "2018", "period": "FY", "revenue": 1089286000, "costOfRevenue": 697634000, "grossProfit": 391652000, "grossProfitRatio": 0.3595492827, "researchAndDevelopmentExpenses": 61189000, "generalAndAdministrativeExpenses": 239592000, "sellingAndMarketingExpenses": 0, "sellingGeneralAndAdministrativeExpenses": 239592000, "otherExpenses": 239000, "operatingExpenses": 300781000, "costAndExpenses": 998415000, "interestIncome": 0, "interestExpense": 19293000, "depreciationAndAmortization": 69754000, "ebitda": 91110000, "ebitdaratio": 0.0836419453, "operatingIncome": 55908000, "operatingIncomeRatio": 0.0513253636, "totalOtherIncomeExpensesNet": -34724000, "incomeBeforeTax": 36854000, "incomeBeforeTaxRatio": 0.0338331715, "incomeTaxExpense": 65981000, "netIncome": -29127000, "netIncomeRatio": -0.026739534, "eps": -1.62, "epsdiluted": -1.57, "weightedAverageShsOut": 18032374, "weightedAverageShsOutDil": 18592000, "link": "https://www.sec.gov/Archives/edgar/data/1039065/000104746918005819/0001047469-18-005819-index.htm", "finalLink": "https://www.sec.gov/Archives/edgar/data/1039065/000104746918005819/a2236541z10-k.htm", "calculatedOtherExpenses": 34963000, "calculatedOperatingExpenses": 335744000, "calculatedNetInterest": -19293000, "calculatedOtherIncome": 239000, "calculatedIncomeNonControlling": 0, "calculatedEbitda": 125662000}, {"date": "2017-06-30", "symbol": "OSIS", "reportedCurrency": "USD", "cik": "0001039065", "fillingDate": "2017-09-07", "acceptedDate": "2017-09-07 13:03:59", "calendarYear": "2017", "period": "FY", "revenue": 960951000, "costOfRevenue": 637450000, "grossProfit": 323501000, "grossProfitRatio": 0.3366467177, "researchAndDevelopmentExpenses": 50951000, "generalAndAdministrativeExpenses": 192560000, "sellingAndMarketingExpenses": 0, "sellingGeneralAndAdministrativeExpenses": 192560000, "otherExpenses": 2088000, "operatingExpenses": 243511000, "costAndExpenses": 880961000, "interestIncome": 0, "interestExpense": 9629000, "depreciationAndAmortization": 68235000, "ebitda": 82078000, "ebitdaratio": 0.0854133041, "operatingIncome": 33292000, "operatingIncomeRatio": 0.0346448466, "totalOtherIncomeExpensesNet": -44610000, "incomeBeforeTax": 25751000, "incomeBeforeTaxRatio": 0.0267974121, "incomeTaxExpense": 4675000, "netIncome": 21076000, "netIncomeRatio": 0.0219324398, "eps": 1.13, "epsdiluted": 1.07, "weightedAverageShsOut": 18689568, "weightedAverageShsOutDil": 19689000, "link": "https://www.sec.gov/Archives/edgar/data/1039065/000104746917005596/0001047469-17-005596-index.htm", "finalLink": "https://www.sec.gov/Archives/edgar/data/1039065/000104746917005596/a2232548z10-k.htm", "calculatedOtherExpenses": 46698000, "calculatedOperatingExpenses": 290209000, "calculatedNetInterest": -9629000, "calculatedOtherIncome": 2088000, "calculatedIncomeNonControlling": 0, "calculatedEbitda": 101527000}, {"date": "2016-06-30", "symbol": "OSIS", "reportedCurrency": "USD", "cik": "0001039065", "fillingDate": "2016-08-19", "acceptedDate": "2016-08-19 17:02:27", "calendarYear": "2016", "period": "FY", "revenue": 829660000, "costOfRevenue": 552801000, "grossProfit": 276859000, "grossProfitRatio": 0.3337017573, "researchAndDevelopmentExpenses": 49816000, "generalAndAdministrativeExpenses": 166655000, "sellingAndMarketingExpenses": 0, "sellingGeneralAndAdministrativeExpenses": 166655000, "otherExpenses": -12296000, "operatingExpenses": 216471000, "costAndExpenses": 769272000, "interestIncome": 0, "interestExpense": 2879000, "depreciationAndAmortization": 57922000, "ebitda": 60388000, "ebitdaratio": 0.0727864426, "operatingIncome": 38374000, "operatingIncomeRatio": 0.0462526818, "totalOtherIncomeExpensesNet": -22014000, "incomeBeforeTax": 35495000, "incomeBeforeTaxRatio": 0.0427825856, "incomeTaxExpense": 9338000, "netIncome": 26157000, "netIncomeRatio": 0.0315273727, "eps": 1.38, "epsdiluted": 1.3, "weightedAverageShsOut": 18912157, "weightedAverageShsOutDil": 20076000, "link": "https://www.sec.gov/Archives/edgar/data/1039065/000104746916015059/0001047469-16-015059-index.htm", "finalLink": "https://www.sec.gov/Archives/edgar/data/1039065/000104746916015059/a2229501z10-k.htm", "calculatedOtherExpenses": 22014000, "calculatedOperatingExpenses": 238485000, "calculatedNetInterest": -2879000, "calculatedOtherIncome": 0, "calculatedIncomeNonControlling": 0, "calculatedEbitda": 96296000}, {"date": "2015-06-30", "symbol": "OSIS", "reportedCurrency": "USD", "cik": "0001039065", "fillingDate": "2015-08-24", "acceptedDate": "2015-08-24 16:32:59", "calendarYear": "2015", "period": "FY", "revenue": 958202000, "costOfRevenue": 632849000, "grossProfit": 325353000, "grossProfitRatio": 0.3395453151, "researchAndDevelopmentExpenses": 51639000, "generalAndAdministrativeExpenses": 171756000, "sellingAndMarketingExpenses": 0, "sellingGeneralAndAdministrativeExpenses": 171756000, "otherExpenses": 9850000, "operatingExpenses": 223395000, "costAndExpenses": 856244000, "interestIncome": 0, "interestExpense": 3255000, "depreciationAndAmortization": 58976000, "ebitda": 101958000, "ebitdaratio": 0.1064055387, "operatingIncome": 92108000, "operatingIncomeRatio": 0.0961258691, "totalOtherIncomeExpensesNet": -9850000, "incomeBeforeTax": 88853000, "incomeBeforeTaxRatio": 0.0927288818, "incomeTaxExpense": 23702000, "netIncome": 65151000, "netIncomeRatio": 0.0679929702, "eps": 3.29, "epsdiluted": 3.17, "weightedAverageShsOut": 19799000, "weightedAverageShsOutDil": 20526000, "link": "https://www.sec.gov/Archives/edgar/data/1039065/000155837015001687/0001558370-15-001687-index.htm", "finalLink": "https://www.sec.gov/Archives/edgar/data/1039065/000155837015001687/osis-20150630x10k.htm", "calculatedOtherExpenses": 9850000, "calculatedOperatingExpenses": 233245000, "calculatedNetInterest": -3255000, "calculatedOtherIncome": 0, "calculatedIncomeNonControlling": 0, "calculatedEbitda": 151084000}, {"date": "2014-06-30", "symbol": "OSIS", "reportedCurrency": "USD", "cik": "0001039065", "fillingDate": "2014-08-27", "acceptedDate": "2014-08-27 17:04:58", "calendarYear": "2014", "period": "FY", "revenue": 906742000, "costOfRevenue": 601742000, "grossProfit": 305000000, "grossProfitRatio": 0.3363691105, "researchAndDevelopmentExpenses": 44792000, "generalAndAdministrativeExpenses": 166869000, "sellingAndMarketingExpenses": 0, "sellingGeneralAndAdministrativeExpenses": 166869000, "otherExpenses": 0, "operatingExpenses": 211661000, "costAndExpenses": 813403000, "interestIncome": 0, "interestExpense": 5440000, "depreciationAndAmortization": 54239000, "ebitda": 93339000, "ebitdaratio": 0.1029388735, "operatingIncome": 81295000, "operatingIncomeRatio": 0.0896561536, "totalOtherIncomeExpensesNet": -12044000, "incomeBeforeTax": 75855000, "incomeBeforeTaxRatio": 0.0836566521, "incomeTaxExpense": 27961000, "netIncome": 47894000, "netIncomeRatio": 0.052819876, "eps": 2.4, "epsdiluted": 2.33, "weightedAverageShsOut": 19942923, "weightedAverageShsOutDil": 20587000, "link": "https://www.sec.gov/Archives/edgar/data/1039065/000104746914007228/0001047469-14-007228-index.htm", "finalLink": "https://www.sec.gov/Archives/edgar/data/1039065/000104746914007228/a2221228z10-k.htm", "calculatedOtherExpenses": 12044000, "calculatedOperatingExpenses": 223705000, "calculatedNetInterest": -5440000, "calculatedOtherIncome": 0, "calculatedIncomeNonControlling": 0, "calculatedEbitda": 135534000}, {"date": "2013-06-30", "symbol": "OSIS", "reportedCurrency": "USD", "cik": "0001039065", "fillingDate": "2013-08-16", "acceptedDate": "2013-08-16 16:55:42", "calendarYear": "2013", "period": "FY", "revenue": 802047000, "costOfRevenue": 511621000, "grossProfit": 290426000, "grossProfitRatio": 0.3621059614, "researchAndDevelopmentExpenses": 48240000, "generalAndAdministrativeExpenses": 159761000, "sellingAndMarketingExpenses": 0, "sellingGeneralAndAdministrativeExpenses": 159761000, "otherExpenses": 7987000, "operatingExpenses": 208001000, "costAndExpenses": 719622000, "interestIncome": 0, "interestExpense": 5024000, "depreciationAndAmortization": 27507000, "ebitda": 82425000, "ebitdaratio": 0.1027682916, "operatingIncome": 74438000, "operatingIncomeRatio": 0.0928100224, "totalOtherIncomeExpensesNet": -7987000, "incomeBeforeTax": 69414000, "incomeBeforeTaxRatio": 0.0865460503, "incomeTaxExpense": 25279000, "netIncome": 44135000, "netIncomeRatio": 0.0550279472, "eps": 2.22, "epsdiluted": 2.15, "weightedAverageShsOut": 19914089, "weightedAverageShsOutDil": 20568000, "link": "https://www.sec.gov/Archives/edgar/data/1039065/000104746913008515/0001047469-13-008515-index.htm", "finalLink": "https://www.sec.gov/Archives/edgar/data/1039065/000104746913008515/a2216386z10-k.htm", "calculatedOtherExpenses": 7987000, "calculatedOperatingExpenses": 215988000, "calculatedNetInterest": -5024000, "calculatedOtherIncome": 0, "calculatedIncomeNonControlling": 0, "calculatedEbitda": 101945000}, {"date": "2012-06-30", "symbol": "OSIS", "reportedCurrency": "USD", "cik": "0001039065", "fillingDate": "2012-08-13", "acceptedDate": "2012-08-13 13:39:47", "calendarYear": "2012", "period": "FY", "revenue": 792990000, "costOfRevenue": 524348000, "grossProfit": 268642000, "grossProfitRatio": 0.3387709807, "researchAndDevelopmentExpenses": 49565000, "generalAndAdministrativeExpenses": 151746000, "sellingAndMarketingExpenses": 0, "sellingGeneralAndAdministrativeExpenses": 151746000, "otherExpenses": 1391000, "operatingExpenses": 201311000, "costAndExpenses": 725659000, "interestIncome": 0, "interestExpense": 3957000, "depreciationAndAmortization": 20199000, "ebitda": 67331000, "ebitdaratio": 0.0849077542, "operatingIncome": 65940000, "operatingIncomeRatio": 0.0831536337, "totalOtherIncomeExpensesNet": -1391000, "incomeBeforeTax": 61983000, "incomeBeforeTaxRatio": 0.0781636591, "incomeTaxExpense": 16435000, "netIncome": 45548000, "netIncomeRatio": 0.0574383031, "eps": 2.3, "epsdiluted": 2.24, "weightedAverageShsOut": 19821064, "weightedAverageShsOutDil": 20330000, "link": "https://www.sec.gov/Archives/edgar/data/1039065/000104746912008174/0001047469-12-008174-index.htm", "finalLink": "https://www.sec.gov/Archives/edgar/data/1039065/000104746912008174/a2210535z10-k.htm", "calculatedOtherExpenses": 1391000, "calculatedOperatingExpenses": 202702000, "calculatedNetInterest": -3957000, "calculatedOtherIncome": 0, "calculatedIncomeNonControlling": 0, "calculatedEbitda": 86139000}, {"date": "2011-06-30", "symbol": "OSIS", "reportedCurrency": "USD", "cik": "0001039065", "fillingDate": "2011-08-26", "acceptedDate": "2011-08-25 20:29:00", "calendarYear": "2011", "period": "FY", "revenue": 656100000, "costOfRevenue": 416834000, "grossProfit": 239266000, "grossProfitRatio": 0.3646791648, "researchAndDevelopmentExpenses": 45448000, "generalAndAdministrativeExpenses": 142633000, "sellingAndMarketingExpenses": 0, "sellingGeneralAndAdministrativeExpenses": 142633000, "otherExpenses": 3424000, "operatingExpenses": 188081000, "costAndExpenses": 604915000, "interestIncome": 0, "interestExpense": 1026000, "depreciationAndAmortization": 18529000, "ebitda": 51185000, "ebitdaratio": 0.0780140223, "operatingIncome": 47761000, "operatingIncomeRatio": 0.0727953056, "totalOtherIncomeExpensesNet": -3424000, "incomeBeforeTax": 46735000, "incomeBeforeTaxRatio": 0.0712315196, "incomeTaxExpense": 13313000, "netIncome": 33422000, "netIncomeRatio": 0.0509404054, "eps": 1.71, "epsdiluted": 1.71, "weightedAverageShsOut": 19507065, "weightedAverageShsOutDil": 19548000, "link": "https://www.sec.gov/Archives/edgar/data/1039065/000104746911007670/0001047469-11-007670-index.htm", "finalLink": "https://www.sec.gov/Archives/edgar/data/1039065/000104746911007670/a2205374z10-k.htm", "calculatedOtherExpenses": 3424000, "calculatedOperatingExpenses": 191505000, "calculatedNetInterest": -1026000, "calculatedOtherIncome": 0, "calculatedIncomeNonControlling": 0, "calculatedEbitda": 66290000}, {"date": "2010-06-30", "symbol": "OSIS", "reportedCurrency": "USD", "cik": "0001039065", "fillingDate": "2010-08-27", "acceptedDate": "2010-08-26 21:38:06", "calendarYear": "2010", "period": "FY", "revenue": 595111000, "costOfRevenue": 377077000, "grossProfit": 218034000, "grossProfitRatio": 0.3663753485, "researchAndDevelopmentExpenses": 38577000, "generalAndAdministrativeExpenses": 139830000, "sellingAndMarketingExpenses": 0, "sellingGeneralAndAdministrativeExpenses": 139830000, "otherExpenses": 4688000, "operatingExpenses": 178407000, "costAndExpenses": 555484000, "interestIncome": 0, "interestExpense": 4469000, "depreciationAndAmortization": 18561000, "ebitda": 42486000, "ebitdaratio": 0.0713917236, "operatingIncome": 36768000, "operatingIncomeRatio": 0.061783432, "totalOtherIncomeExpensesNet": -2859000, "incomeBeforeTax": 34996000, "incomeBeforeTaxRatio": 0.0588058362, "incomeTaxExpense": 11439000, "netIncome": 23557000, "netIncomeRatio": 0.039584212, "eps": 1.29, "epsdiluted": 1.28, "weightedAverageShsOut": 17737000, "weightedAverageShsOutDil": 18389000, "link": "https://www.sec.gov/Archives/edgar/data/1039065/000119312510198574/0001193125-10-198574-index.htm", "finalLink": "https://www.sec.gov/Archives/edgar/data/1039065/000119312510198574/d10k.htm", "calculatedOtherExpenses": 2859000, "calculatedOperatingExpenses": 181266000, "calculatedNetInterest": -4469000, "calculatedOtherIncome": 2697000, "calculatedIncomeNonControlling": 0, "calculatedEbitda": 55329000}, {"date": "2009-06-30", "symbol": "OSIS", "reportedCurrency": "USD", "cik": "0001039065", "fillingDate": "2009-08-28", "acceptedDate": "2009-08-28 06:08:04", "calendarYear": "2009", "period": "FY", "revenue": 590361000, "costOfRevenue": 388910000, "grossProfit": 201451000, "grossProfitRatio": 0.3412335842, "researchAndDevelopmentExpenses": 36862000, "generalAndAdministrativeExpenses": 137939000, "sellingAndMarketingExpenses": 0, "sellingGeneralAndAdministrativeExpenses": 137939000, "otherExpenses": 4688000, "operatingExpenses": 174801000, "costAndExpenses": 563711000, "interestIncome": 0, "interestExpense": -4469000, "depreciationAndAmortization": 17805000, "ebitda": 51578000, "ebitdaratio": 0.0873668823, "operatingIncome": 19527000, "operatingIncomeRatio": 0.0330763719, "totalOtherIncomeExpensesNet": -7123000, "incomeBeforeTax": 16591000, "incomeBeforeTaxRatio": 0.0281031437, "incomeTaxExpense": 5393000, "netIncome": 11152000, "netIncomeRatio": 0.0188901367, "eps": 0.64, "epsdiluted": 0.63, "weightedAverageShsOut": 17518000, "weightedAverageShsOutDil": 17596000, "link": "https://www.sec.gov/Archives/edgar/data/1039065/000119312509183269/0001193125-09-183269-index.htm", "finalLink": "https://www.sec.gov/Archives/edgar/data/1039065/000119312509183269/d10k.htm", "calculatedOtherExpenses": 7123000, "calculatedOperatingExpenses": 181924000, "calculatedNetInterest": 4469000, "calculatedOtherIncome": -7405000, "calculatedIncomeNonControlling": 46000, "calculatedEbitda": 37332000}, {"date": "2008-06-30", "symbol": "OSIS", "reportedCurrency": "USD", "cik": "0001039065", "fillingDate": "2008-08-28", "acceptedDate": "2008-08-28 17:04:13", "calendarYear": "2008", "period": "FY", "revenue": 623088000, "costOfRevenue": 404049000, "grossProfit": 219039000, "grossProfitRatio": 0.3515378245, "researchAndDevelopmentExpenses": 45361000, "generalAndAdministrativeExpenses": 150050000, "sellingAndMarketingExpenses": 0, "sellingGeneralAndAdministrativeExpenses": 150050000, "otherExpenses": 4688000, "operatingExpenses": 200099000, "costAndExpenses": 604148000, "interestIncome": 475000, "interestExpense": -4544000, "depreciationAndAmortization": 19342000, "ebitda": 42970000, "ebitdaratio": 0.0689629715, "operatingIncome": 18940000, "operatingIncomeRatio": 0.0303969905, "totalOtherIncomeExpensesNet": -4688000, "incomeBeforeTax": 14471000, "incomeBeforeTaxRatio": 0.0232246488, "incomeTaxExpense": 579000, "netIncome": 13860000, "netIncomeRatio": 0.022244049, "eps": 0.8, "epsdiluted": 0.78, "weightedAverageShsOut": 17428000, "weightedAverageShsOutDil": 17735000, "link": "https://www.sec.gov/Archives/edgar/data/1039065/000119312508186838/0001193125-08-186838-index.htm", "finalLink": "https://www.sec.gov/Archives/edgar/data/1039065/000119312508186838/d10k.htm", "calculatedOtherExpenses": 4688000, "calculatedOperatingExpenses": 200099000, "calculatedNetInterest": 5019000, "calculatedOtherIncome": -9488000, "calculatedIncomeNonControlling": 32000, "calculatedEbitda": 38282000}, {"date": "2007-06-30", "symbol": "OSIS", "reportedCurrency": "USD", "cik": "0001039065", "fillingDate": "2007-09-13", "acceptedDate": "2007-09-13 06:02:56", "calendarYear": "2007", "period": "FY", "revenue": 532284000, "costOfRevenue": 354067000, "grossProfit": 178217000, "grossProfitRatio": 0.3348156247, "researchAndDevelopmentExpenses": 44446000, "generalAndAdministrativeExpenses": 149859000, "sellingAndMarketingExpenses": 0, "sellingGeneralAndAdministrativeExpenses": 149859000, "otherExpenses": 26071000, "operatingExpenses": 220376000, "costAndExpenses": 574443000, "interestIncome": 475000, "interestExpense": -4544000, "depreciationAndAmortization": 17828000, "ebitda": -14026000, "ebitdaratio": -0.0263505948, "operatingIncome": -42159000, "operatingIncomeRatio": -0.0792039588, "totalOtherIncomeExpensesNet": -10305000, "incomeBeforeTax": -30462000, "incomeBeforeTaxRatio": -0.0572288478, "incomeTaxExpense": -12876000, "netIncome": -18758000, "netIncomeRatio": -0.0352405859, "eps": -1.11, "epsdiluted": -1.11, "weightedAverageShsOut": 16844000, "weightedAverageShsOutDil": 16844000, "link": "https://www.sec.gov/Archives/edgar/data/1039065/000119312507200115/0001193125-07-200115-index.htm", "finalLink": "https://www.sec.gov/Archives/edgar/data/1039065/000119312507200115/d10k.htm", "calculatedOtherExpenses": 26071000, "calculatedOperatingExpenses": 220376000, "calculatedNetInterest": 5019000, "calculatedOtherIncome": 6678000, "calculatedIncomeNonControlling": 1172000, "calculatedEbitda": -24331000}, {"date": "2006-06-30", "symbol": "OSIS", "reportedCurrency": "USD", "cik": "0001039065", "fillingDate": "2006-09-22", "acceptedDate": "2006-09-22 06:03:40", "calendarYear": "2006", "period": "FY", "revenue": 452686000, "costOfRevenue": 276025000, "grossProfit": 176661000, "grossProfitRatio": 0.3902506373, "researchAndDevelopmentExpenses": 35839000, "generalAndAdministrativeExpenses": 138428000, "sellingAndMarketingExpenses": 0, "sellingGeneralAndAdministrativeExpenses": 138428000, "otherExpenses": 1423000, "operatingExpenses": 174267000, "costAndExpenses": 450292000, "interestIncome": 267000, "interestExpense": -1558000, "depreciationAndAmortization": 14190000, "ebitda": 17183000, "ebitdaratio": 0.0379578781, "operatingIncome": 971000, "operatingIncomeRatio": 0.0021449747, "totalOtherIncomeExpensesNet": -599000, "incomeBeforeTax": 504000, "incomeBeforeTaxRatio": 0.0011133545, "incomeTaxExpense": 1090000, "netIncome": -2358000, "netIncomeRatio": -0.0052089086, "eps": -0.14, "epsdiluted": -0.14, "weightedAverageShsOut": 16517000, "weightedAverageShsOutDil": 16517000, "link": "https://www.sec.gov/Archives/edgar/data/1039065/000119312506195103/0001193125-06-195103-index.htm", "finalLink": "https://www.sec.gov/Archives/edgar/data/1039065/000119312506195103/d10k.htm", "calculatedOtherExpenses": 1423000, "calculatedOperatingExpenses": 175690000, "calculatedNetInterest": 1825000, "calculatedOtherIncome": -2292000, "calculatedIncomeNonControlling": 1772000, "calculatedEbitda": 15161000}, {"date": "2005-06-30", "symbol": "OSIS", "reportedCurrency": "USD", "cik": "0001039065", "fillingDate": "2005-09-29", "acceptedDate": "2005-09-29 06:13:22", "calendarYear": "2005", "period": "FY", "revenue": 385041000, "costOfRevenue": 243415000, "grossProfit": 141626000, "grossProfitRatio": 0.3678205698, "researchAndDevelopmentExpenses": 30537000, "generalAndAdministrativeExpenses": 116245000, "sellingAndMarketingExpenses": 0, "sellingGeneralAndAdministrativeExpenses": 116245000, "otherExpenses": 1824000, "operatingExpenses": 148606000, "costAndExpenses": 392021000, "interestIncome": 863000, "interestExpense": -283000, "depreciationAndAmortization": 10636000, "ebitda": 5662000, "ebitdaratio": 0.0147049275, "operatingIncome": -6980000, "operatingIncomeRatio": -0.0181279396, "totalOtherIncomeExpensesNet": -2006000, "incomeBeforeTax": -7773000, "incomeBeforeTaxRatio": -0.0201874606, "incomeTaxExpense": -5309000, "netIncome": -2395000, "netIncomeRatio": -0.0062201168, "eps": -0.15, "epsdiluted": -0.15, "weightedAverageShsOut": 16222998, "weightedAverageShsOutDil": 16222998, "link": "https://www.sec.gov/Archives/edgar/data/1039065/000119312505193607/0001193125-05-193607-index.htm", "finalLink": "https://www.sec.gov/Archives/edgar/data/1039065/000119312505193607/d10k.htm", "calculatedOtherExpenses": 1824000, "calculatedOperatingExpenses": 148606000, "calculatedNetInterest": 1146000, "calculatedOtherIncome": -1939000, "calculatedIncomeNonControlling": -69000, "calculatedEbitda": 3656000}, {"date": "2004-06-30", "symbol": "OSIS", "reportedCurrency": "USD", "cik": "0001039065", "fillingDate": "2004-09-13", "acceptedDate": "2004-09-13 16:34:36", "calendarYear": "2004", "period": "FY", "revenue": 247069000, "costOfRevenue": 163712000, "grossProfit": 83357000, "grossProfitRatio": 0.337383484, "researchAndDevelopmentExpenses": 14638000, "generalAndAdministrativeExpenses": 54161000, "sellingAndMarketingExpenses": 0, "sellingGeneralAndAdministrativeExpenses": 54161000, "otherExpenses": 1104000, "operatingExpenses": 69903000, "costAndExpenses": 233615000, "interestIncome": 0, "interestExpense": 0, "depreciationAndAmortization": 5708000, "ebitda": 21198000, "ebitdaratio": 0.0857978945, "operatingIncome": 12393000, "operatingIncomeRatio": 0.0501600767, "totalOtherIncomeExpensesNet": -2036000, "incomeBeforeTax": 13102000, "incomeBeforeTaxRatio": 0.0530297204, "incomeTaxExpense": 3316000, "netIncome": 9956000, "netIncomeRatio": 0.0402964354, "eps": 0.68, "epsdiluted": 0.65, "weightedAverageShsOut": 14641176, "weightedAverageShsOutDil": 15316923, "link": "https://www.sec.gov/Archives/edgar/data/1039065/000119312504155683/0001193125-04-155683-index.htm", "finalLink": "https://www.sec.gov/Archives/edgar/data/1039065/000119312504155683/d10k.htm", "calculatedOtherExpenses": 2165000, "calculatedOperatingExpenses": 70964000, "calculatedNetInterest": 0, "calculatedOtherIncome": 709000, "calculatedIncomeNonControlling": -170000, "calculatedEbitda": 18101000}, {"date": "2003-06-30", "symbol": "OSIS", "reportedCurrency": "USD", "cik": "0001039065", "fillingDate": "2003-09-29", "acceptedDate": "2003-09-29 15:05:31", "calendarYear": "2003", "period": "FY", "revenue": 182644000, "costOfRevenue": 122661000, "grossProfit": 59983000, "grossProfitRatio": 0.3284148398, "researchAndDevelopmentExpenses": 8865000, "generalAndAdministrativeExpenses": 29160000, "sellingAndMarketingExpenses": 0, "sellingGeneralAndAdministrativeExpenses": 29160000, "otherExpenses": 0, "operatingExpenses": 38025000, "costAndExpenses": 160686000, "interestIncome": 0, "interestExpense": 0, "depreciationAndAmortization": 4289000, "ebitda": 26521000, "ebitdaratio": 0.1452059745, "operatingIncome": 21958000, "operatingIncomeRatio": 0.1202229474, "totalOtherIncomeExpensesNet": -274000, "incomeBeforeTax": 22314000, "incomeBeforeTaxRatio": 0.1221720943, "incomeTaxExpense": 6521000, "netIncome": 15793000, "netIncomeRatio": 0.0864687589, "eps": 1.13, "epsdiluted": 1.09, "weightedAverageShsOut": 13976106, "weightedAverageShsOutDil": 14488991, "link": "https://www.sec.gov/Archives/edgar/data/1039065/000119312503055292/0001193125-03-055292-index.htm", "finalLink": "https://www.sec.gov/Archives/edgar/data/1039065/000119312503055292/d10k.htm", "calculatedOtherExpenses": 0, "calculatedOperatingExpenses": 38025000, "calculatedNetInterest": 0, "calculatedOtherIncome": 356000, "calculatedIncomeNonControlling": 0, "calculatedEbitda": 26247000}, {"date": "2002-06-30", "symbol": "OSIS", "reportedCurrency": "USD", "cik": "0001039065", "fillingDate": "2002-09-30", "acceptedDate": "2002-09-30 15:59:51", "calendarYear": "2002", "period": "FY", "revenue": 124230000, "costOfRevenue": 85908000, "grossProfit": 38322000, "grossProfitRatio": 0.3084762135, "researchAndDevelopmentExpenses": 6434000, "generalAndAdministrativeExpenses": 21647000, "sellingAndMarketingExpenses": 0, "sellingGeneralAndAdministrativeExpenses": 21647000, "otherExpenses": 402000, "operatingExpenses": 28483000, "costAndExpenses": 114391000, "interestIncome": 0, "interestExpense": 0, "depreciationAndAmortization": 3930000, "ebitda": 13769000, "ebitdaratio": 0.110834742, "operatingIncome": 9839000, "operatingIncomeRatio": 0.0791998712, "totalOtherIncomeExpensesNet": 161000, "incomeBeforeTax": 10000000, "incomeBeforeTaxRatio": 0.0804958545, "incomeTaxExpense": 3000000, "netIncome": 6921000, "netIncomeRatio": 0.0557111809, "eps": 0.63, "epsdiluted": 0.6, "weightedAverageShsOut": 10985714, "weightedAverageShsOutDil": 11535000, "link": "https://www.sec.gov/Archives/edgar/data/1039065/000095016802002855/0000950168-02-002855-index.htm", "finalLink": "https://www.sec.gov/Archives/edgar/data/1039065/000095016802002855/d10k.htm", "calculatedOtherExpenses": 402000, "calculatedOperatingExpenses": 28483000, "calculatedNetInterest": 0, "calculatedOtherIncome": 161000, "calculatedIncomeNonControlling": 79000, "calculatedEbitda": 13769000}, {"date": "2001-06-30", "symbol": "OSIS", "reportedCurrency": "USD", "cik": "0001039065", "fillingDate": "2001-09-28", "acceptedDate": "2001-09-28 00:00:00", "calendarYear": "2001", "period": "FY", "revenue": 111099000, "costOfRevenue": 80851000, "grossProfit": 30248000, "grossProfitRatio": 0.2722616765, "researchAndDevelopmentExpenses": 6671000, "generalAndAdministrativeExpenses": 21572000, "sellingAndMarketingExpenses": 0, "sellingGeneralAndAdministrativeExpenses": 21572000, "otherExpenses": 488000, "operatingExpenses": 28731000, "costAndExpenses": 109582000, "interestIncome": 0, "interestExpense": 0, "depreciationAndAmortization": 4129000, "ebitda": 1560000, "ebitdaratio": 0.0140415305, "operatingIncome": 1517000, "operatingIncomeRatio": 0.0136544883, "totalOtherIncomeExpensesNet": 4086000, "incomeBeforeTax": 4608000, "incomeBeforeTaxRatio": 0.0414765209, "incomeTaxExpense": 1250000, "netIncome": 3504000, "netIncomeRatio": 0.0315394378, "eps": 0.39, "epsdiluted": 0.38, "weightedAverageShsOut": 8984615, "weightedAverageShsOutDil": 9221053, "link": "https://www.sec.gov/Archives/edgar/data/1039065/000102140801507509/0001021408-01-507509-index.htm", "finalLink": "https://www.sec.gov/Archives/edgar/data/1039065/000102140801507509/d10k.txt", "calculatedOtherExpenses": 488000, "calculatedOperatingExpenses": 28731000, "calculatedNetInterest": 0, "calculatedOtherIncome": 3091000, "calculatedIncomeNonControlling": -146000, "calculatedEbitda": 5646000}, {"date": "2000-06-30", "symbol": "OSIS", "reportedCurrency": "USD", "cik": "0001039065", "fillingDate": "2000-09-28", "acceptedDate": "2000-09-28 00:00:00", "calendarYear": "2000", "period": "FY", "revenue": 110938000, "costOfRevenue": 77088000, "grossProfit": 33850000, "grossProfitRatio": 0.3051253854, "researchAndDevelopmentExpenses": 7712000, "generalAndAdministrativeExpenses": 19828000, "sellingAndMarketingExpenses": 0, "sellingGeneralAndAdministrativeExpenses": 19828000, "otherExpenses": 4039000, "operatingExpenses": 31579000, "costAndExpenses": 108667000, "interestIncome": 0, "interestExpense": 0, "depreciationAndAmortization": 4039000, "ebitda": 7773000, "ebitdaratio": 0.0700661631, "operatingIncome": 2271000, "operatingIncomeRatio": 0.0204708937, "totalOtherIncomeExpensesNet": -1463000, "incomeBeforeTax": 476000, "incomeBeforeTaxRatio": 0.0042906849, "incomeTaxExpense": -151000, "netIncome": 627000, "netIncomeRatio": 0.0056518055, "eps": 0.07, "epsdiluted": 0.07, "weightedAverageShsOut": 8957143, "weightedAverageShsOutDil": 8957143, "link": "https://www.sec.gov/Archives/edgar/data/1039065/000094420900001537/0000944209-00-001537-index.htm", "finalLink": "https://www.sec.gov/Archives/edgar/data/1039065/000094420900001537/0000944209-00-001537-0001.txt", "calculatedOtherExpenses": 4039000, "calculatedOperatingExpenses": 31579000, "calculatedNetInterest": 0, "calculatedOtherIncome": -1795000, "calculatedIncomeNonControlling": 0, "calculatedEbitda": 6310000}, {"date": "1999-06-30", "symbol": "OSIS", "reportedCurrency": "USD", "cik": "0001039065", "fillingDate": "1999-09-28", "acceptedDate": "1999-09-28 00:00:00", "calendarYear": "1999", "period": "FY", "revenue": 101800000, "costOfRevenue": 68600000, "grossProfit": 33200000, "grossProfitRatio": 0.326129666, "researchAndDevelopmentExpenses": 5700000, "generalAndAdministrativeExpenses": 17500000, "sellingAndMarketingExpenses": 0, "sellingGeneralAndAdministrativeExpenses": 17500000, "otherExpenses": 3700000, "operatingExpenses": 26900000, "costAndExpenses": 95500000, "interestIncome": 0, "interestExpense": 0, "depreciationAndAmortization": 3700000, "ebitda": 18200000, "ebitdaratio": 0.1787819253, "operatingIncome": 6300000, "operatingIncomeRatio": 0.0618860511, "totalOtherIncomeExpensesNet": -8200000, "incomeBeforeTax": -1900000, "incomeBeforeTaxRatio": -0.0186640472, "incomeTaxExpense": -2600000, "netIncome": 700000, "netIncomeRatio": 0.0068762279, "eps": 0.08, "epsdiluted": 0.08, "weightedAverageShsOut": 8750000, "weightedAverageShsOutDil": 8750000, "link": "https://www.sec.gov/Archives/edgar/data/1039065/000094420999001528/0000944209-99-001528-index.html", "finalLink": "https://www.sec.gov/Archives/edgar/data/1039065/000094420999001528/", "calculatedOtherExpenses": 3700000, "calculatedOperatingExpenses": 26900000, "calculatedNetInterest": 0, "calculatedOtherIncome": -8200000, "calculatedIncomeNonControlling": 0, "calculatedEbitda": 10000000}, {"date": "1998-06-30", "symbol": "OSIS", "reportedCurrency": "USD", "cik": "0001039065", "fillingDate": "1998-09-28", "acceptedDate": "1998-09-28 00:00:00", "calendarYear": "1998", "period": "FY", "revenue": 93900000, "costOfRevenue": 64700000, "grossProfit": 29200000, "grossProfitRatio": 0.3109691161, "researchAndDevelopmentExpenses": 3800000, "generalAndAdministrativeExpenses": 12800000, "sellingAndMarketingExpenses": 0, "sellingGeneralAndAdministrativeExpenses": 12800000, "otherExpenses": 2300000, "operatingExpenses": 18900000, "costAndExpenses": 83600000, "interestIncome": 0, "interestExpense": 0, "depreciationAndAmortization": 2300000, "ebitda": 12000000, "ebitdaratio": 0.1277955272, "operatingIncome": 10300000, "operatingIncomeRatio": 0.1096911608, "totalOtherIncomeExpensesNet": 600000, "incomeBeforeTax": 11000000, "incomeBeforeTaxRatio": 0.1171458999, "incomeTaxExpense": 2800000, "netIncome": 8200000, "netIncomeRatio": 0.0873269436, "eps": 0.94, "epsdiluted": 0.92, "weightedAverageShsOut": 8723404, "weightedAverageShsOutDil": 8913043, "link": "https://www.sec.gov/Archives/edgar/data/1039065/000094420998001696/0000944209-98-001696-index.html", "finalLink": "https://www.sec.gov/Archives/edgar/data/1039065/", "calculatedOtherExpenses": 2300000, "calculatedOperatingExpenses": 18900000, "calculatedNetInterest": 0, "calculatedOtherIncome": 700000, "calculatedIncomeNonControlling": 0, "calculatedEbitda": 12600000}]}