{"originalCurrency": "USD", "convertedCurrency": "USD", "report": [{"date": "2022-12-31", "symbol": "OSK", "reportedCurrency": "USD", "cik": "0000775158", "fillingDate": "2023-02-21", "acceptedDate": "2023-02-21 17:23:05", "calendarYear": "2022", "period": "FY", "revenue": 8282000000, "costOfRevenue": 7227600000, "grossProfit": 1054400000, "grossProfitRatio": 0.1273122434, "researchAndDevelopmentExpenses": 0, "generalAndAdministrativeExpenses": 0, "sellingAndMarketingExpenses": 0, "sellingGeneralAndAdministrativeExpenses": 662800000, "otherExpenses": 11600000, "operatingExpenses": 674400000, "costAndExpenses": 7902000000, "interestIncome": 9500000, "interestExpense": 53400000, "depreciationAndAmortization": 72000000, "ebitda": 444300000, "ebitdaratio": 0.0536464622, "operatingIncome": 372300000, "operatingIncomeRatio": 0.0449529099, "totalOtherIncomeExpensesNet": -96700000, "incomeBeforeTax": 275600000, "incomeBeforeTaxRatio": 0.0332769862, "incomeTaxExpense": 97500000, "netIncome": 173900000, "netIncomeRatio": 0.0209973436, "eps": 2.65, "epsdiluted": 2.63, "weightedAverageShsOut": 65699693, "weightedAverageShsOutDil": 66134818, "link": "https://www.sec.gov/Archives/edgar/data/775158/000095017023003473/0000950170-23-003473-index.htm", "finalLink": "https://www.sec.gov/Archives/edgar/data/775158/000095017023003473/osk-20221231.htm", "calculatedOtherExpenses": 19300000, "calculatedOperatingExpenses": 682100000, "calculatedNetInterest": -43900000, "calculatedOtherIncome": -52800000, "calculatedIncomeNonControlling": 4200000, "calculatedEbitda": 444300000}, {"date": "2021-09-30", "symbol": "OSK", "reportedCurrency": "USD", "cik": "0000775158", "fillingDate": "2021-11-16", "acceptedDate": "2021-11-16 14:01:22", "calendarYear": "2021", "period": "FY", "revenue": 7737300000, "costOfRevenue": 6516500000, "grossProfit": 1220800000, "grossProfitRatio": 0.1577811381, "researchAndDevelopmentExpenses": 0, "generalAndAdministrativeExpenses": 0, "sellingAndMarketingExpenses": 0, "sellingGeneralAndAdministrativeExpenses": 666500000, "otherExpenses": -2100000, "operatingExpenses": 676100000, "costAndExpenses": 7192600000, "interestIncome": 3500000, "interestExpense": 48200000, "depreciationAndAmortization": 104000000, "ebitda": 650100000, "ebitdaratio": 0.0840215579, "operatingIncome": 544700000, "operatingIncomeRatio": 0.0703992349, "totalOtherIncomeExpensesNet": -2100000, "incomeBeforeTax": 497900000, "incomeBeforeTaxRatio": 0.0643506133, "incomeTaxExpense": 25200000, "netIncome": 472700000, "netIncomeRatio": 0.0610936632, "eps": 7.43, "epsdiluted": 7.35, "weightedAverageShsOut": 68482363, "weightedAverageShsOutDil": 69208751, "link": "https://www.sec.gov/Archives/edgar/data/775158/000156459021057221/0001564590-21-057221-index.htm", "finalLink": "https://www.sec.gov/Archives/edgar/data/775158/000156459021057221/osk-10k_20210930.htm", "calculatedOtherExpenses": 9600000, "calculatedOperatingExpenses": 676100000, "calculatedNetInterest": -44700000, "calculatedOtherIncome": -2100000, "calculatedIncomeNonControlling": 0, "calculatedEbitda": 648700000}, {"date": "2020-09-30", "symbol": "OSK", "reportedCurrency": "USD", "cik": "0000775158", "fillingDate": "2020-11-18", "acceptedDate": "2020-11-18 16:16:09", "calendarYear": "2020", "period": "FY", "revenue": 6856800000, "costOfRevenue": 5736500000, "grossProfit": 1120300000, "grossProfitRatio": 0.1633852526, "researchAndDevelopmentExpenses": 0, "generalAndAdministrativeExpenses": 0, "sellingAndMarketingExpenses": 0, "sellingGeneralAndAdministrativeExpenses": 620600000, "otherExpenses": 2200000, "operatingExpenses": 631600000, "costAndExpenses": 6368100000, "interestIncome": 7500000, "interestExpense": 59300000, "depreciationAndAmortization": 104200000, "ebitda": 602600000, "ebitdaratio": 0.0878835608, "operatingIncome": 488700000, "operatingIncomeRatio": 0.0712723136, "totalOtherIncomeExpensesNet": 2200000, "incomeBeforeTax": 439100000, "incomeBeforeTaxRatio": 0.0640386186, "incomeTaxExpense": 112800000, "netIncome": 324500000, "netIncomeRatio": 0.0473252829, "eps": 4.76, "epsdiluted": 4.72, "weightedAverageShsOut": 68149324, "weightedAverageShsOutDil": 68787729, "link": "https://www.sec.gov/Archives/edgar/data/775158/000156459020054491/0001564590-20-054491-index.htm", "finalLink": "https://www.sec.gov/Archives/edgar/data/775158/000156459020054491/osk-10k_20200930.htm", "calculatedOtherExpenses": 11000000, "calculatedOperatingExpenses": 631600000, "calculatedNetInterest": -51800000, "calculatedOtherIncome": 2200000, "calculatedIncomeNonControlling": 1800000, "calculatedEbitda": 592900000}, {"date": "2019-09-30", "symbol": "OSK", "reportedCurrency": "USD", "cik": "0000775158", "fillingDate": "2019-11-19", "acceptedDate": "2019-11-19 16:32:13", "calendarYear": "2019", "period": "FY", "revenue": 8382000000, "costOfRevenue": 6864600000, "grossProfit": 1517400000, "grossProfitRatio": 0.1810307802, "researchAndDevelopmentExpenses": 0, "generalAndAdministrativeExpenses": 0, "sellingAndMarketingExpenses": 0, "sellingGeneralAndAdministrativeExpenses": 683500000, "otherExpenses": 1300000, "operatingExpenses": 720400000, "costAndExpenses": 7585000000, "interestIncome": 6800000, "interestExpense": 54400000, "depreciationAndAmortization": 115200000, "ebitda": 920300000, "ebitdaratio": 0.1097947984, "operatingIncome": 797000000, "operatingIncomeRatio": 0.0950847053, "totalOtherIncomeExpensesNet": 1300000, "incomeBeforeTax": 750700000, "incomeBeforeTaxRatio": 0.089560964, "incomeTaxExpense": 171300000, "netIncome": 579400000, "netIncomeRatio": 0.069124314, "eps": 8.3, "epsdiluted": 8.21, "weightedAverageShsOut": 69819980, "weightedAverageShsOutDil": 70558235, "link": "https://www.sec.gov/Archives/edgar/data/775158/000095012319011559/0000950123-19-011559-index.htm", "finalLink": "https://www.sec.gov/Archives/edgar/data/775158/000095012319011559/osk-10k_20190930.htm", "calculatedOtherExpenses": 36900000, "calculatedOperatingExpenses": 720400000, "calculatedNetInterest": -47600000, "calculatedOtherIncome": 1300000, "calculatedIncomeNonControlling": 0, "calculatedEbitda": 912200000}, {"date": "2018-09-30", "symbol": "OSK", "reportedCurrency": "USD", "cik": "0000775158", "fillingDate": "2018-11-20", "acceptedDate": "2018-11-20 14:44:15", "calendarYear": "2018", "period": "FY", "revenue": 7705500000, "costOfRevenue": 6349800000, "grossProfit": 1355700000, "grossProfitRatio": 0.1759392642, "researchAndDevelopmentExpenses": 0, "generalAndAdministrativeExpenses": 663900000, "sellingAndMarketingExpenses": 0, "sellingGeneralAndAdministrativeExpenses": 663900000, "otherExpenses": -3300000, "operatingExpenses": 702200000, "costAndExpenses": 7052000000, "interestIncome": 15300000, "interestExpense": 70900000, "depreciationAndAmortization": 120500000, "ebitda": 786000000, "ebitdaratio": 0.1020050613, "operatingIncome": 653500000, "operatingIncomeRatio": 0.0848095516, "totalOtherIncomeExpensesNet": -3300000, "incomeBeforeTax": 594600000, "incomeBeforeTaxRatio": 0.0771656609, "incomeTaxExpense": 123800000, "netIncome": 471900000, "netIncomeRatio": 0.06124197, "eps": 6.38, "epsdiluted": 6.29, "weightedAverageShsOut": 74001582, "weightedAverageShsOutDil": 74981999, "link": "https://www.sec.gov/Archives/edgar/data/775158/000077515818000147/0000775158-18-000147-index.htm", "finalLink": "https://www.sec.gov/Archives/edgar/data/775158/000077515818000147/osk10k93018.htm", "calculatedOtherExpenses": 38300000, "calculatedOperatingExpenses": 702200000, "calculatedNetInterest": -55600000, "calculatedOtherIncome": -3300000, "calculatedIncomeNonControlling": -1100000, "calculatedEbitda": 774000000}, {"date": "2017-09-30", "symbol": "OSK", "reportedCurrency": "USD", "cik": "0000775158", "fillingDate": "2017-11-21", "acceptedDate": "2017-11-21 14:59:13", "calendarYear": "2017", "period": "FY", "revenue": 6829600000, "costOfRevenue": 5655200000, "grossProfit": 1174400000, "grossProfitRatio": 0.1719573621, "researchAndDevelopmentExpenses": 0, "generalAndAdministrativeExpenses": 665600000, "sellingAndMarketingExpenses": 0, "sellingGeneralAndAdministrativeExpenses": 665600000, "otherExpenses": 3200000, "operatingExpenses": 711400000, "costAndExpenses": 6366600000, "interestIncome": 4900000, "interestExpense": 59800000, "depreciationAndAmortization": 130300000, "ebitda": 601400000, "ebitdaratio": 0.0880578658, "operatingIncome": 463000000, "operatingIncomeRatio": 0.0677931358, "totalOtherIncomeExpensesNet": 3200000, "incomeBeforeTax": 411300000, "incomeBeforeTaxRatio": 0.0602231463, "incomeTaxExpense": 127200000, "netIncome": 285600000, "netIncomeRatio": 0.0418179688, "eps": 3.82, "epsdiluted": 3.77, "weightedAverageShsOut": 74674115, "weightedAverageShsOutDil": 75790045, "link": "https://www.sec.gov/Archives/edgar/data/775158/000077515817000172/0000775158-17-000172-index.htm", "finalLink": "https://www.sec.gov/Archives/edgar/data/775158/000077515817000172/osk10k93017.htm", "calculatedOtherExpenses": 45800000, "calculatedOperatingExpenses": 711400000, "calculatedNetInterest": -54900000, "calculatedOtherIncome": 3200000, "calculatedIncomeNonControlling": -1500000, "calculatedEbitda": 593300000}, {"date": "2016-09-30", "symbol": "OSK", "reportedCurrency": "USD", "cik": "0000775158", "fillingDate": "2016-11-22", "acceptedDate": "2016-11-22 15:02:48", "calendarYear": "2016", "period": "FY", "revenue": 6279200000, "costOfRevenue": 5223400000, "grossProfit": 1055800000, "grossProfitRatio": 0.1681424385, "researchAndDevelopmentExpenses": 0, "generalAndAdministrativeExpenses": 612400000, "sellingAndMarketingExpenses": 0, "sellingGeneralAndAdministrativeExpenses": 612400000, "otherExpenses": 1300000, "operatingExpenses": 664900000, "costAndExpenses": 5888300000, "interestIncome": 2100000, "interestExpense": 60400000, "depreciationAndAmortization": 128800000, "ebitda": 523100000, "ebitdaratio": 0.0833067907, "operatingIncome": 364000000, "operatingIncomeRatio": 0.057969168, "totalOtherIncomeExpensesNet": -25600000, "incomeBeforeTax": 307000000, "incomeBeforeTaxRatio": 0.0488915785, "incomeTaxExpense": 92400000, "netIncome": 216400000, "netIncomeRatio": 0.0344629889, "eps": 2.94, "epsdiluted": 2.91, "weightedAverageShsOut": 73570020, "weightedAverageShsOutDil": 74432918, "link": "https://www.sec.gov/Archives/edgar/data/775158/000077515816000405/0000775158-16-000405-index.htm", "finalLink": "https://www.sec.gov/Archives/edgar/data/775158/000077515816000405/osk10k93016.htm", "calculatedOtherExpenses": 79400000, "calculatedOperatingExpenses": 691800000, "calculatedNetInterest": -58300000, "calculatedOtherIncome": 1300000, "calculatedIncomeNonControlling": -1800000, "calculatedEbitda": 492800000}, {"date": "2015-09-30", "symbol": "OSK", "reportedCurrency": "USD", "cik": "0000775158", "fillingDate": "2015-11-13", "acceptedDate": "2015-11-13 15:52:15", "calendarYear": "2015", "period": "FY", "revenue": 6098100000, "costOfRevenue": 5058900000, "grossProfit": 1039200000, "grossProfitRatio": 0.1704137354, "researchAndDevelopmentExpenses": 0, "generalAndAdministrativeExpenses": 587400000, "sellingAndMarketingExpenses": 0, "sellingGeneralAndAdministrativeExpenses": 587400000, "otherExpenses": -4900000, "operatingExpenses": 640600000, "costAndExpenses": 5699500000, "interestIncome": 2500000, "interestExpense": 70100000, "depreciationAndAmortization": 124500000, "ebitda": 520700000, "ebitdaratio": 0.0853872518, "operatingIncome": 398600000, "operatingIncomeRatio": 0.0653646218, "totalOtherIncomeExpensesNet": -4900000, "incomeBeforeTax": 326100000, "incomeBeforeTaxRatio": 0.0534756728, "incomeTaxExpense": 99200000, "netIncome": 229500000, "netIncomeRatio": 0.0376346731, "eps": 2.94, "epsdiluted": 2.9, "weightedAverageShsOut": 77990432, "weightedAverageShsOutDil": 78981418, "link": "https://www.sec.gov/Archives/edgar/data/775158/000077515815000172/0000775158-15-000172-index.htm", "finalLink": "https://www.sec.gov/Archives/edgar/data/775158/000077515815000172/osk10k93015.htm", "calculatedOtherExpenses": 53200000, "calculatedOperatingExpenses": 640600000, "calculatedNetInterest": -67600000, "calculatedOtherIncome": -4900000, "calculatedIncomeNonControlling": -2600000, "calculatedEbitda": 523100000}, {"date": "2014-09-30", "symbol": "OSK", "reportedCurrency": "USD", "cik": "0000775158", "fillingDate": "2014-11-13", "acceptedDate": "2014-11-13 17:17:39", "calendarYear": "2014", "period": "FY", "revenue": 6808200000, "costOfRevenue": 5625500000, "grossProfit": 1182700000, "grossProfitRatio": 0.1737169883, "researchAndDevelopmentExpenses": 0, "generalAndAdministrativeExpenses": 624100000, "sellingAndMarketingExpenses": 0, "sellingGeneralAndAdministrativeExpenses": 624100000, "otherExpenses": -2000000, "operatingExpenses": 679400000, "costAndExpenses": 6304900000, "interestIncome": 2000000, "interestExpense": 71400000, "depreciationAndAmortization": 126800000, "ebitda": 630100000, "ebitdaratio": 0.0925501601, "operatingIncome": 503300000, "operatingIncomeRatio": 0.0739255604, "totalOtherIncomeExpensesNet": -2000000, "incomeBeforeTax": 431900000, "incomeBeforeTaxRatio": 0.0634382069, "incomeTaxExpense": 125000000, "netIncome": 309300000, "netIncomeRatio": 0.0454305103, "eps": 3.66, "epsdiluted": 3.61, "weightedAverageShsOut": 84123949, "weightedAverageShsOutDil": 85380163, "link": "https://www.sec.gov/Archives/edgar/data/775158/000077515814000189/0000775158-14-000189-index.htm", "finalLink": "https://www.sec.gov/Archives/edgar/data/775158/000077515814000189/osk10k93014.htm", "calculatedOtherExpenses": 55300000, "calculatedOperatingExpenses": 679400000, "calculatedNetInterest": -69400000, "calculatedOtherIncome": -2000000, "calculatedIncomeNonControlling": -2400000, "calculatedEbitda": 630100000}, {"date": "2013-09-30", "symbol": "OSK", "reportedCurrency": "USD", "cik": "0000775158", "fillingDate": "2013-11-13", "acceptedDate": "2013-11-13 16:42:34", "calendarYear": "2013", "period": "FY", "revenue": 7665100000, "costOfRevenue": 6473300000, "grossProfit": 1191800000, "grossProfitRatio": 0.1554839467, "researchAndDevelopmentExpenses": 0, "generalAndAdministrativeExpenses": 620500000, "sellingAndMarketingExpenses": 0, "sellingGeneralAndAdministrativeExpenses": 620500000, "otherExpenses": -6100000, "operatingExpenses": 677100000, "costAndExpenses": 7150400000, "interestIncome": 11400000, "interestExpense": 66000000, "depreciationAndAmortization": 126800000, "ebitda": 646800000, "ebitdaratio": 0.0843824608, "operatingIncome": 505700000, "operatingIncomeRatio": 0.0659743513, "totalOtherIncomeExpensesNet": -15100000, "incomeBeforeTax": 445000000, "incomeBeforeTaxRatio": 0.0580553417, "incomeTaxExpense": 131700000, "netIncome": 318000000, "netIncomeRatio": 0.0414867386, "eps": 3.6, "epsdiluted": 3.55, "weightedAverageShsOut": 87726891, "weightedAverageShsOutDil": 88953548, "link": "https://www.sec.gov/Archives/edgar/data/775158/000077515813000100/0000775158-13-000100-index.htm", "finalLink": "https://www.sec.gov/Archives/edgar/data/775158/000077515813000100/osk10k93013.htm", "calculatedOtherExpenses": 65600000, "calculatedOperatingExpenses": 686100000, "calculatedNetInterest": -54600000, "calculatedOtherIncome": -6100000, "calculatedIncomeNonControlling": -4700000, "calculatedEbitda": 632500000}, {"date": "2012-09-30", "symbol": "OSK", "reportedCurrency": "USD", "cik": "0000775158", "fillingDate": "2012-11-19", "acceptedDate": "2012-11-19 16:41:16", "calendarYear": "2012", "period": "FY", "revenue": 8180900000, "costOfRevenue": 7189900000, "grossProfit": 991000000, "grossProfitRatio": 0.1211358164, "researchAndDevelopmentExpenses": 0, "generalAndAdministrativeExpenses": 567300000, "sellingAndMarketingExpenses": -7000000, "sellingGeneralAndAdministrativeExpenses": 560300000, "otherExpenses": -5200000, "operatingExpenses": 618000000, "costAndExpenses": 7807900000, "interestIncome": 1900000, "interestExpense": 76000000, "depreciationAndAmortization": 130900000, "ebitda": 500600000, "ebitdaratio": 0.0611913115, "operatingIncome": 373000000, "operatingIncomeRatio": 0.0455940055, "totalOtherIncomeExpensesNet": -5200000, "incomeBeforeTax": 293700000, "incomeBeforeTaxRatio": 0.0359006955, "incomeTaxExpense": 64400000, "netIncome": 230800000, "netIncomeRatio": 0.0282120549, "eps": 2.53, "epsdiluted": 2.51, "weightedAverageShsOut": 91330635, "weightedAverageShsOutDil": 91944374, "link": "https://www.sec.gov/Archives/edgar/data/775158/000077515812000072/0000775158-12-000072-index.htm", "finalLink": "https://www.sec.gov/Archives/edgar/data/775158/000077515812000072/osk10k93012.htm", "calculatedOtherExpenses": 57700000, "calculatedOperatingExpenses": 618000000, "calculatedNetInterest": -74100000, "calculatedOtherIncome": -5200000, "calculatedIncomeNonControlling": -1500000, "calculatedEbitda": 503900000}, {"date": "2011-09-30", "symbol": "OSK", "reportedCurrency": "USD", "cik": "0000775158", "fillingDate": "2011-11-16", "acceptedDate": "2011-11-16 13:00:55", "calendarYear": "2011", "period": "FY", "revenue": 7584700000, "costOfRevenue": 6505000000, "grossProfit": 1079700000, "grossProfitRatio": 0.1423523673, "researchAndDevelopmentExpenses": 0, "generalAndAdministrativeExpenses": 513200000, "sellingAndMarketingExpenses": 0, "sellingGeneralAndAdministrativeExpenses": 513200000, "otherExpenses": 60800000, "operatingExpenses": 574000000, "costAndExpenses": 7079000000, "interestIncome": 4700000, "interestExpense": 90700000, "depreciationAndAmortization": 144400000, "ebitda": 654800000, "ebitdaratio": 0.0863316941, "operatingIncome": 500900000, "operatingIncomeRatio": 0.0660408454, "totalOtherIncomeExpensesNet": -3200000, "incomeBeforeTax": 416500000, "incomeBeforeTaxRatio": 0.0549131805, "incomeTaxExpense": 143600000, "netIncome": 273400000, "netIncomeRatio": 0.036046251, "eps": 3.01, "epsdiluted": 2.99, "weightedAverageShsOut": 90888253, "weightedAverageShsOutDil": 91573360, "link": "https://www.sec.gov/Archives/edgar/data/775158/000110465911064553/0001104659-11-064553-index.htm", "finalLink": "https://www.sec.gov/Archives/edgar/data/775158/000110465911064553/a11-24697_110k.htm", "calculatedOtherExpenses": 65600000, "calculatedOperatingExpenses": 578800000, "calculatedNetInterest": -86000000, "calculatedOtherIncome": 1600000, "calculatedIncomeNonControlling": -500000, "calculatedEbitda": 645300000}, {"date": "2010-09-30", "symbol": "OSK", "reportedCurrency": "USD", "cik": "0000775158", "fillingDate": "2010-11-18", "acceptedDate": "2010-11-18 16:04:41", "calendarYear": "2010", "period": "FY", "revenue": 9842400000, "costOfRevenue": 7872400000, "grossProfit": 1970000000, "grossProfitRatio": 0.2001544339, "researchAndDevelopmentExpenses": 0, "generalAndAdministrativeExpenses": 489800000, "sellingAndMarketingExpenses": 0, "sellingGeneralAndAdministrativeExpenses": 489800000, "otherExpenses": 60500000, "operatingExpenses": 550300000, "costAndExpenses": 8422700000, "interestIncome": 3500000, "interestExpense": 187100000, "depreciationAndAmortization": 172900000, "ebitda": 1596100000, "ebitdaratio": 0.1621657319, "operatingIncome": 1394100000, "operatingIncomeRatio": 0.1416422824, "totalOtherIncomeExpensesNet": -24600000, "incomeBeforeTax": 1211500000, "incomeBeforeTaxRatio": 0.1230898968, "incomeTaxExpense": 414300000, "netIncome": 790000000, "netIncomeRatio": 0.080264976, "eps": 8.78, "epsdiluted": 8.69, "weightedAverageShsOut": 89947873, "weightedAverageShsOutDil": 90954741, "link": "https://www.sec.gov/Archives/edgar/data/775158/000110465910059145/0001104659-10-059145-index.htm", "finalLink": "https://www.sec.gov/Archives/edgar/data/775158/000110465910059145/a10-17976_110k.htm", "calculatedOtherExpenses": 86100000, "calculatedOperatingExpenses": 575900000, "calculatedNetInterest": -183600000, "calculatedOtherIncome": 1000000, "calculatedIncomeNonControlling": 7200000, "calculatedEbitda": 1567000000}, {"date": "2009-09-30", "symbol": "OSK", "reportedCurrency": "USD", "cik": "0000775158", "fillingDate": "2009-11-18", "acceptedDate": "2009-11-18 16:32:23", "calendarYear": "2009", "period": "FY", "revenue": 5253100000, "costOfRevenue": 4549800000, "grossProfit": 703300000, "grossProfitRatio": 0.1338828501, "researchAndDevelopmentExpenses": 0, "generalAndAdministrativeExpenses": 435800000, "sellingAndMarketingExpenses": -5500000, "sellingGeneralAndAdministrativeExpenses": 430300000, "otherExpenses": 62400000, "operatingExpenses": 492600000, "costAndExpenses": 5042400000, "interestIncome": 3900000, "interestExpense": 211400000, "depreciationAndAmortization": 152000000, "ebitda": 366600000, "ebitdaratio": 0.0697873637, "operatingIncome": -979500000, "operatingIncomeRatio": -0.1864613276, "totalOtherIncomeExpensesNet": -1181400000, "incomeBeforeTax": -1178200000, "incomeBeforeTaxRatio": -0.2242866117, "incomeTaxExpense": -12600000, "netIncome": -1098800000, "netIncomeRatio": -0.2091717272, "eps": -14.37, "epsdiluted": -14.37, "weightedAverageShsOut": 76464857, "weightedAverageShsOutDil": 76464857, "link": "https://www.sec.gov/Archives/edgar/data/775158/000110465909065733/0001104659-09-065733-index.htm", "finalLink": "https://www.sec.gov/Archives/edgar/data/775158/000110465909065733/a09-33359_110k.htm", "calculatedOtherExpenses": 1252500000, "calculatedOperatingExpenses": 1682800000, "calculatedNetInterest": -207500000, "calculatedOtherIncome": 8800000, "calculatedIncomeNonControlling": -66800000, "calculatedEbitda": -827500000}, {"date": "2008-09-30", "symbol": "OSK", "reportedCurrency": "USD", "cik": "0000775158", "fillingDate": "2008-11-14", "acceptedDate": "2008-11-14 16:25:06", "calendarYear": "2008", "period": "FY", "revenue": 7138300000, "costOfRevenue": 5955000000, "grossProfit": 1183300000, "grossProfitRatio": 0.1657677598, "researchAndDevelopmentExpenses": 0, "generalAndAdministrativeExpenses": 532500000, "sellingAndMarketingExpenses": 0, "sellingGeneralAndAdministrativeExpenses": 532500000, "otherExpenses": 244500000, "operatingExpenses": 777000000, "costAndExpenses": 6732000000, "interestIncome": 7400000, "interestExpense": 208900000, "depreciationAndAmortization": 152900000, "ebitda": 745300000, "ebitdaratio": 0.1044086127, "operatingIncome": 406300000, "operatingIncomeRatio": 0.0569183139, "totalOtherIncomeExpensesNet": -179800000, "incomeBeforeTax": 190400000, "incomeBeforeTaxRatio": 0.0266730174, "incomeTaxExpense": 118100000, "netIncome": 79300000, "netIncomeRatio": 0.0111090876, "eps": 1.07, "epsdiluted": 1.06, "weightedAverageShsOut": 74007989, "weightedAverageShsOutDil": 74836196, "link": "https://www.sec.gov/Archives/edgar/data/775158/000089706908001739/0000897069-08-001739-index.htm", "finalLink": "https://www.sec.gov/Archives/edgar/data/775158/000089706908001739/cmw3852.htm", "calculatedOtherExpenses": 244500000, "calculatedOperatingExpenses": 777000000, "calculatedNetInterest": -201500000, "calculatedOtherIncome": -14400000, "calculatedIncomeNonControlling": -7000000, "calculatedEbitda": 559200000}, {"date": "2007-09-30", "symbol": "OSK", "reportedCurrency": "USD", "cik": "0000775158", "fillingDate": "2007-11-21", "acceptedDate": "2007-11-21 15:46:21", "calendarYear": "2007", "period": "FY", "revenue": 6307300000, "costOfRevenue": 5204500000, "grossProfit": 1102800000, "grossProfitRatio": 0.1748450208, "researchAndDevelopmentExpenses": 0, "generalAndAdministrativeExpenses": 446600000, "sellingAndMarketingExpenses": 0, "sellingGeneralAndAdministrativeExpenses": 446600000, "otherExpenses": 65900000, "operatingExpenses": 512500000, "costAndExpenses": 5717000000, "interestIncome": 6300000, "interestExpense": 187000000, "depreciationAndAmortization": 129000000, "ebitda": 719400000, "ebitdaratio": 0.1140583134, "operatingIncome": 590300000, "operatingIncomeRatio": 0.0935899672, "totalOtherIncomeExpensesNet": 7200000, "incomeBeforeTax": 395700000, "incomeBeforeTaxRatio": 0.0627368288, "incomeTaxExpense": 135200000, "netIncome": 268100000, "netIncomeRatio": 0.0425063022, "eps": 3.64, "epsdiluted": 3.58, "weightedAverageShsOut": 73653846, "weightedAverageShsOutDil": 74888268, "link": "https://www.sec.gov/Archives/edgar/data/775158/000089706907002074/0000897069-07-002074-index.htm", "finalLink": "https://www.sec.gov/Archives/edgar/data/775158/000089706907002074/cmw3135.htm", "calculatedOtherExpenses": 65900000, "calculatedOperatingExpenses": 512500000, "calculatedNetInterest": -180700000, "calculatedOtherIncome": -13900000, "calculatedIncomeNonControlling": -7600000, "calculatedEbitda": 719300000}, {"date": "2006-09-30", "symbol": "OSK", "reportedCurrency": "USD", "cik": "0000775158", "fillingDate": "2006-11-16", "acceptedDate": "2006-11-16 11:56:08", "calendarYear": "2006", "period": "FY", "revenue": 3427388000, "costOfRevenue": 2819107000, "grossProfit": 608281000, "grossProfitRatio": 0.1774765507, "researchAndDevelopmentExpenses": 0, "generalAndAdministrativeExpenses": 273988000, "sellingAndMarketingExpenses": 0, "sellingGeneralAndAdministrativeExpenses": 273988000, "otherExpenses": 8365000, "operatingExpenses": 282353000, "costAndExpenses": 3101460000, "interestIncome": 6607000, "interestExpense": -795000, "depreciationAndAmortization": 37467000, "ebitda": 363638000, "ebitdaratio": 0.1060977047, "operatingIncome": 325928000, "operatingIncomeRatio": 0.095095157, "totalOtherIncomeExpensesNet": 2041000, "incomeBeforeTax": 324938000, "incomeBeforeTaxRatio": 0.0948063073, "incomeTaxExpense": 121194000, "netIncome": 205529000, "netIncomeRatio": 0.0599666568, "eps": 2.81, "epsdiluted": 2.76, "weightedAverageShsOut": 73141993, "weightedAverageShsOutDil": 74467029, "link": "https://www.sec.gov/Archives/edgar/data/775158/000089706906002423/0000897069-06-002423-index.htm", "finalLink": "https://www.sec.gov/Archives/edgar/data/775158/000089706906002423/cmw2405.htm", "calculatedOtherExpenses": 8365000, "calculatedOperatingExpenses": 282353000, "calculatedNetInterest": 7402000, "calculatedOtherIncome": -8392000, "calculatedIncomeNonControlling": -1785000, "calculatedEbitda": 363395000}, {"date": "2005-09-30", "symbol": "OSK", "reportedCurrency": "USD", "cik": "0000775158", "fillingDate": "2005-11-22", "acceptedDate": "2005-11-22 15:49:04", "calendarYear": "2005", "period": "FY", "revenue": 2959900000, "costOfRevenue": 2465130000, "grossProfit": 494770000, "grossProfitRatio": 0.1671576742, "researchAndDevelopmentExpenses": 0, "generalAndAdministrativeExpenses": 219875000, "sellingAndMarketingExpenses": 0, "sellingGeneralAndAdministrativeExpenses": 219875000, "otherExpenses": 7693000, "operatingExpenses": 227568000, "costAndExpenses": 2692698000, "interestIncome": 3052000, "interestExpense": 4730000, "depreciationAndAmortization": 34699000, "ebitda": 303799000, "ebitdaratio": 0.1026382648, "operatingIncome": 267202000, "operatingIncomeRatio": 0.0902739957, "totalOtherIncomeExpensesNet": 1022000, "incomeBeforeTax": 260121000, "incomeBeforeTaxRatio": 0.0878816852, "incomeTaxExpense": 102267000, "netIncome": 160205000, "netIncomeRatio": 0.0541251394, "eps": 2.22, "epsdiluted": 2.18, "weightedAverageShsOut": 72164414, "weightedAverageShsOutDil": 73488532, "link": "https://www.sec.gov/Archives/edgar/data/775158/000089706905002784/0000897069-05-002784-index.htm", "finalLink": "https://www.sec.gov/Archives/edgar/data/775158/000089706905002784/cmw1836.htm", "calculatedOtherExpenses": 7693000, "calculatedOperatingExpenses": 227568000, "calculatedNetInterest": -1678000, "calculatedOtherIncome": -5403000, "calculatedIncomeNonControlling": -2351000, "calculatedEbitda": 301901000}, {"date": "2004-09-30", "symbol": "OSK", "reportedCurrency": "USD", "cik": "0000775158", "fillingDate": "2004-11-23", "acceptedDate": "2004-11-23 10:07:29", "calendarYear": "2004", "period": "FY", "revenue": 2262305000, "costOfRevenue": 1898636000, "grossProfit": 363669000, "grossProfitRatio": 0.1607515344, "researchAndDevelopmentExpenses": 0, "generalAndAdministrativeExpenses": 175951000, "sellingAndMarketingExpenses": 0, "sellingGeneralAndAdministrativeExpenses": 175951000, "otherExpenses": 7308000, "operatingExpenses": 183259000, "costAndExpenses": 2081895000, "interestIncome": 1235000, "interestExpense": 1712000, "depreciationAndAmortization": 27961000, "ebitda": 207919000, "ebitdaratio": 0.0919058217, "operatingIncome": 180410000, "operatingIncomeRatio": 0.0797460997, "totalOtherIncomeExpensesNet": 2671000, "incomeBeforeTax": 176548000, "incomeBeforeTaxRatio": 0.0780389912, "incomeTaxExpense": 65892000, "netIncome": 112806000, "netIncomeRatio": 0.0498633031, "eps": 1.62, "epsdiluted": 1.57, "weightedAverageShsOut": 69633333, "weightedAverageShsOutDil": 71850955, "link": "https://www.sec.gov/Archives/edgar/data/775158/000089706904002041/0000897069-04-002041-index.htm", "finalLink": "https://www.sec.gov/Archives/edgar/data/775158/000089706904002041/sdc832.htm", "calculatedOtherExpenses": 7308000, "calculatedOperatingExpenses": 183259000, "calculatedNetInterest": -477000, "calculatedOtherIncome": -3385000, "calculatedIncomeNonControlling": -2150000, "calculatedEbitda": 208371000}, {"date": "2003-09-30", "symbol": "OSK", "reportedCurrency": "USD", "cik": "0000775158", "fillingDate": "2003-11-26", "acceptedDate": "2003-11-26 16:55:55", "calendarYear": "2003", "period": "FY", "revenue": 1926010000, "costOfRevenue": 1634095000, "grossProfit": 291915000, "grossProfitRatio": 0.1515646336, "researchAndDevelopmentExpenses": 0, "generalAndAdministrativeExpenses": 156266000, "sellingAndMarketingExpenses": 0, "sellingGeneralAndAdministrativeExpenses": 156266000, "otherExpenses": 6450000, "operatingExpenses": 162716000, "costAndExpenses": 1796811000, "interestIncome": 1358000, "interestExpense": 16448000, "depreciationAndAmortization": 26120000, "ebitda": 161901000, "ebitdaratio": 0.0840603112, "operatingIncome": 129199000, "operatingIncomeRatio": 0.0670811678, "totalOtherIncomeExpensesNet": -4311000, "incomeBeforeTax": 110480000, "incomeBeforeTaxRatio": 0.0573621113, "incomeTaxExpense": 37131000, "netIncome": 75620000, "netIncomeRatio": 0.0392625168, "eps": 1.11, "epsdiluted": 1.08, "weightedAverageShsOut": 68126126, "weightedAverageShsOutDil": 70018519, "link": "https://www.sec.gov/Archives/edgar/data/775158/000089706903001544/0000897069-03-001544-index.htm", "finalLink": "https://www.sec.gov/Archives/edgar/data/775158/000089706903001544/cmw292.htm", "calculatedOtherExpenses": 6450000, "calculatedOperatingExpenses": 162716000, "calculatedNetInterest": -15090000, "calculatedOtherIncome": -3629000, "calculatedIncomeNonControlling": -2271000, "calculatedEbitda": 155319000}, {"date": "2002-09-30", "symbol": "OSK", "reportedCurrency": "USD", "cik": "0000775158", "fillingDate": "2002-11-25", "acceptedDate": "2002-11-25 15:33:51", "calendarYear": "2002", "period": "FY", "revenue": 1743592000, "costOfRevenue": 1483126000, "grossProfit": 260466000, "grossProfitRatio": 0.1493847184, "researchAndDevelopmentExpenses": 0, "generalAndAdministrativeExpenses": 143330000, "sellingAndMarketingExpenses": 0, "sellingGeneralAndAdministrativeExpenses": 143330000, "otherExpenses": 6018000, "operatingExpenses": 149348000, "costAndExpenses": 1632474000, "interestIncome": 0, "interestExpense": 19235000, "depreciationAndAmortization": 25392000, "ebitda": 138065000, "ebitdaratio": 0.0791842358, "operatingIncome": 111118000, "operatingIncomeRatio": 0.0637293587, "totalOtherIncomeExpensesNet": 871000, "incomeBeforeTax": 89457000, "incomeBeforeTaxRatio": 0.0513061542, "incomeTaxExpense": 32285000, "netIncome": 59598000, "netIncomeRatio": 0.0341811616, "eps": 0.89, "epsdiluted": 0.86, "weightedAverageShsOut": 67342373, "weightedAverageShsOutDil": 69300000, "link": "https://www.sec.gov/Archives/edgar/data/775158/000089706902000932/0000897069-02-000932-index.htm", "finalLink": "https://www.sec.gov/Archives/edgar/data/775158/000089706902000932/sdc269.txt", "calculatedOtherExpenses": 6018000, "calculatedOperatingExpenses": 149348000, "calculatedNetInterest": -19235000, "calculatedOtherIncome": -2426000, "calculatedIncomeNonControlling": -2426000, "calculatedEbitda": 136510000}, {"date": "2001-09-30", "symbol": "OSK", "reportedCurrency": "USD", "cik": "0000775158", "fillingDate": "2001-12-07", "acceptedDate": "2001-12-07 00:00:00", "calendarYear": "2001", "period": "FY", "revenue": 1445293000, "costOfRevenue": 1230800000, "grossProfit": 214493000, "grossProfitRatio": 0.1484079699, "researchAndDevelopmentExpenses": 0, "generalAndAdministrativeExpenses": 104022000, "sellingAndMarketingExpenses": 0, "sellingGeneralAndAdministrativeExpenses": 104022000, "otherExpenses": 102175000, "operatingExpenses": 206197000, "costAndExpenses": 1436997000, "interestIncome": 0, "interestExpense": -71929000, "depreciationAndAmortization": 28497000, "ebitda": 35040000, "ebitdaratio": 0.024244219, "operatingIncome": 8296000, "operatingIncomeRatio": 0.0057400126, "totalOtherIncomeExpensesNet": 3165000, "incomeBeforeTax": 78813000, "incomeBeforeTaxRatio": 0.0545308114, "incomeTaxExpense": 29361000, "netIncome": 50864000, "netIncomeRatio": 0.035192864, "eps": 0.76, "epsdiluted": 0.75, "weightedAverageShsOut": 66706885, "weightedAverageShsOutDil": 68273826, "link": "https://www.sec.gov/Archives/edgar/data/775158/000089706901500630/0000897069-01-500630-index.htm", "finalLink": "https://www.sec.gov/Archives/edgar/data/775158/000089706901500630/pdm181a.txt", "calculatedOtherExpenses": 102175000, "calculatedOperatingExpenses": 206197000, "calculatedNetInterest": 71929000, "calculatedOtherIncome": -1412000, "calculatedIncomeNonControlling": -1412000, "calculatedEbitda": 36793000}, {"date": "2000-09-30", "symbol": "OSK", "reportedCurrency": "USD", "cik": "0000775158", "fillingDate": "2000-12-13", "acceptedDate": "2000-12-13 00:00:00", "calendarYear": "2000", "period": "FY", "revenue": 1324026000, "costOfRevenue": 1108033000, "grossProfit": 215993000, "grossProfitRatio": 0.1631335034, "researchAndDevelopmentExpenses": 0, "generalAndAdministrativeExpenses": 93724000, "sellingAndMarketingExpenses": 0, "sellingGeneralAndAdministrativeExpenses": 93724000, "otherExpenses": 24218000, "operatingExpenses": 117942000, "costAndExpenses": 1225975000, "interestIncome": 0, "interestExpense": 17002000, "depreciationAndAmortization": 24218000, "ebitda": 120403000, "ebitdaratio": 0.090937036, "operatingIncome": 98051000, "operatingIncomeRatio": 0.0740551923, "totalOtherIncomeExpensesNet": 1866000, "incomeBeforeTax": 79854000, "incomeBeforeTaxRatio": 0.0603115045, "incomeTaxExpense": 31346000, "netIncome": 49703000, "netIncomeRatio": 0.037539293, "eps": 0.77, "epsdiluted": 0.76, "weightedAverageShsOut": 64340453, "weightedAverageShsOutDil": 65614521, "link": "https://www.sec.gov/Archives/edgar/data/775158/000089706900000618/0000897069-00-000618-index.htm", "finalLink": "https://www.sec.gov/Archives/edgar/data/775158/000089706900000618/0000897069-00-000618-0001.txt", "calculatedOtherExpenses": 24218000, "calculatedOperatingExpenses": 117942000, "calculatedNetInterest": -17002000, "calculatedOtherIncome": -1195000, "calculatedIncomeNonControlling": -1195000, "calculatedEbitda": 122269000}, {"date": "1999-09-30", "symbol": "OSK", "reportedCurrency": "USD", "cik": "0000775158", "fillingDate": "1999-12-27", "acceptedDate": "1999-12-27 00:00:00", "calendarYear": "1999", "period": "FY", "revenue": 1165000000, "costOfRevenue": 979600000, "grossProfit": 185400000, "grossProfitRatio": 0.1591416309, "researchAndDevelopmentExpenses": 0, "generalAndAdministrativeExpenses": 86000000, "sellingAndMarketingExpenses": 0, "sellingGeneralAndAdministrativeExpenses": 86000000, "otherExpenses": 23200000, "operatingExpenses": 109200000, "costAndExpenses": 1088800000, "interestIncome": 0, "interestExpense": 23800000, "depreciationAndAmortization": 23200000, "ebitda": 97200000, "ebitdaratio": 0.0834334764, "operatingIncome": 76200000, "operatingIncomeRatio": 0.0654077253, "totalOtherIncomeExpensesNet": 2200000, "incomeBeforeTax": 52500000, "incomeBeforeTaxRatio": 0.0450643777, "incomeTaxExpense": 21300000, "netIncome": 31100000, "netIncomeRatio": 0.026695279, "eps": 0.48, "epsdiluted": 0.48, "weightedAverageShsOut": 50602410, "weightedAverageShsOutDil": 52321008, "link": "https://www.sec.gov/Archives/edgar/data/775158/000089706999000610/0000897069-99-000610-index.html", "finalLink": "https://www.sec.gov/Archives/edgar/data/775158/000089706999000610/", "calculatedOtherExpenses": 23200000, "calculatedOperatingExpenses": 109200000, "calculatedNetInterest": -23800000, "calculatedOtherIncome": 100000, "calculatedIncomeNonControlling": 100000, "calculatedEbitda": 99400000}, {"date": "1998-09-30", "symbol": "OSK", "reportedCurrency": "USD", "cik": "0000775158", "fillingDate": "1998-12-17", "acceptedDate": "1998-12-17 00:00:00", "calendarYear": "1998", "period": "FY", "revenue": 902800000, "costOfRevenue": 756000000, "grossProfit": 146800000, "grossProfitRatio": 0.1626052282, "researchAndDevelopmentExpenses": 9700000, "generalAndAdministrativeExpenses": 69700000, "sellingAndMarketingExpenses": 0, "sellingGeneralAndAdministrativeExpenses": 69700000, "otherExpenses": 18700000, "operatingExpenses": 98100000, "costAndExpenses": 854100000, "interestIncome": 0, "interestExpense": 20900000, "depreciationAndAmortization": 18700000, "ebitda": 65700000, "ebitdaratio": 0.0727735933, "operatingIncome": 48700000, "operatingIncomeRatio": 0.0539432875, "totalOtherIncomeExpensesNet": 1700000, "incomeBeforeTax": 29000000, "incomeBeforeTaxRatio": 0.0321222862, "incomeTaxExpense": 12700000, "netIncome": 15100000, "netIncomeRatio": 0.0167257421, "eps": 0.3, "epsdiluted": 0.3, "weightedAverageShsOut": 54320988, "weightedAverageShsOutDil": 54320988, "link": "https://www.sec.gov/Archives/edgar/data/775158/000089706998000626/0000897069-98-000626-index.html", "finalLink": "https://www.sec.gov/Archives/edgar/data/775158/", "calculatedOtherExpenses": 18700000, "calculatedOperatingExpenses": 98100000, "calculatedNetInterest": -20900000, "calculatedOtherIncome": 1200000, "calculatedIncomeNonControlling": 1200000, "calculatedEbitda": 67400000}, {"date": "1997-09-30", "symbol": "OSK", "reportedCurrency": "USD", "cik": "0000775158", "fillingDate": "1997-12-24", "acceptedDate": "1997-12-24 00:00:00", "calendarYear": "1997", "period": "FY", "revenue": 683200000, "costOfRevenue": 584800000, "grossProfit": 98400000, "grossProfitRatio": 0.144028103, "researchAndDevelopmentExpenses": 7800000, "generalAndAdministrativeExpenses": 47700000, "sellingAndMarketingExpenses": 0, "sellingGeneralAndAdministrativeExpenses": 47700000, "otherExpenses": 14100000, "operatingExpenses": 69600000, "costAndExpenses": 654400000, "interestIncome": 0, "interestExpense": 12300000, "depreciationAndAmortization": 14100000, "ebitda": 42500000, "ebitdaratio": 0.06220726, "operatingIncome": 28800000, "operatingIncomeRatio": 0.0421545667, "totalOtherIncomeExpensesNet": 400000, "incomeBeforeTax": 16500000, "incomeBeforeTaxRatio": 0.0241510539, "incomeTaxExpense": 6500000, "netIncome": 10000000, "netIncomeRatio": 0.0146370023, "eps": 0.2, "epsdiluted": 0.2, "weightedAverageShsOut": 50632911, "weightedAverageShsOutDil": 51282051, "link": "https://www.sec.gov/Archives/edgar/data/775158/000089706997000505/0000897069-97-000505-index.html", "finalLink": "https://www.sec.gov/Archives/edgar/data/775158/", "calculatedOtherExpenses": 14100000, "calculatedOperatingExpenses": 69600000, "calculatedNetInterest": -12300000, "calculatedOtherIncome": 0, "calculatedIncomeNonControlling": 0, "calculatedEbitda": 42900000}, {"date": "1996-09-30", "symbol": "OSK", "reportedCurrency": "USD", "cik": "0000775158", "fillingDate": "1996-12-27", "acceptedDate": "1996-12-27 00:00:00", "calendarYear": "1996", "period": "FY", "revenue": 413500000, "costOfRevenue": 368900000, "grossProfit": 44600000, "grossProfitRatio": 0.107859734, "researchAndDevelopmentExpenses": 6300000, "generalAndAdministrativeExpenses": 33000000, "sellingAndMarketingExpenses": 0, "sellingGeneralAndAdministrativeExpenses": 33000000, "otherExpenses": 8800000, "operatingExpenses": 48100000, "costAndExpenses": 417000000, "interestIncome": 0, "interestExpense": -1600000, "depreciationAndAmortization": 8800000, "ebitda": 2800000, "ebitdaratio": 0.0067714631, "operatingIncome": -3500000, "operatingIncomeRatio": -0.0084643289, "totalOtherIncomeExpensesNet": 2500000, "incomeBeforeTax": -1900000, "incomeBeforeTaxRatio": -0.0045949214, "incomeTaxExpense": -1700000, "netIncome": -3100000, "netIncomeRatio": -0.007496977, "eps": -0.0575, "epsdiluted": -0.0575, "weightedAverageShsOut": 53913043, "weightedAverageShsOutDil": 53913043, "link": "https://www.sec.gov/Archives/edgar/data/775158/000089706996000438/0000897069-96-000438-index.html", "finalLink": "https://www.sec.gov/Archives/edgar/data/775158/", "calculatedOtherExpenses": 8800000, "calculatedOperatingExpenses": 48100000, "calculatedNetInterest": 1600000, "calculatedOtherIncome": 0, "calculatedIncomeNonControlling": 2900000, "calculatedEbitda": 5300000}, {"date": "1995-09-30", "symbol": "OSK", "reportedCurrency": "USD", "cik": "0000775158", "fillingDate": "1995-12-29", "acceptedDate": "1995-12-29 00:00:00", "calendarYear": "1995", "period": "FY", "revenue": 437900000, "costOfRevenue": 371400000, "grossProfit": 66500000, "grossProfitRatio": 0.1518611555, "researchAndDevelopmentExpenses": 5400000, "generalAndAdministrativeExpenses": 33500000, "sellingAndMarketingExpenses": 0, "sellingGeneralAndAdministrativeExpenses": 33500000, "otherExpenses": 8400000, "operatingExpenses": 47300000, "costAndExpenses": 418700000, "interestIncome": 0, "interestExpense": 2700000, "depreciationAndAmortization": 8400000, "ebitda": 27300000, "ebitdaratio": 0.0623430007, "operatingIncome": 19200000, "operatingIncomeRatio": 0.0438456269, "totalOtherIncomeExpensesNet": 300000, "incomeBeforeTax": 18900000, "incomeBeforeTaxRatio": 0.0431605389, "incomeTaxExpense": 7300000, "netIncome": 9200000, "netIncomeRatio": 0.0210093629, "eps": 0.17, "epsdiluted": 0.17, "weightedAverageShsOut": 53076923, "weightedAverageShsOutDil": 53333333, "link": "https://www.sec.gov/Archives/edgar/data/775158/000089706995000216/0000897069-95-000216-index.html", "finalLink": "https://www.sec.gov/Archives/edgar/data/775158/", "calculatedOtherExpenses": 8400000, "calculatedOperatingExpenses": 47300000, "calculatedNetInterest": -2700000, "calculatedOtherIncome": 2400000, "calculatedIncomeNonControlling": 2400000, "calculatedEbitda": 27600000}, {"date": "1994-09-30", "symbol": "OSK", "reportedCurrency": "USD", "cik": "0000775158", "fillingDate": "1994-12-29", "acceptedDate": "1994-12-29 00:00:00", "calendarYear": "1994", "period": "FY", "revenue": 691500000, "costOfRevenue": 593400000, "grossProfit": 98100000, "grossProfitRatio": 0.1418655098, "researchAndDevelopmentExpenses": 8200000, "generalAndAdministrativeExpenses": 55300000, "sellingAndMarketingExpenses": 0, "sellingGeneralAndAdministrativeExpenses": 55300000, "otherExpenses": 10100000, "operatingExpenses": 73600000, "costAndExpenses": 667000000, "interestIncome": 0, "interestExpense": 2500000, "depreciationAndAmortization": 10100000, "ebitda": 35400000, "ebitdaratio": 0.0511930586, "operatingIncome": 24500000, "operatingIncomeRatio": 0.0354302242, "totalOtherIncomeExpensesNet": -800000, "incomeBeforeTax": 22000000, "incomeBeforeTaxRatio": 0.0318148952, "incomeTaxExpense": 8900000, "netIncome": 13100000, "netIncomeRatio": 0.0189443239, "eps": 0.25, "epsdiluted": 0.25, "weightedAverageShsOut": 52400000, "weightedAverageShsOutDil": 52400000, "link": "https://www.sec.gov/Archives/edgar/data/775158/000089706994000126/0000897069-94-000126-index.html", "finalLink": "https://www.sec.gov/Archives/edgar/data/775158/", "calculatedOtherExpenses": 10100000, "calculatedOperatingExpenses": 73600000, "calculatedNetInterest": -2500000, "calculatedOtherIncome": 0, "calculatedIncomeNonControlling": 0, "calculatedEbitda": 34600000}, {"date": "1993-09-30", "symbol": "OSK", "reportedCurrency": "USD", "cik": "0000775158", "fillingDate": "1993-09-30", "acceptedDate": "1993-09-30 00:00:00", "calendarYear": "1993", "period": "FY", "revenue": 635000000, "costOfRevenue": 556000000, "grossProfit": 79000000, "grossProfitRatio": 0.1244094488, "researchAndDevelopmentExpenses": 0, "generalAndAdministrativeExpenses": 0, "sellingAndMarketingExpenses": 0, "sellingGeneralAndAdministrativeExpenses": 57500000, "otherExpenses": 9400000, "operatingExpenses": 66900000, "costAndExpenses": 622900000, "interestIncome": 0, "interestExpense": 4100000, "depreciationAndAmortization": 9400000, "ebitda": 21400000, "ebitdaratio": 0.0337007874, "operatingIncome": 12100000, "operatingIncomeRatio": 0.0190551181, "totalOtherIncomeExpensesNet": 100000, "incomeBeforeTax": 8000000, "incomeBeforeTaxRatio": 0.0125984252, "incomeTaxExpense": 2800000, "netIncome": 1100000, "netIncomeRatio": 0.0017322835, "eps": 0.02, "epsdiluted": 0.02, "weightedAverageShsOut": 55000000, "weightedAverageShsOutDil": 55000000, "link": null, "finalLink": null, "calculatedOtherExpenses": 9400000, "calculatedOperatingExpenses": 66900000, "calculatedNetInterest": -4100000, "calculatedOtherIncome": 0, "calculatedIncomeNonControlling": 4100000, "calculatedEbitda": 21500000}, {"date": "1992-09-30", "symbol": "OSK", "reportedCurrency": "USD", "cik": "0000775158", "fillingDate": "1992-09-30", "acceptedDate": "1992-09-30 00:00:00", "calendarYear": "1992", "period": "FY", "revenue": 640600000, "costOfRevenue": 563300000, "grossProfit": 77300000, "grossProfitRatio": 0.1206681236, "researchAndDevelopmentExpenses": 0, "generalAndAdministrativeExpenses": 0, "sellingAndMarketingExpenses": 0, "sellingGeneralAndAdministrativeExpenses": 54700000, "otherExpenses": 7800000, "operatingExpenses": 62500000, "costAndExpenses": 625800000, "interestIncome": 0, "interestExpense": 2400000, "depreciationAndAmortization": 7800000, "ebitda": 21600000, "ebitdaratio": 0.033718389, "operatingIncome": 14800000, "operatingIncomeRatio": 0.0231033406, "totalOtherIncomeExpensesNet": 1000000, "incomeBeforeTax": 12400000, "incomeBeforeTaxRatio": 0.019356853, "incomeTaxExpense": 3600000, "netIncome": 8800000, "netIncomeRatio": 0.0137371214, "eps": 0.17, "epsdiluted": 0.17, "weightedAverageShsOut": 52537313, "weightedAverageShsOutDil": 52537313, "link": null, "finalLink": null, "calculatedOtherExpenses": 7800000, "calculatedOperatingExpenses": 62500000, "calculatedNetInterest": -2400000, "calculatedOtherIncome": 0, "calculatedIncomeNonControlling": 0, "calculatedEbitda": 22600000}, {"date": "1991-09-30", "symbol": "OSK", "reportedCurrency": "USD", "cik": "0000775158", "fillingDate": "1991-09-30", "acceptedDate": "1991-09-30 00:00:00", "calendarYear": "1991", "period": "FY", "revenue": 419600000, "costOfRevenue": 365700000, "grossProfit": 53900000, "grossProfitRatio": 0.1284556721, "researchAndDevelopmentExpenses": 0, "generalAndAdministrativeExpenses": 0, "sellingAndMarketingExpenses": 0, "sellingGeneralAndAdministrativeExpenses": 44400000, "otherExpenses": 7500000, "operatingExpenses": 51900000, "costAndExpenses": 417600000, "interestIncome": 0, "interestExpense": -600000, "depreciationAndAmortization": 7500000, "ebitda": 8200000, "ebitdaratio": 0.0195424214, "operatingIncome": 2000000, "operatingIncomeRatio": 0.0047664442, "totalOtherIncomeExpensesNet": 1300000, "incomeBeforeTax": 1300000, "incomeBeforeTaxRatio": 0.0030981888, "incomeTaxExpense": 500000, "netIncome": 800000, "netIncomeRatio": 0.0019065777, "eps": 0.015, "epsdiluted": 0.015, "weightedAverageShsOut": 53333333, "weightedAverageShsOutDil": 53333333, "link": null, "finalLink": null, "calculatedOtherExpenses": 7500000, "calculatedOperatingExpenses": 51900000, "calculatedNetInterest": 600000, "calculatedOtherIncome": -1300000, "calculatedIncomeNonControlling": 0, "calculatedEbitda": 9500000}, {"date": "1990-09-30", "symbol": "OSK", "reportedCurrency": "USD", "cik": "0000775158", "fillingDate": "1990-09-30", "acceptedDate": "1990-09-30 00:00:00", "calendarYear": "1990", "period": "FY", "revenue": 453100000, "costOfRevenue": 402200000, "grossProfit": 50900000, "grossProfitRatio": 0.1123372324, "researchAndDevelopmentExpenses": 0, "generalAndAdministrativeExpenses": 0, "sellingAndMarketingExpenses": 0, "sellingGeneralAndAdministrativeExpenses": 48600000, "otherExpenses": 6600000, "operatingExpenses": 55200000, "costAndExpenses": 457400000, "interestIncome": 0, "interestExpense": 300000, "depreciationAndAmortization": 6600000, "ebitda": 1500000, "ebitdaratio": 0.0033105275, "operatingIncome": -4300000, "operatingIncomeRatio": -0.0094901788, "totalOtherIncomeExpensesNet": 800000, "incomeBeforeTax": -4600000, "incomeBeforeTaxRatio": -0.0101522843, "incomeTaxExpense": -1800000, "netIncome": -2800000, "netIncomeRatio": -0.0061796513, "eps": -0.0525, "epsdiluted": -0.0525, "weightedAverageShsOut": 53333333, "weightedAverageShsOutDil": 53333333, "link": null, "finalLink": null, "calculatedOtherExpenses": 6600000, "calculatedOperatingExpenses": 55200000, "calculatedNetInterest": -300000, "calculatedOtherIncome": 0, "calculatedIncomeNonControlling": 0, "calculatedEbitda": 2300000}, {"date": "1989-09-30", "symbol": "OSK", "reportedCurrency": "USD", "cik": "0000775158", "fillingDate": "1989-09-30", "acceptedDate": "1989-09-30 00:00:00", "calendarYear": "1989", "period": "FY", "revenue": 427200000, "costOfRevenue": 370300000, "grossProfit": 56900000, "grossProfitRatio": 0.1331928839, "researchAndDevelopmentExpenses": 0, "generalAndAdministrativeExpenses": 0, "sellingAndMarketingExpenses": 0, "sellingGeneralAndAdministrativeExpenses": 32800000, "otherExpenses": 5100000, "operatingExpenses": 37900000, "costAndExpenses": 408200000, "interestIncome": 0, "interestExpense": -1800000, "depreciationAndAmortization": 5100000, "ebitda": 21800000, "ebitdaratio": 0.0510299625, "operatingIncome": 19000000, "operatingIncomeRatio": 0.0444756554, "totalOtherIncomeExpensesNet": 2300000, "incomeBeforeTax": 20800000, "incomeBeforeTaxRatio": 0.0486891386, "incomeTaxExpense": 8000000, "netIncome": 12800000, "netIncomeRatio": 0.0299625468, "eps": 0.24, "epsdiluted": 0.24, "weightedAverageShsOut": 53894737, "weightedAverageShsOutDil": 53894737, "link": null, "finalLink": null, "calculatedOtherExpenses": 5100000, "calculatedOperatingExpenses": 37900000, "calculatedNetInterest": 1800000, "calculatedOtherIncome": 0, "calculatedIncomeNonControlling": 0, "calculatedEbitda": 24100000}, {"date": "1988-09-30", "symbol": "OSK", "reportedCurrency": "USD", "cik": "0000775158", "fillingDate": "1988-09-30", "acceptedDate": "1988-09-30 00:00:00", "calendarYear": "1988", "period": "FY", "revenue": 352900000, "costOfRevenue": 300200000, "grossProfit": 52700000, "grossProfitRatio": 0.149334089, "researchAndDevelopmentExpenses": 0, "generalAndAdministrativeExpenses": 0, "sellingAndMarketingExpenses": 0, "sellingGeneralAndAdministrativeExpenses": 26700000, "otherExpenses": 3500000, "operatingExpenses": 30200000, "costAndExpenses": 330400000, "interestIncome": 0, "interestExpense": -2400000, "depreciationAndAmortization": 3500000, "ebitda": 23100000, "ebitdaratio": 0.0654576367, "operatingIncome": 22500000, "operatingIncomeRatio": 0.0637574384, "totalOtherIncomeExpensesNet": 2900000, "incomeBeforeTax": 24900000, "incomeBeforeTaxRatio": 0.0705582318, "incomeTaxExpense": 9400000, "netIncome": 15500000, "netIncomeRatio": 0.0439217909, "eps": 0.29, "epsdiluted": 0.29, "weightedAverageShsOut": 53913043, "weightedAverageShsOutDil": 53913043, "link": null, "finalLink": null, "calculatedOtherExpenses": 3500000, "calculatedOperatingExpenses": 30200000, "calculatedNetInterest": 2400000, "calculatedOtherIncome": 0, "calculatedIncomeNonControlling": 0, "calculatedEbitda": 26000000}, {"date": "1987-09-30", "symbol": "OSK", "reportedCurrency": "USD", "cik": "0000775158", "fillingDate": "1987-09-30", "acceptedDate": "1987-09-30 00:00:00", "calendarYear": "1987", "period": "FY", "revenue": 403900000, "costOfRevenue": 323000000, "grossProfit": 80900000, "grossProfitRatio": 0.2002971032, "researchAndDevelopmentExpenses": 0, "generalAndAdministrativeExpenses": 0, "sellingAndMarketingExpenses": 0, "sellingGeneralAndAdministrativeExpenses": 28200000, "otherExpenses": 7500000, "operatingExpenses": 35700000, "costAndExpenses": 358700000, "interestIncome": 0, "interestExpense": -2400000, "depreciationAndAmortization": 7500000, "ebitda": 49300000, "ebitdaratio": 0.1220599158, "operatingIncome": 45200000, "operatingIncomeRatio": 0.1119088883, "totalOtherIncomeExpensesNet": 3400000, "incomeBeforeTax": 47600000, "incomeBeforeTaxRatio": 0.1178509532, "incomeTaxExpense": 21800000, "netIncome": 25800000, "netIncomeRatio": 0.0638771973, "eps": 0.48, "epsdiluted": 0.48, "weightedAverageShsOut": 54031414, "weightedAverageShsOutDil": 54031414, "link": null, "finalLink": null, "calculatedOtherExpenses": 7500000, "calculatedOperatingExpenses": 35700000, "calculatedNetInterest": 2400000, "calculatedOtherIncome": 0, "calculatedIncomeNonControlling": 0, "calculatedEbitda": 52700000}, {"date": "1986-09-30", "symbol": "OSK", "reportedCurrency": "USD", "cik": "0000775158", "fillingDate": "1986-09-30", "acceptedDate": "1986-09-30 00:00:00", "calendarYear": "1986", "period": "FY", "revenue": 399800000, "costOfRevenue": 322000000, "grossProfit": 77800000, "grossProfitRatio": 0.1945972986, "researchAndDevelopmentExpenses": 0, "generalAndAdministrativeExpenses": 0, "sellingAndMarketingExpenses": 0, "sellingGeneralAndAdministrativeExpenses": 26000000, "otherExpenses": 5900000, "operatingExpenses": 31900000, "costAndExpenses": 353900000, "interestIncome": 0, "interestExpense": -3700000, "depreciationAndAmortization": 5900000, "ebitda": 47000000, "ebitdaratio": 0.1175587794, "operatingIncome": 45900000, "operatingIncomeRatio": 0.1148074037, "totalOtherIncomeExpensesNet": 4800000, "incomeBeforeTax": 49600000, "incomeBeforeTaxRatio": 0.124062031, "incomeTaxExpense": 24800000, "netIncome": 24800000, "netIncomeRatio": 0.0620310155, "eps": 0.46, "epsdiluted": 0.46, "weightedAverageShsOut": 53913043, "weightedAverageShsOutDil": 53913043, "link": null, "finalLink": null, "calculatedOtherExpenses": 5900000, "calculatedOperatingExpenses": 31900000, "calculatedNetInterest": 3700000, "calculatedOtherIncome": 0, "calculatedIncomeNonControlling": 0, "calculatedEbitda": 51800000}, {"date": "1985-09-30", "symbol": "OSK", "reportedCurrency": "USD", "cik": "0000775158", "fillingDate": "1985-09-30", "acceptedDate": "1985-09-30 00:00:00", "calendarYear": "1985", "period": "FY", "revenue": 312100000, "costOfRevenue": 256200000, "grossProfit": 55900000, "grossProfitRatio": 0.1791092599, "researchAndDevelopmentExpenses": 0, "generalAndAdministrativeExpenses": 0, "sellingAndMarketingExpenses": 0, "sellingGeneralAndAdministrativeExpenses": 21400000, "otherExpenses": 3800000, "operatingExpenses": 25200000, "costAndExpenses": 281400000, "interestIncome": 0, "interestExpense": 2600000, "depreciationAndAmortization": 3800000, "ebitda": 33700000, "ebitdaratio": 0.1079782121, "operatingIncome": 30700000, "operatingIncomeRatio": 0.0983659084, "totalOtherIncomeExpensesNet": 800000, "incomeBeforeTax": 28100000, "incomeBeforeTaxRatio": 0.0900352451, "incomeTaxExpense": 13700000, "netIncome": 14400000, "netIncomeRatio": 0.046139058, "eps": 0.28, "epsdiluted": 0.28, "weightedAverageShsOut": 50973451, "weightedAverageShsOutDil": 50973451, "link": null, "finalLink": null, "calculatedOtherExpenses": 3800000, "calculatedOperatingExpenses": 25200000, "calculatedNetInterest": -2600000, "calculatedOtherIncome": 0, "calculatedIncomeNonControlling": 0, "calculatedEbitda": 34500000}]}