{"originalCurrency": "USD", "convertedCurrency": "USD", "report": [{"date": "2023-12-31", "symbol": "OTTR", "reportedCurrency": "USD", "cik": "0001466593", "fillingDate": "2024-02-13", "acceptedDate": "2024-02-13 09:11:14", "calendarYear": "2023", "period": "FY", "revenue": 1349166000, "costOfRevenue": 784016000, "grossProfit": 565150000, "grossProfitRatio": 0.4188884096, "researchAndDevelopmentExpenses": 0, "generalAndAdministrativeExpenses": 62066000, "sellingAndMarketingExpenses": 0, "sellingGeneralAndAdministrativeExpenses": 62066000, "otherExpenses": 12650000, "operatingExpenses": 176634000, "costAndExpenses": 960650000, "interestIncome": 0, "interestExpense": 37677000, "depreciationAndAmortization": 97954000, "ebitda": 499120000, "ebitdaratio": 0.3699470636, "operatingIncome": 377919000, "operatingIncomeRatio": 0.2801130476, "totalOtherIncomeExpensesNet": 12650000, "incomeBeforeTax": 363489000, "incomeBeforeTaxRatio": 0.2694175513, "incomeTaxExpense": 69298000, "netIncome": 294191000, "netIncomeRatio": 0.2180539682, "eps": 7.06, "epsdiluted": 7, "weightedAverageShsOut": 41668000, "weightedAverageShsOutDil": 42039000, "link": "https://www.sec.gov/Archives/edgar/data/1466593/000146659324000034/0001466593-24-000034-index.htm", "finalLink": "https://www.sec.gov/Archives/edgar/data/1466593/000146659324000034/a2023year-endearningsrelea.htm", "calculatedOtherExpenses": 125165000, "calculatedOperatingExpenses": 187231000, "calculatedNetInterest": -37677000, "calculatedOtherIncome": 23247000, "calculatedIncomeNonControlling": 0, "calculatedEbitda": 475873000}, {"date": "2022-12-31", "symbol": "OTTR", "reportedCurrency": "USD", "cik": "0001466593", "fillingDate": "2023-02-15", "acceptedDate": "2023-02-15 13:57:03", "calendarYear": "2022", "period": "FY", "revenue": 1460209000, "costOfRevenue": 889713000, "grossProfit": 570496000, "grossProfitRatio": 0.3906947567, "researchAndDevelopmentExpenses": 0, "generalAndAdministrativeExpenses": 68643000, "sellingAndMarketingExpenses": 0, "sellingGeneralAndAdministrativeExpenses": 68643000, "otherExpenses": 180057000, "operatingExpenses": 180057000, "costAndExpenses": 1069770000, "interestIncome": 36016000, "interestExpense": 36016000, "depreciationAndAmortization": 95709000, "ebitda": 486148000, "ebitdaratio": 0.332930423, "operatingIncome": 390439000, "operatingIncomeRatio": 0.2673856962, "totalOtherIncomeExpensesNet": -32904000, "incomeBeforeTax": 357535000, "incomeBeforeTaxRatio": 0.2448519356, "incomeTaxExpense": 73351000, "netIncome": 284184000, "netIncomeRatio": 0.1946187155, "eps": 6.83, "epsdiluted": 6.78, "weightedAverageShsOut": 41586000, "weightedAverageShsOutDil": 41931000, "link": "https://www.sec.gov/Archives/edgar/data/1466593/000146659323000053/0001466593-23-000053-index.htm", "finalLink": "https://www.sec.gov/Archives/edgar/data/1466593/000146659323000053/ottr-20221231.htm", "calculatedOtherExpenses": 111414000, "calculatedOperatingExpenses": 180057000, "calculatedNetInterest": 0, "calculatedOtherIncome": -32904000, "calculatedIncomeNonControlling": 0, "calculatedEbitda": 486148000}, {"date": "2021-12-31", "symbol": "OTTR", "reportedCurrency": "USD", "cik": "0001466593", "fillingDate": "2022-02-16", "acceptedDate": "2022-02-16 16:42:45", "calendarYear": "2021", "period": "FY", "revenue": 1196844000, "costOfRevenue": 772775000, "grossProfit": 424069000, "grossProfitRatio": 0.354322702, "researchAndDevelopmentExpenses": 0, "generalAndAdministrativeExpenses": 67410000, "sellingAndMarketingExpenses": 0, "sellingGeneralAndAdministrativeExpenses": 67410000, "otherExpenses": 174361000, "operatingExpenses": 174361000, "costAndExpenses": 947136000, "interestIncome": 37771000, "interestExpense": 37771000, "depreciationAndAmortization": 92242000, "ebitda": 341950000, "ebitdaratio": 0.28570975, "operatingIncome": 249708000, "operatingIncomeRatio": 0.2086387198, "totalOtherIncomeExpensesNet": -36887000, "incomeBeforeTax": 212821000, "incomeBeforeTaxRatio": 0.177818496, "incomeTaxExpense": 36052000, "netIncome": 176769000, "netIncomeRatio": 0.1476959403, "eps": 4.26, "epsdiluted": 4.23, "weightedAverageShsOut": 41491000, "weightedAverageShsOutDil": 41818000, "link": "https://www.sec.gov/Archives/edgar/data/1466593/000146659322000010/0001466593-22-000010-index.htm", "finalLink": "https://www.sec.gov/Archives/edgar/data/1466593/000146659322000010/ottr-20211231.htm", "calculatedOtherExpenses": 106951000, "calculatedOperatingExpenses": 174361000, "calculatedNetInterest": 0, "calculatedOtherIncome": -36887000, "calculatedIncomeNonControlling": 0, "calculatedEbitda": 341950000}, {"date": "2020-12-31", "symbol": "OTTR", "reportedCurrency": "USD", "cik": "0001466593", "fillingDate": "2021-02-19", "acceptedDate": "2021-02-19 15:27:01", "calendarYear": "2020", "period": "FY", "revenue": 890107000, "costOfRevenue": 588099000, "grossProfit": 302008000, "grossProfitRatio": 0.3392940399, "researchAndDevelopmentExpenses": 0, "generalAndAdministrativeExpenses": 3437000, "sellingAndMarketingExpenses": 0, "sellingGeneralAndAdministrativeExpenses": 3437000, "otherExpenses": 154122000, "operatingExpenses": 154122000, "costAndExpenses": 742221000, "interestIncome": 34447000, "interestExpense": 34447000, "depreciationAndAmortization": 84655000, "ebitda": 232541000, "ebitdaratio": 0.2612506137, "operatingIncome": 147886000, "operatingIncomeRatio": 0.1661440703, "totalOtherIncomeExpensesNet": -31829000, "incomeBeforeTax": 116057000, "incomeBeforeTaxRatio": 0.130385448, "incomeTaxExpense": 20206000, "netIncome": 95851000, "netIncomeRatio": 0.1076848064, "eps": 2.35, "epsdiluted": 2.34, "weightedAverageShsOut": 40710000, "weightedAverageShsOutDil": 40905000, "link": "https://www.sec.gov/Archives/edgar/data/1466593/000146659321000011/0001466593-21-000011-index.htm", "finalLink": "https://www.sec.gov/Archives/edgar/data/1466593/000146659321000011/ottr-20201231.htm", "calculatedOtherExpenses": 150685000, "calculatedOperatingExpenses": 154122000, "calculatedNetInterest": 0, "calculatedOtherIncome": -31829000, "calculatedIncomeNonControlling": 0, "calculatedEbitda": 232541000}, {"date": "2019-12-31", "symbol": "OTTR", "reportedCurrency": "USD", "cik": "0001466593", "fillingDate": "2020-02-20", "acceptedDate": "2020-02-20 16:10:53", "calendarYear": "2019", "period": "FY", "revenue": 919503000, "costOfRevenue": 690752000, "grossProfit": 228751000, "grossProfitRatio": 0.2487767849, "researchAndDevelopmentExpenses": 0, "generalAndAdministrativeExpenses": 0, "sellingAndMarketingExpenses": 0, "sellingGeneralAndAdministrativeExpenses": 4293000, "otherExpenses": 93871000, "operatingExpenses": 93871000, "costAndExpenses": 784623000, "interestIncome": 31411000, "interestExpense": 31411000, "depreciationAndAmortization": 78905000, "ebitda": 213785000, "ebitdaratio": 0.2325006009, "operatingIncome": 134880000, "operatingIncomeRatio": 0.146687939, "totalOtherIncomeExpensesNet": -30592000, "incomeBeforeTax": 104288000, "incomeBeforeTaxRatio": 0.113417792, "incomeTaxExpense": 17441000, "netIncome": 86847000, "netIncomeRatio": 0.0944499365, "eps": 2.19, "epsdiluted": 2.17, "weightedAverageShsOut": 39720847, "weightedAverageShsOutDil": 39953826, "link": "https://www.sec.gov/Archives/edgar/data/1466593/000143774920003157/0001437749-20-003157-index.htm", "finalLink": "https://www.sec.gov/Archives/edgar/data/1466593/000143774920003157/ottr20191231_10k.htm", "calculatedOtherExpenses": 89578000, "calculatedOperatingExpenses": 93871000, "calculatedNetInterest": 0, "calculatedOtherIncome": -30592000, "calculatedIncomeNonControlling": 0, "calculatedEbitda": 213785000}, {"date": "2018-12-31", "symbol": "OTTR", "reportedCurrency": "USD", "cik": "0001466593", "fillingDate": "2019-02-22", "acceptedDate": "2019-02-22 15:52:31", "calendarYear": "2018", "period": "FY", "revenue": 916447000, "costOfRevenue": 645263000, "grossProfit": 271184000, "grossProfitRatio": 0.2959080012, "researchAndDevelopmentExpenses": 0, "generalAndAdministrativeExpenses": 0, "sellingAndMarketingExpenses": 0, "sellingGeneralAndAdministrativeExpenses": 0, "otherExpenses": -2048000, "operatingExpenses": 141795000, "costAndExpenses": 787058000, "interestIncome": 0, "interestExpense": 30408000, "depreciationAndAmortization": 74666000, "ebitda": 202007000, "ebitdaratio": 0.2204240944, "operatingIncome": 129389000, "operatingIncomeRatio": 0.1411854695, "totalOtherIncomeExpensesNet": -2048000, "incomeBeforeTax": 96933000, "incomeBeforeTaxRatio": 0.1057704374, "incomeTaxExpense": 14588000, "netIncome": 82345000, "netIncomeRatio": 0.089852441, "eps": 2.08, "epsdiluted": 2.06, "weightedAverageShsOut": 39599944, "weightedAverageShsOutDil": 39892196, "link": "https://www.sec.gov/Archives/edgar/data/1466593/000143774919003150/0001437749-19-003150-index.htm", "finalLink": "https://www.sec.gov/Archives/edgar/data/1466593/000143774919003150/ottr20181231_10k.htm", "calculatedOtherExpenses": 141795000, "calculatedOperatingExpenses": 141795000, "calculatedNetInterest": -30408000, "calculatedOtherIncome": -2048000, "calculatedIncomeNonControlling": 0, "calculatedEbitda": 204055000}, {"date": "2017-12-31", "symbol": "OTTR", "reportedCurrency": "USD", "cik": "0001466593", "fillingDate": "2018-02-20", "acceptedDate": "2018-02-20 13:10:49", "calendarYear": "2017", "period": "FY", "revenue": 849350000, "costOfRevenue": 592378000, "grossProfit": 256972000, "grossProfitRatio": 0.3025513628, "researchAndDevelopmentExpenses": 0, "generalAndAdministrativeExpenses": 0, "sellingAndMarketingExpenses": 0, "sellingGeneralAndAdministrativeExpenses": 0, "otherExpenses": 2632000, "operatingExpenses": 130838000, "costAndExpenses": 723216000, "interestIncome": 0, "interestExpense": 29604000, "depreciationAndAmortization": 72545000, "ebitda": 201311000, "ebitdaratio": 0.2370177194, "operatingIncome": 126134000, "operatingIncomeRatio": 0.148506505, "totalOtherIncomeExpensesNet": 2632000, "incomeBeforeTax": 99162000, "incomeBeforeTaxRatio": 0.1167504562, "incomeTaxExpense": 27043000, "netIncome": 72439000, "netIncomeRatio": 0.0852875728, "eps": 1.84, "epsdiluted": 1.82, "weightedAverageShsOut": 39457261, "weightedAverageShsOutDil": 39748347, "link": "https://www.sec.gov/Archives/edgar/data/1466593/000143774918002843/0001437749-18-002843-index.htm", "finalLink": "https://www.sec.gov/Archives/edgar/data/1466593/000143774918002843/ottr20171231_10k.htm", "calculatedOtherExpenses": 130838000, "calculatedOperatingExpenses": 130838000, "calculatedNetInterest": -29604000, "calculatedOtherIncome": 2632000, "calculatedIncomeNonControlling": -320000, "calculatedEbitda": 198679000}, {"date": "2016-12-31", "symbol": "OTTR", "reportedCurrency": "USD", "cik": "0001466593", "fillingDate": "2017-02-22", "acceptedDate": "2017-02-22 11:57:31", "calendarYear": "2016", "period": "FY", "revenue": 803539000, "costOfRevenue": 564465000, "grossProfit": 239074000, "grossProfitRatio": 0.297526318, "researchAndDevelopmentExpenses": 0, "generalAndAdministrativeExpenses": 0, "sellingAndMarketingExpenses": 0, "sellingGeneralAndAdministrativeExpenses": 0, "otherExpenses": 2905000, "operatingExpenses": 127975000, "costAndExpenses": 692440000, "interestIncome": 0, "interestExpense": 31886000, "depreciationAndAmortization": 73445000, "ebitda": 187449000, "ebitdaratio": 0.2332792808, "operatingIncome": 111099000, "operatingIncomeRatio": 0.138262113, "totalOtherIncomeExpensesNet": 2905000, "incomeBeforeTax": 82118000, "incomeBeforeTaxRatio": 0.102195413, "incomeTaxExpense": 20081000, "netIncome": 62321000, "netIncomeRatio": 0.0775581521, "eps": 1.62, "epsdiluted": 1.61, "weightedAverageShsOut": 38546459, "weightedAverageShsOutDil": 38731010, "link": "https://www.sec.gov/Archives/edgar/data/1466593/000157104917001533/0001571049-17-001533-index.htm", "finalLink": "https://www.sec.gov/Archives/edgar/data/1466593/000157104917001533/t1700069_10k.htm", "calculatedOtherExpenses": 127975000, "calculatedOperatingExpenses": 127975000, "calculatedNetInterest": -31886000, "calculatedOtherIncome": 2905000, "calculatedIncomeNonControlling": -284000, "calculatedEbitda": 184544000}, {"date": "2015-12-31", "symbol": "OTTR", "reportedCurrency": "USD", "cik": "0001466593", "fillingDate": "2016-02-29", "acceptedDate": "2016-02-29 12:04:42", "calendarYear": "2015", "period": "FY", "revenue": 779804000, "costOfRevenue": 570206000, "grossProfit": 209598000, "grossProfitRatio": 0.2687829249, "researchAndDevelopmentExpenses": 0, "generalAndAdministrativeExpenses": 0, "sellingAndMarketingExpenses": 0, "sellingGeneralAndAdministrativeExpenses": 0, "otherExpenses": 2177000, "operatingExpenses": 100384000, "costAndExpenses": 670590000, "interestIncome": 0, "interestExpense": 31160000, "depreciationAndAmortization": 60363000, "ebitda": 171754000, "ebitdaratio": 0.2202527815, "operatingIncome": 109214000, "operatingIncomeRatio": 0.1400531416, "totalOtherIncomeExpensesNet": 2177000, "incomeBeforeTax": 80231000, "incomeBeforeTaxRatio": 0.1028861098, "incomeTaxExpense": 21642000, "netIncome": 59345000, "netIncomeRatio": 0.0761024565, "eps": 1.58, "epsdiluted": 1.58, "weightedAverageShsOut": 37494986, "weightedAverageShsOutDil": 37668026, "link": "https://www.sec.gov/Archives/edgar/data/1466593/000157104916012346/0001571049-16-012346-index.htm", "finalLink": "https://www.sec.gov/Archives/edgar/data/1466593/000157104916012346/t1600062_10k.htm", "calculatedOtherExpenses": 100384000, "calculatedOperatingExpenses": 100384000, "calculatedNetInterest": -31160000, "calculatedOtherIncome": 2177000, "calculatedIncomeNonControlling": -756000, "calculatedEbitda": 169577000}, {"date": "2014-12-31", "symbol": "OTTR", "reportedCurrency": "USD", "cik": "0001466593", "fillingDate": "2015-03-02", "acceptedDate": "2015-03-02 11:24:04", "calendarYear": "2014", "period": "FY", "revenue": 799262000, "costOfRevenue": 595676000, "grossProfit": 203586000, "grossProfitRatio": 0.2547174769, "researchAndDevelopmentExpenses": 0, "generalAndAdministrativeExpenses": 0, "sellingAndMarketingExpenses": 0, "sellingGeneralAndAdministrativeExpenses": 0, "otherExpenses": 3557000, "operatingExpenses": 104055000, "costAndExpenses": 699731000, "interestIncome": 0, "interestExpense": 29648000, "depreciationAndAmortization": 58074000, "ebitda": 161162000, "ebitdaratio": 0.2016385115, "operatingIncome": 99531000, "operatingIncomeRatio": 0.1245286277, "totalOtherIncomeExpensesNet": 3557000, "incomeBeforeTax": 73440000, "incomeBeforeTaxRatio": 0.0918847637, "incomeTaxExpense": 16557000, "netIncome": 57723000, "netIncomeRatio": 0.0722203733, "eps": 1.58, "epsdiluted": 1.57, "weightedAverageShsOut": 36514397, "weightedAverageShsOutDil": 36752559, "link": "https://www.sec.gov/Archives/edgar/data/1466593/000157104915001534/0001571049-15-001534-index.htm", "finalLink": "https://www.sec.gov/Archives/edgar/data/1466593/000157104915001534/t81442_10k.htm", "calculatedOtherExpenses": 104055000, "calculatedOperatingExpenses": 104055000, "calculatedNetInterest": -29648000, "calculatedOtherIncome": 3557000, "calculatedIncomeNonControlling": -840000, "calculatedEbitda": 157605000}, {"date": "2013-12-31", "symbol": "OTTR", "reportedCurrency": "USD", "cik": "0001466593", "fillingDate": "2014-03-03", "acceptedDate": "2014-03-03 13:37:00", "calendarYear": "2013", "period": "FY", "revenue": 893313000, "costOfRevenue": 684647000, "grossProfit": 208666000, "grossProfitRatio": 0.23358666, "researchAndDevelopmentExpenses": 0, "generalAndAdministrativeExpenses": 0, "sellingAndMarketingExpenses": 0, "sellingGeneralAndAdministrativeExpenses": 0, "otherExpenses": 4096000, "operatingExpenses": 111815000, "costAndExpenses": 796462000, "interestIncome": 0, "interestExpense": 26978000, "depreciationAndAmortization": 59885000, "ebitda": 160832000, "ebitdaratio": 0.1800399188, "operatingIncome": 96851000, "operatingIncomeRatio": 0.1084177662, "totalOtherIncomeExpensesNet": -6156000, "incomeBeforeTax": 63717000, "incomeBeforeTaxRatio": 0.0713266235, "incomeTaxExpense": 13543000, "netIncome": 50865000, "netIncomeRatio": 0.0569397289, "eps": 1.39, "epsdiluted": 1.39, "weightedAverageShsOut": 36151364, "weightedAverageShsOutDil": 36354947, "link": "https://www.sec.gov/Archives/edgar/data/1466593/000118811214000558/0001188112-14-000558-index.htm", "finalLink": "https://www.sec.gov/Archives/edgar/data/1466593/000118811214000558/t78327_10k.htm", "calculatedOtherExpenses": 111815000, "calculatedOperatingExpenses": 111815000, "calculatedNetInterest": -26978000, "calculatedOtherIncome": -6156000, "calculatedIncomeNonControlling": -691000, "calculatedEbitda": 156736000}, {"date": "2012-12-31", "symbol": "OTTR", "reportedCurrency": "USD", "cik": "0001466593", "fillingDate": "2013-02-27", "acceptedDate": "2013-02-27 15:29:44", "calendarYear": "2012", "period": "FY", "revenue": 859239000, "costOfRevenue": 664395000, "grossProfit": 194844000, "grossProfitRatio": 0.22676345, "researchAndDevelopmentExpenses": 0, "generalAndAdministrativeExpenses": 0, "sellingAndMarketingExpenses": 0, "sellingGeneralAndAdministrativeExpenses": 0, "otherExpenses": 4085000, "operatingExpenses": 112385000, "costAndExpenses": 776780000, "interestIncome": 0, "interestExpense": 31905000, "depreciationAndAmortization": 59764000, "ebitda": 146308000, "ebitdaratio": 0.1702762561, "operatingIncome": 82027000, "operatingIncomeRatio": 0.0954647077, "totalOtherIncomeExpensesNet": -9453000, "incomeBeforeTax": 41101000, "incomeBeforeTaxRatio": 0.0478341882, "incomeTaxExpense": 2133000, "netIncome": -5273000, "netIncomeRatio": -0.0061368257, "eps": -0.15, "epsdiluted": -0.15, "weightedAverageShsOut": 36047984, "weightedAverageShsOutDil": 36242224, "link": "https://www.sec.gov/Archives/edgar/data/1466593/000118811213000505/0001188112-13-000505-index.htm", "finalLink": "https://www.sec.gov/Archives/edgar/data/1466593/000118811213000505/t75516_10k.htm", "calculatedOtherExpenses": 112817000, "calculatedOperatingExpenses": 112817000, "calculatedNetInterest": -31905000, "calculatedOtherIncome": -9021000, "calculatedIncomeNonControlling": 44241000, "calculatedEbitda": 141791000}, {"date": "2011-12-31", "symbol": "OTTR", "reportedCurrency": "USD", "cik": "0001466593", "fillingDate": "2012-02-29", "acceptedDate": "2012-02-29 16:54:45", "calendarYear": "2011", "period": "FY", "revenue": 1077850000, "costOfRevenue": 759164000, "grossProfit": 318686000, "grossProfitRatio": 0.2956682284, "researchAndDevelopmentExpenses": 0, "generalAndAdministrativeExpenses": 0, "sellingAndMarketingExpenses": 0, "sellingGeneralAndAdministrativeExpenses": 0, "otherExpenses": 196053000, "operatingExpenses": 262784000, "costAndExpenses": 1021948000, "interestIncome": 0, "interestExpense": 35818000, "depreciationAndAmortization": 70000000, "ebitda": 125902000, "ebitdaratio": 0.1168084613, "operatingIncome": 52289000, "operatingIncomeRatio": 0.0485123162, "totalOtherIncomeExpensesNet": -877000, "incomeBeforeTax": 19207000, "incomeBeforeTaxRatio": 0.0178197337, "incomeTaxExpense": 2087000, "netIncome": -13243000, "netIncomeRatio": -0.0122864963, "eps": -0.37, "epsdiluted": -0.37, "weightedAverageShsOut": 35922155, "weightedAverageShsOutDil": 35922155, "link": "https://www.sec.gov/Archives/edgar/data/1466593/000115752312001147/0001157523-12-001147-index.htm", "finalLink": "https://www.sec.gov/Archives/edgar/data/1466593/000115752312001147/a50173114.htm", "calculatedOtherExpenses": 266397000, "calculatedOperatingExpenses": 266397000, "calculatedNetInterest": -35818000, "calculatedOtherIncome": 2736000, "calculatedIncomeNonControlling": 30363000, "calculatedEbitda": 122289000}, {"date": "2010-12-31", "symbol": "OTTR", "reportedCurrency": "USD", "cik": "0001466593", "fillingDate": "2011-02-28", "acceptedDate": "2011-02-25 19:02:24", "calendarYear": "2010", "period": "FY", "revenue": 1119084000, "costOfRevenue": 718846000, "grossProfit": 400238000, "grossProfitRatio": 0.357647862, "researchAndDevelopmentExpenses": 0, "generalAndAdministrativeExpenses": 0, "sellingAndMarketingExpenses": 0, "sellingGeneralAndAdministrativeExpenses": 0, "otherExpenses": 202234000, "operatingExpenses": 345985000, "costAndExpenses": 1064831000, "interestIncome": 0, "interestExpense": 37032000, "depreciationAndAmortization": 80696000, "ebitda": 134949000, "ebitdaratio": 0.120588803, "operatingIncome": 34513000, "operatingIncomeRatio": 0.0308404016, "totalOtherIncomeExpensesNet": -14614000, "incomeBeforeTax": 2607000, "incomeBeforeTaxRatio": 0.0023295838, "incomeTaxExpense": 3951000, "netIncome": -1344000, "netIncomeRatio": -0.0012009822, "eps": -0.0376, "epsdiluted": -0.0376, "weightedAverageShsOut": 35783555, "weightedAverageShsOutDil": 35783555, "link": "https://www.sec.gov/Archives/edgar/data/1466593/000115752311001197/0001157523-11-001197-index.htm", "finalLink": "https://www.sec.gov/Archives/edgar/data/1466593/000115752311001197/a6618109.htm", "calculatedOtherExpenses": 365725000, "calculatedOperatingExpenses": 365725000, "calculatedNetInterest": -37032000, "calculatedOtherIncome": 5126000, "calculatedIncomeNonControlling": 0, "calculatedEbitda": 115209000}, {"date": "2009-12-31", "symbol": "OTTR", "reportedCurrency": "USD", "cik": "0001466593", "fillingDate": "2010-02-26", "acceptedDate": "2010-02-26 16:20:25", "calendarYear": "2009", "period": "FY", "revenue": 1039512000, "costOfRevenue": 677528000, "grossProfit": 361984000, "grossProfitRatio": 0.3482249363, "researchAndDevelopmentExpenses": 0, "generalAndAdministrativeExpenses": 1625000, "sellingAndMarketingExpenses": 0, "sellingGeneralAndAdministrativeExpenses": 1625000, "otherExpenses": 188328000, "operatingExpenses": 314969000, "costAndExpenses": 992497000, "interestIncome": 0, "interestExpense": 28514000, "depreciationAndAmortization": 73608000, "ebitda": 120623000, "ebitdaratio": 0.1160381025, "operatingIncome": 45390000, "operatingIncomeRatio": 0.0436647196, "totalOtherIncomeExpensesNet": 2925000, "incomeBeforeTax": 21426000, "incomeBeforeTaxRatio": 0.0206115947, "incomeTaxExpense": -4605000, "netIncome": 26031000, "netIncomeRatio": 0.025041558, "eps": 0.71, "epsdiluted": 0.71, "weightedAverageShsOut": 35463097, "weightedAverageShsOutDil": 35716981, "link": "https://www.sec.gov/Archives/edgar/data/1466593/000095012310018165/0000950123-10-018165-index.htm", "finalLink": "https://www.sec.gov/Archives/edgar/data/1466593/000095012310018165/c56502e10vk.htm", "calculatedOtherExpenses": 314969000, "calculatedOperatingExpenses": 316594000, "calculatedNetInterest": -28514000, "calculatedOtherIncome": 4550000, "calculatedIncomeNonControlling": 0, "calculatedEbitda": 118998000}, {"date": "2008-12-31", "symbol": "OTTR", "reportedCurrency": "USD", "cik": "0001466593", "fillingDate": "2008-12-31", "acceptedDate": "2008-12-30 19:00:00", "calendarYear": "2008", "period": "FY", "revenue": 1311197000, "costOfRevenue": 128259000, "grossProfit": 1182938000, "grossProfitRatio": 0.9021817469, "researchAndDevelopmentExpenses": 0, "generalAndAdministrativeExpenses": 0, "sellingAndMarketingExpenses": 0, "sellingGeneralAndAdministrativeExpenses": 0, "otherExpenses": 1109946000, "operatingExpenses": 1109946000, "costAndExpenses": 1238205000, "interestIncome": 0, "interestExpense": 0, "depreciationAndAmortization": 65060000, "ebitda": 133924000, "ebitdaratio": 0.1021387328, "operatingIncome": 72992000, "operatingIncomeRatio": 0.0556682177, "totalOtherIncomeExpensesNet": 4128000, "incomeBeforeTax": 50162000, "incomeBeforeTaxRatio": 0.0382566464, "incomeTaxExpense": 15037000, "netIncome": 35125000, "netIncomeRatio": 0.0267884994, "eps": 1.09, "epsdiluted": 1.09, "weightedAverageShsOut": 31409000, "weightedAverageShsOutDil": 31673000, "link": "", "finalLink": "", "calculatedOtherExpenses": 1109946000, "calculatedOperatingExpenses": 1109946000, "calculatedNetInterest": 0, "calculatedOtherIncome": -22830000, "calculatedIncomeNonControlling": 0, "calculatedEbitda": 138052000}, {"date": "2007-12-31", "symbol": "OTTR", "reportedCurrency": "USD", "cik": "0001466593", "fillingDate": "2007-12-31", "acceptedDate": "2007-12-30 19:00:00", "calendarYear": "2007", "period": "FY", "revenue": 1238887000, "costOfRevenue": 135172000, "grossProfit": 1103715000, "grossProfitRatio": 0.8908923897, "researchAndDevelopmentExpenses": 0, "generalAndAdministrativeExpenses": 0, "sellingAndMarketingExpenses": 0, "sellingGeneralAndAdministrativeExpenses": 0, "otherExpenses": 1002941000, "operatingExpenses": 1002941000, "costAndExpenses": 1138113000, "interestIncome": 0, "interestExpense": 0, "depreciationAndAmortization": 52830000, "ebitda": 151592000, "ebitdaratio": 0.1223614422, "operatingIncome": 100774000, "operatingIncomeRatio": 0.0813423662, "totalOtherIncomeExpensesNet": 2012000, "incomeBeforeTax": 81929000, "incomeBeforeTaxRatio": 0.0661311322, "incomeTaxExpense": 27968000, "netIncome": 53961000, "netIncomeRatio": 0.0435560305, "eps": 1.79, "epsdiluted": 1.78, "weightedAverageShsOut": 29681000, "weightedAverageShsOutDil": 29970000, "link": "", "finalLink": "", "calculatedOtherExpenses": 1002941000, "calculatedOperatingExpenses": 1002941000, "calculatedNetInterest": 0, "calculatedOtherIncome": -18845000, "calculatedIncomeNonControlling": 0, "calculatedEbitda": 153604000}, {"date": "2006-12-31", "symbol": "OTTR", "reportedCurrency": "USD", "cik": "0001466593", "fillingDate": "2006-12-31", "acceptedDate": "2006-12-30 19:00:00", "calendarYear": "2006", "period": "FY", "revenue": 1104954000, "costOfRevenue": 117010000, "grossProfit": 987944000, "grossProfitRatio": 0.894104189, "researchAndDevelopmentExpenses": 0, "generalAndAdministrativeExpenses": 0, "sellingAndMarketingExpenses": 0, "sellingGeneralAndAdministrativeExpenses": 0, "otherExpenses": 890147000, "operatingExpenses": 890147000, "costAndExpenses": 1007157000, "interestIncome": 0, "interestExpense": 0, "depreciationAndAmortization": 49983000, "ebitda": 148220000, "ebitdaratio": 0.1341413308, "operatingIncome": 97797000, "operatingIncomeRatio": 0.0885077569, "totalOtherIncomeExpensesNet": -440000, "incomeBeforeTax": 77856000, "incomeBeforeTaxRatio": 0.0704608518, "incomeTaxExpense": 27106000, "netIncome": 51112000, "netIncomeRatio": 0.0462571293, "eps": 1.71, "epsdiluted": 1.7, "weightedAverageShsOut": 29394000, "weightedAverageShsOutDil": 29664000, "link": "", "finalLink": "", "calculatedOtherExpenses": 890147000, "calculatedOperatingExpenses": 890147000, "calculatedNetInterest": 0, "calculatedOtherIncome": -19941000, "calculatedIncomeNonControlling": -362000, "calculatedEbitda": 147780000}, {"date": "2005-12-31", "symbol": "OTTR", "reportedCurrency": "USD", "cik": "0001466593", "fillingDate": "2005-12-31", "acceptedDate": "2005-12-30 19:00:00", "calendarYear": "2005", "period": "FY", "revenue": 1046408000, "costOfRevenue": 114755000, "grossProfit": 931653000, "grossProfitRatio": 0.8903343629, "researchAndDevelopmentExpenses": 0, "generalAndAdministrativeExpenses": 0, "sellingAndMarketingExpenses": 0, "sellingGeneralAndAdministrativeExpenses": 0, "otherExpenses": 834059000, "operatingExpenses": 834059000, "costAndExpenses": 948814000, "interestIncome": 0, "interestExpense": 0, "depreciationAndAmortization": 46458000, "ebitda": 142266000, "ebitdaratio": 0.1359565294, "operatingIncome": 97594000, "operatingIncomeRatio": 0.0932657243, "totalOtherIncomeExpensesNet": 1786000, "incomeBeforeTax": 80822000, "incomeBeforeTaxRatio": 0.0772375593, "incomeTaxExpense": 27967000, "netIncome": 62551000, "netIncomeRatio": 0.0597768748, "eps": 2.12, "epsdiluted": 2.11, "weightedAverageShsOut": 29223000, "weightedAverageShsOutDil": 29348000, "link": "", "finalLink": "", "calculatedOtherExpenses": 834059000, "calculatedOperatingExpenses": 834059000, "calculatedNetInterest": 0, "calculatedOtherIncome": -16772000, "calculatedIncomeNonControlling": -9696000, "calculatedEbitda": 144052000}, {"date": "2004-12-31", "symbol": "OTTR", "reportedCurrency": "USD", "cik": "0001466593", "fillingDate": "2004-12-31", "acceptedDate": "2004-12-30 19:00:00", "calendarYear": "2004", "period": "FY", "revenue": 882324000, "costOfRevenue": 92154000, "grossProfit": 790170000, "grossProfitRatio": 0.8955553742, "researchAndDevelopmentExpenses": 0, "generalAndAdministrativeExpenses": 0, "sellingAndMarketingExpenses": 0, "sellingGeneralAndAdministrativeExpenses": 0, "otherExpenses": 715734000, "operatingExpenses": 715734000, "costAndExpenses": 807888000, "interestIncome": 0, "interestExpense": 0, "depreciationAndAmortization": 44344000, "ebitda": 117960000, "ebitdaratio": 0.1336923851, "operatingIncome": 74436000, "operatingIncomeRatio": 0.0843635671, "totalOtherIncomeExpensesNet": 820000, "incomeBeforeTax": 56984000, "incomeBeforeTaxRatio": 0.064583985, "incomeTaxExpense": 17004000, "netIncome": 42195000, "netIncomeRatio": 0.0478225686, "eps": 1.59, "epsdiluted": 1.58, "weightedAverageShsOut": 26074843, "weightedAverageShsOutDil": 26239873, "link": "", "finalLink": "", "calculatedOtherExpenses": 715734000, "calculatedOperatingExpenses": 715734000, "calculatedNetInterest": 0, "calculatedOtherIncome": -17452000, "calculatedIncomeNonControlling": -2215000, "calculatedEbitda": 118780000}, {"date": "2003-12-31", "symbol": "OTTR", "reportedCurrency": "USD", "cik": "0001466593", "fillingDate": "2003-12-31", "acceptedDate": "2003-12-30 19:00:00", "calendarYear": "2003", "period": "FY", "revenue": 753239000, "costOfRevenue": 87165000, "grossProfit": 666074000, "grossProfitRatio": 0.8842797572, "researchAndDevelopmentExpenses": 0, "generalAndAdministrativeExpenses": 0, "sellingAndMarketingExpenses": 0, "sellingGeneralAndAdministrativeExpenses": 0, "otherExpenses": 594914000, "operatingExpenses": 594914000, "costAndExpenses": 682079000, "interestIncome": 0, "interestExpense": 0, "depreciationAndAmortization": 45962000, "ebitda": 115830000, "ebitdaratio": 0.1537758932, "operatingIncome": 71160000, "operatingIncomeRatio": 0.0944720069, "totalOtherIncomeExpensesNet": 1292000, "incomeBeforeTax": 54586000, "incomeBeforeTaxRatio": 0.0724683666, "incomeTaxExpense": 14930000, "netIncome": 39656000, "netIncomeRatio": 0.0526473005, "eps": 1.52, "epsdiluted": 1.51, "weightedAverageShsOut": 25605921, "weightedAverageShsOutDil": 25775497, "link": "", "finalLink": "", "calculatedOtherExpenses": 594914000, "calculatedOperatingExpenses": 594914000, "calculatedNetInterest": 0, "calculatedOtherIncome": -16574000, "calculatedIncomeNonControlling": 0, "calculatedEbitda": 117122000}, {"date": "2002-12-31", "symbol": "OTTR", "reportedCurrency": "USD", "cik": "0001466593", "fillingDate": "2002-12-31", "acceptedDate": "2002-12-30 19:00:00", "calendarYear": "2002", "period": "FY", "revenue": 710116000, "costOfRevenue": 138816000, "grossProfit": 571300000, "grossProfitRatio": 0.8045164452, "researchAndDevelopmentExpenses": 0, "generalAndAdministrativeExpenses": 0, "sellingAndMarketingExpenses": 0, "sellingGeneralAndAdministrativeExpenses": 0, "otherExpenses": 489318000, "operatingExpenses": 489318000, "costAndExpenses": 628134000, "interestIncome": 0, "interestExpense": 0, "depreciationAndAmortization": 42613000, "ebitda": 122538000, "ebitdaratio": 0.1725605394, "operatingIncome": 81982000, "operatingIncomeRatio": 0.1154487436, "totalOtherIncomeExpensesNet": 2057000, "incomeBeforeTax": 66189000, "incomeBeforeTaxRatio": 0.0932087152, "incomeTaxExpense": 20061000, "netIncome": 46128000, "netIncomeRatio": 0.0649584012, "eps": 1.73, "epsdiluted": 1.72, "weightedAverageShsOut": 26238150, "weightedAverageShsOutDil": 26390698, "link": "", "finalLink": "", "calculatedOtherExpenses": 489318000, "calculatedOperatingExpenses": 489318000, "calculatedNetInterest": 0, "calculatedOtherIncome": -15793000, "calculatedIncomeNonControlling": 0, "calculatedEbitda": 124595000}, {"date": "2001-12-31", "symbol": "OTTR", "reportedCurrency": "USD", "cik": "0001466593", "fillingDate": "2001-12-31", "acceptedDate": "2001-12-30 19:00:00", "calendarYear": "2001", "period": "FY", "revenue": 654132000, "costOfRevenue": 141267000, "grossProfit": 512865000, "grossProfitRatio": 0.7840390013, "researchAndDevelopmentExpenses": 0, "generalAndAdministrativeExpenses": 0, "sellingAndMarketingExpenses": 0, "sellingGeneralAndAdministrativeExpenses": 0, "otherExpenses": 435381000, "operatingExpenses": 435381000, "costAndExpenses": 576648000, "interestIncome": 0, "interestExpense": 0, "depreciationAndAmortization": 42100000, "ebitda": 117391000, "ebitdaratio": 0.1794607205, "operatingIncome": 77484000, "operatingIncomeRatio": 0.1184531562, "totalOtherIncomeExpensesNet": 2193000, "incomeBeforeTax": 63686000, "incomeBeforeTaxRatio": 0.0973595543, "incomeTaxExpense": 20083000, "netIncome": 43603000, "netIncomeRatio": 0.0666578, "eps": 1.55, "epsdiluted": 1.53, "weightedAverageShsOut": 26845161, "weightedAverageShsOutDil": 27196078, "link": "", "finalLink": "", "calculatedOtherExpenses": 435381000, "calculatedOperatingExpenses": 435381000, "calculatedNetInterest": 0, "calculatedOtherIncome": -13798000, "calculatedIncomeNonControlling": 0, "calculatedEbitda": 119584000}, {"date": "2000-12-31", "symbol": "OTTR", "reportedCurrency": "USD", "cik": "0001466593", "fillingDate": "2000-12-31", "acceptedDate": "2000-12-30 19:00:00", "calendarYear": "2000", "period": "FY", "revenue": 559445000, "costOfRevenue": 104667000, "grossProfit": 454778000, "grossProfitRatio": 0.8129092225, "researchAndDevelopmentExpenses": 0, "generalAndAdministrativeExpenses": 0, "sellingAndMarketingExpenses": 0, "sellingGeneralAndAdministrativeExpenses": 0, "otherExpenses": 382288000, "operatingExpenses": 382288000, "costAndExpenses": 486955000, "interestIncome": 0, "interestExpense": 0, "depreciationAndAmortization": 38249000, "ebitda": 108907000, "ebitdaratio": 0.1946697173, "operatingIncome": 72490000, "operatingIncomeRatio": 0.1295748465, "totalOtherIncomeExpensesNet": 1832000, "incomeBeforeTax": 57739000, "incomeBeforeTaxRatio": 0.1032076433, "incomeTaxExpense": 17515000, "netIncome": 40224000, "netIncomeRatio": 0.0718998293, "eps": 1.46, "epsdiluted": 1.45, "weightedAverageShsOut": 26823973, "weightedAverageShsOutDil": 27008966, "link": "", "finalLink": "", "calculatedOtherExpenses": 382288000, "calculatedOperatingExpenses": 382288000, "calculatedNetInterest": 0, "calculatedOtherIncome": -14751000, "calculatedIncomeNonControlling": 0, "calculatedEbitda": 110739000}, {"date": "1999-12-31", "symbol": "OTTR", "reportedCurrency": "USD", "cik": "0001466593", "fillingDate": "1999-12-31", "acceptedDate": "1999-12-30 19:00:00", "calendarYear": "1999", "period": "FY", "revenue": 464500000, "costOfRevenue": 81000000, "grossProfit": 383500000, "grossProfitRatio": 0.8256189451, "researchAndDevelopmentExpenses": 0, "generalAndAdministrativeExpenses": 0, "sellingAndMarketingExpenses": 0, "sellingGeneralAndAdministrativeExpenses": 0, "otherExpenses": 316200000, "operatingExpenses": 316200000, "costAndExpenses": 397200000, "interestIncome": 0, "interestExpense": 0, "depreciationAndAmortization": 18500000, "ebitda": 85800000, "ebitdaratio": 0.184714747, "operatingIncome": 67300000, "operatingIncomeRatio": 0.1448869752, "totalOtherIncomeExpensesNet": 16300000, "incomeBeforeTax": 68900000, "incomeBeforeTaxRatio": 0.1483315393, "incomeTaxExpense": 23900000, "netIncome": 45000000, "netIncomeRatio": 0.0968783638, "eps": 0.83, "epsdiluted": 0.83, "weightedAverageShsOut": 23850000, "weightedAverageShsOutDil": 23850000, "link": "", "finalLink": "", "calculatedOtherExpenses": 316200000, "calculatedOperatingExpenses": 316200000, "calculatedNetInterest": 0, "calculatedOtherIncome": 1600000, "calculatedIncomeNonControlling": 0, "calculatedEbitda": 85800000}, {"date": "1998-12-31", "symbol": "OTTR", "reportedCurrency": "USD", "cik": "0001466593", "fillingDate": "1998-12-31", "acceptedDate": "1998-12-30 19:00:00", "calendarYear": "1998", "period": "FY", "revenue": 431100000, "costOfRevenue": 74800000, "grossProfit": 356300000, "grossProfitRatio": 0.8264903735, "researchAndDevelopmentExpenses": 0, "generalAndAdministrativeExpenses": 0, "sellingAndMarketingExpenses": 0, "sellingGeneralAndAdministrativeExpenses": 0, "otherExpenses": 299000000, "operatingExpenses": 299000000, "costAndExpenses": 373800000, "interestIncome": 0, "interestExpense": 0, "depreciationAndAmortization": 30800000, "ebitda": 88100000, "ebitdaratio": 0.2043609371, "operatingIncome": 57300000, "operatingIncomeRatio": 0.1329157968, "totalOtherIncomeExpensesNet": 4200000, "incomeBeforeTax": 45800000, "incomeBeforeTaxRatio": 0.1062398515, "incomeTaxExpense": 15100000, "netIncome": 34500000, "netIncomeRatio": 0.0800278358, "eps": 0.68, "epsdiluted": 0.68, "weightedAverageShsOut": 23760000, "weightedAverageShsOutDil": 23760000, "link": "", "finalLink": "", "calculatedOtherExpenses": 299000000, "calculatedOperatingExpenses": 299000000, "calculatedNetInterest": 0, "calculatedOtherIncome": -11500000, "calculatedIncomeNonControlling": -3800000, "calculatedEbitda": 88100000}, {"date": "1997-12-31", "symbol": "OTTR", "reportedCurrency": "USD", "cik": "0001466593", "fillingDate": "1997-12-31", "acceptedDate": "1997-12-30 19:00:00", "calendarYear": "1997", "period": "FY", "revenue": 394300000, "costOfRevenue": 55800000, "grossProfit": 338500000, "grossProfitRatio": 0.8584833883, "researchAndDevelopmentExpenses": 0, "generalAndAdministrativeExpenses": 0, "sellingAndMarketingExpenses": 0, "sellingGeneralAndAdministrativeExpenses": 0, "otherExpenses": 279500000, "operatingExpenses": 279500000, "costAndExpenses": 335300000, "interestIncome": 0, "interestExpense": 0, "depreciationAndAmortization": 33200000, "ebitda": 92200000, "ebitdaratio": 0.2338321075, "operatingIncome": 59000000, "operatingIncomeRatio": 0.1496322597, "totalOtherIncomeExpensesNet": 6100000, "incomeBeforeTax": 46600000, "incomeBeforeTaxRatio": 0.1181841238, "incomeTaxExpense": 14300000, "netIncome": 32300000, "netIncomeRatio": 0.0819173218, "eps": 0.65, "epsdiluted": 0.65, "weightedAverageShsOut": 23462000, "weightedAverageShsOutDil": 23462000, "link": "", "finalLink": "", "calculatedOtherExpenses": 279500000, "calculatedOperatingExpenses": 279500000, "calculatedNetInterest": 0, "calculatedOtherIncome": -12400000, "calculatedIncomeNonControlling": 0, "calculatedEbitda": 92200000}, {"date": "1996-12-31", "symbol": "OTTR", "reportedCurrency": "USD", "cik": "0001466593", "fillingDate": "1996-12-31", "acceptedDate": "1996-12-30 19:00:00", "calendarYear": "1996", "period": "FY", "revenue": 361700000, "costOfRevenue": 56300000, "grossProfit": 305400000, "grossProfitRatio": 0.8443461432, "researchAndDevelopmentExpenses": 0, "generalAndAdministrativeExpenses": 0, "sellingAndMarketingExpenses": 0, "sellingGeneralAndAdministrativeExpenses": 0, "otherExpenses": 247200000, "operatingExpenses": 247200000, "costAndExpenses": 303500000, "interestIncome": 0, "interestExpense": 0, "depreciationAndAmortization": 32400000, "ebitda": 90600000, "ebitdaratio": 0.2504838264, "operatingIncome": 58200000, "operatingIncomeRatio": 0.1609068289, "totalOtherIncomeExpensesNet": 2400000, "incomeBeforeTax": 44000000, "incomeBeforeTaxRatio": 0.1216477744, "incomeTaxExpense": 14000000, "netIncome": 30000000, "netIncomeRatio": 0.0829416644, "eps": 0.62, "epsdiluted": 0.62, "weightedAverageShsOut": 22430000, "weightedAverageShsOutDil": 22430000, "link": "", "finalLink": "", "calculatedOtherExpenses": 247200000, "calculatedOperatingExpenses": 247200000, "calculatedNetInterest": 0, "calculatedOtherIncome": -14200000, "calculatedIncomeNonControlling": 0, "calculatedEbitda": 90600000}, {"date": "1995-12-31", "symbol": "OTTR", "reportedCurrency": "USD", "cik": "0001466593", "fillingDate": "1995-12-31", "acceptedDate": "1995-12-30 19:00:00", "calendarYear": "1995", "period": "FY", "revenue": 328600000, "costOfRevenue": 62200000, "grossProfit": 266400000, "grossProfitRatio": 0.810712112, "researchAndDevelopmentExpenses": 0, "generalAndAdministrativeExpenses": 0, "sellingAndMarketingExpenses": 0, "sellingGeneralAndAdministrativeExpenses": 0, "otherExpenses": 206700000, "operatingExpenses": 206700000, "costAndExpenses": 268900000, "interestIncome": 0, "interestExpense": 0, "depreciationAndAmortization": 28000000, "ebitda": 87700000, "ebitdaratio": 0.2668898357, "operatingIncome": 59700000, "operatingIncomeRatio": 0.1816798539, "totalOtherIncomeExpensesNet": 600000, "incomeBeforeTax": 45500000, "incomeBeforeTaxRatio": 0.1384662203, "incomeTaxExpense": 16600000, "netIncome": 28900000, "netIncomeRatio": 0.087948874, "eps": 0.6, "epsdiluted": 0.6, "weightedAverageShsOut": 22360000, "weightedAverageShsOutDil": 22360000, "link": "", "finalLink": "", "calculatedOtherExpenses": 206700000, "calculatedOperatingExpenses": 206700000, "calculatedNetInterest": 0, "calculatedOtherIncome": -14200000, "calculatedIncomeNonControlling": 0, "calculatedEbitda": 87700000}, {"date": "1994-12-31", "symbol": "OTTR", "reportedCurrency": "USD", "cik": "0001466593", "fillingDate": "1994-12-31", "acceptedDate": "1994-12-30 19:00:00", "calendarYear": "1994", "period": "FY", "revenue": 287500000, "costOfRevenue": 61000000, "grossProfit": 226500000, "grossProfitRatio": 0.787826087, "researchAndDevelopmentExpenses": 0, "generalAndAdministrativeExpenses": 0, "sellingAndMarketingExpenses": 0, "sellingGeneralAndAdministrativeExpenses": 0, "otherExpenses": 170000000, "operatingExpenses": 170000000, "costAndExpenses": 231000000, "interestIncome": 0, "interestExpense": 0, "depreciationAndAmortization": 24400000, "ebitda": 80900000, "ebitdaratio": 0.2813913043, "operatingIncome": 56500000, "operatingIncomeRatio": 0.1965217391, "totalOtherIncomeExpensesNet": 1500000, "incomeBeforeTax": 44400000, "incomeBeforeTaxRatio": 0.1544347826, "incomeTaxExpense": 15900000, "netIncome": 28500000, "netIncomeRatio": 0.0991304348, "eps": 0.59, "epsdiluted": 0.59, "weightedAverageShsOut": 22360000, "weightedAverageShsOutDil": 22360000, "link": "", "finalLink": "", "calculatedOtherExpenses": 170000000, "calculatedOperatingExpenses": 170000000, "calculatedNetInterest": 0, "calculatedOtherIncome": -12100000, "calculatedIncomeNonControlling": 0, "calculatedEbitda": 80900000}, {"date": "1993-12-31", "symbol": "OTTR", "reportedCurrency": "USD", "cik": "0001466593", "fillingDate": "1993-12-31", "acceptedDate": "1993-12-30 19:00:00", "calendarYear": "1993", "period": "FY", "revenue": 265200000, "costOfRevenue": 0, "grossProfit": 265200000, "grossProfitRatio": 1, "researchAndDevelopmentExpenses": 0, "generalAndAdministrativeExpenses": 0, "sellingAndMarketingExpenses": 0, "sellingGeneralAndAdministrativeExpenses": 0, "otherExpenses": 0, "operatingExpenses": 0, "costAndExpenses": 0, "interestIncome": 0, "interestExpense": 0, "depreciationAndAmortization": 0, "ebitda": 265200000, "ebitdaratio": 1, "operatingIncome": 265200000, "operatingIncomeRatio": 1, "totalOtherIncomeExpensesNet": 0, "incomeBeforeTax": 0, "incomeBeforeTaxRatio": 0, "incomeTaxExpense": -27400000, "netIncome": 27400000, "netIncomeRatio": 0.1033182504, "eps": 0.56, "epsdiluted": 0.56, "weightedAverageShsOut": 22360000, "weightedAverageShsOutDil": 22360000, "link": "", "finalLink": "", "calculatedOtherExpenses": 0, "calculatedOperatingExpenses": 0, "calculatedNetInterest": 0, "calculatedOtherIncome": -265200000, "calculatedIncomeNonControlling": 0, "calculatedEbitda": 265200000}, {"date": "1992-12-31", "symbol": "OTTR", "reportedCurrency": "USD", "cik": "0001466593", "fillingDate": "1992-12-31", "acceptedDate": "1992-12-30 19:00:00", "calendarYear": "1992", "period": "FY", "revenue": 209500000, "costOfRevenue": 0, "grossProfit": 209500000, "grossProfitRatio": 1, "researchAndDevelopmentExpenses": 0, "generalAndAdministrativeExpenses": 0, "sellingAndMarketingExpenses": 0, "sellingGeneralAndAdministrativeExpenses": 0, "otherExpenses": 0, "operatingExpenses": 0, "costAndExpenses": 0, "interestIncome": 0, "interestExpense": 0, "depreciationAndAmortization": 0, "ebitda": 209500000, "ebitdaratio": 1, "operatingIncome": 209500000, "operatingIncomeRatio": 1, "totalOtherIncomeExpensesNet": 0, "incomeBeforeTax": 0, "incomeBeforeTaxRatio": 0, "incomeTaxExpense": -26500000, "netIncome": 26500000, "netIncomeRatio": 0.1264916468, "eps": 0.55, "epsdiluted": 0.55, "weightedAverageShsOut": 22360000, "weightedAverageShsOutDil": 22360000, "link": "", "finalLink": "", "calculatedOtherExpenses": 0, "calculatedOperatingExpenses": 0, "calculatedNetInterest": 0, "calculatedOtherIncome": -209500000, "calculatedIncomeNonControlling": 0, "calculatedEbitda": 209500000}, {"date": "1991-12-31", "symbol": "OTTR", "reportedCurrency": "USD", "cik": "0001466593", "fillingDate": "1991-12-31", "acceptedDate": "1991-12-30 19:00:00", "calendarYear": "1991", "period": "FY", "revenue": 179700000, "costOfRevenue": 0, "grossProfit": 179700000, "grossProfitRatio": 1, "researchAndDevelopmentExpenses": 0, "generalAndAdministrativeExpenses": 0, "sellingAndMarketingExpenses": 0, "sellingGeneralAndAdministrativeExpenses": 0, "otherExpenses": 0, "operatingExpenses": 0, "costAndExpenses": 0, "interestIncome": 0, "interestExpense": 0, "depreciationAndAmortization": 0, "ebitda": 179700000, "ebitdaratio": 1, "operatingIncome": 179700000, "operatingIncomeRatio": 1, "totalOtherIncomeExpensesNet": 0, "incomeBeforeTax": 0, "incomeBeforeTaxRatio": 0, "incomeTaxExpense": -26100000, "netIncome": 26100000, "netIncomeRatio": 0.1452420701, "eps": 0.54, "epsdiluted": 0.54, "weightedAverageShsOut": 22370000, "weightedAverageShsOutDil": 22370000, "link": "", "finalLink": "", "calculatedOtherExpenses": 0, "calculatedOperatingExpenses": 0, "calculatedNetInterest": 0, "calculatedOtherIncome": -179700000, "calculatedIncomeNonControlling": 0, "calculatedEbitda": 179700000}, {"date": "1990-12-31", "symbol": "OTTR", "reportedCurrency": "USD", "cik": "0001466593", "fillingDate": "1990-12-31", "acceptedDate": "1990-12-30 19:00:00", "calendarYear": "1990", "period": "FY", "revenue": 172500000, "costOfRevenue": 0, "grossProfit": 172500000, "grossProfitRatio": 1, "researchAndDevelopmentExpenses": 0, "generalAndAdministrativeExpenses": 0, "sellingAndMarketingExpenses": 0, "sellingGeneralAndAdministrativeExpenses": 0, "otherExpenses": 0, "operatingExpenses": 0, "costAndExpenses": 0, "interestIncome": 0, "interestExpense": 0, "depreciationAndAmortization": 0, "ebitda": 172500000, "ebitdaratio": 1, "operatingIncome": 172500000, "operatingIncomeRatio": 1, "totalOtherIncomeExpensesNet": 0, "incomeBeforeTax": 0, "incomeBeforeTaxRatio": 0, "incomeTaxExpense": -24900000, "netIncome": 24900000, "netIncomeRatio": 0.1443478261, "eps": 0.5, "epsdiluted": 0.5, "weightedAverageShsOut": 22446000, "weightedAverageShsOutDil": 22446000, "link": "", "finalLink": "", "calculatedOtherExpenses": 0, "calculatedOperatingExpenses": 0, "calculatedNetInterest": 0, "calculatedOtherIncome": -172500000, "calculatedIncomeNonControlling": 0, "calculatedEbitda": 172500000}, {"date": "1989-12-31", "symbol": "OTTR", "reportedCurrency": "USD", "cik": "0001466593", "fillingDate": "1989-12-31", "acceptedDate": "1989-12-30 19:00:00", "calendarYear": "1989", "period": "FY", "revenue": 172800000, "costOfRevenue": 0, "grossProfit": 172800000, "grossProfitRatio": 1, "researchAndDevelopmentExpenses": 0, "generalAndAdministrativeExpenses": 0, "sellingAndMarketingExpenses": 0, "sellingGeneralAndAdministrativeExpenses": 0, "otherExpenses": 0, "operatingExpenses": 0, "costAndExpenses": 0, "interestIncome": 0, "interestExpense": 0, "depreciationAndAmortization": 0, "ebitda": 172800000, "ebitdaratio": 1, "operatingIncome": 172800000, "operatingIncomeRatio": 1, "totalOtherIncomeExpensesNet": 0, "incomeBeforeTax": 0, "incomeBeforeTaxRatio": 0, "incomeTaxExpense": -25300000, "netIncome": 25300000, "netIncomeRatio": 0.146412037, "eps": 0.49, "epsdiluted": 0.49, "weightedAverageShsOut": 23590000, "weightedAverageShsOutDil": 23590000, "link": "", "finalLink": "", "calculatedOtherExpenses": 0, "calculatedOperatingExpenses": 0, "calculatedNetInterest": 0, "calculatedOtherIncome": -172800000, "calculatedIncomeNonControlling": 0, "calculatedEbitda": 172800000}, {"date": "1988-12-31", "symbol": "OTTR", "reportedCurrency": "USD", "cik": "0001466593", "fillingDate": "1988-12-31", "acceptedDate": "1988-12-30 19:00:00", "calendarYear": "1988", "period": "FY", "revenue": 178200000, "costOfRevenue": 0, "grossProfit": 178200000, "grossProfitRatio": 1, "researchAndDevelopmentExpenses": 0, "generalAndAdministrativeExpenses": 0, "sellingAndMarketingExpenses": 0, "sellingGeneralAndAdministrativeExpenses": 0, "otherExpenses": 0, "operatingExpenses": 0, "costAndExpenses": 0, "interestIncome": 0, "interestExpense": 0, "depreciationAndAmortization": 0, "ebitda": 178200000, "ebitdaratio": 1, "operatingIncome": 178200000, "operatingIncomeRatio": 1, "totalOtherIncomeExpensesNet": 0, "incomeBeforeTax": 0, "incomeBeforeTaxRatio": 0, "incomeTaxExpense": -25300000, "netIncome": 25300000, "netIncomeRatio": 0.1419753086, "eps": 0.48, "epsdiluted": 0.48, "weightedAverageShsOut": 23936000, "weightedAverageShsOutDil": 23936000, "link": "", "finalLink": "", "calculatedOtherExpenses": 0, "calculatedOperatingExpenses": 0, "calculatedNetInterest": 0, "calculatedOtherIncome": -178200000, "calculatedIncomeNonControlling": 0, "calculatedEbitda": 178200000}, {"date": "1987-12-31", "symbol": "OTTR", "reportedCurrency": "USD", "cik": "0001466593", "fillingDate": "1987-12-31", "acceptedDate": "1987-12-30 19:00:00", "calendarYear": "1987", "period": "FY", "revenue": 167000000, "costOfRevenue": 0, "grossProfit": 167000000, "grossProfitRatio": 1, "researchAndDevelopmentExpenses": 0, "generalAndAdministrativeExpenses": 0, "sellingAndMarketingExpenses": 0, "sellingGeneralAndAdministrativeExpenses": 0, "otherExpenses": 0, "operatingExpenses": 0, "costAndExpenses": 0, "interestIncome": 0, "interestExpense": 0, "depreciationAndAmortization": 0, "ebitda": 167000000, "ebitdaratio": 1, "operatingIncome": 167000000, "operatingIncomeRatio": 1, "totalOtherIncomeExpensesNet": 0, "incomeBeforeTax": 0, "incomeBeforeTaxRatio": 0, "incomeTaxExpense": -21600000, "netIncome": 21600000, "netIncomeRatio": 0.1293413174, "eps": 0.2, "epsdiluted": 0.2, "weightedAverageShsOut": 23936000, "weightedAverageShsOutDil": 23936000, "link": "", "finalLink": "", "calculatedOtherExpenses": 0, "calculatedOperatingExpenses": 0, "calculatedNetInterest": 0, "calculatedOtherIncome": -167000000, "calculatedIncomeNonControlling": 0, "calculatedEbitda": 167000000}, {"date": "1986-12-31", "symbol": "OTTR", "reportedCurrency": "USD", "cik": "0001466593", "fillingDate": "1986-12-31", "acceptedDate": "1986-12-30 19:00:00", "calendarYear": "1986", "period": "FY", "revenue": 172200000, "costOfRevenue": 0, "grossProfit": 172200000, "grossProfitRatio": 1, "researchAndDevelopmentExpenses": 0, "generalAndAdministrativeExpenses": 0, "sellingAndMarketingExpenses": 0, "sellingGeneralAndAdministrativeExpenses": 0, "otherExpenses": 0, "operatingExpenses": 0, "costAndExpenses": 0, "interestIncome": 0, "interestExpense": 0, "depreciationAndAmortization": 0, "ebitda": 172200000, "ebitdaratio": 1, "operatingIncome": 172200000, "operatingIncomeRatio": 1, "totalOtherIncomeExpensesNet": 0, "incomeBeforeTax": 0, "incomeBeforeTaxRatio": 0, "incomeTaxExpense": -24000000, "netIncome": 24000000, "netIncomeRatio": 0.1393728223, "eps": 0.23, "epsdiluted": 0.23, "weightedAverageShsOut": 23920000, "weightedAverageShsOutDil": 23920000, "link": "", "finalLink": "", "calculatedOtherExpenses": 0, "calculatedOperatingExpenses": 0, "calculatedNetInterest": 0, "calculatedOtherIncome": -172200000, "calculatedIncomeNonControlling": 0, "calculatedEbitda": 172200000}, {"date": "1985-12-31", "symbol": "OTTR", "reportedCurrency": "USD", "cik": "0001466593", "fillingDate": "1985-12-31", "acceptedDate": "1985-12-30 19:00:00", "calendarYear": "1985", "period": "FY", "revenue": 174500000, "costOfRevenue": 0, "grossProfit": 174500000, "grossProfitRatio": 1, "researchAndDevelopmentExpenses": 0, "generalAndAdministrativeExpenses": 0, "sellingAndMarketingExpenses": 0, "sellingGeneralAndAdministrativeExpenses": 0, "otherExpenses": 0, "operatingExpenses": 0, "costAndExpenses": 0, "interestIncome": 0, "interestExpense": 0, "depreciationAndAmortization": 0, "ebitda": 174500000, "ebitdaratio": 1, "operatingIncome": 174500000, "operatingIncomeRatio": 1, "totalOtherIncomeExpensesNet": 0, "incomeBeforeTax": 0, "incomeBeforeTaxRatio": 0, "incomeTaxExpense": -24700000, "netIncome": 24700000, "netIncomeRatio": 0.1415472779, "eps": 0.22, "epsdiluted": 0.22, "weightedAverageShsOut": 23912000, "weightedAverageShsOutDil": 23912000, "link": "", "finalLink": "", "calculatedOtherExpenses": 0, "calculatedOperatingExpenses": 0, "calculatedNetInterest": 0, "calculatedOtherIncome": -174500000, "calculatedIncomeNonControlling": 0, "calculatedEbitda": 174500000}]}