{"originalCurrency": "USD", "convertedCurrency": "USD", "report": [{"date": "2023-12-31", "symbol": "OUT", "reportedCurrency": "USD", "cik": "0001579877", "fillingDate": "2024-02-22", "acceptedDate": "2024-02-22 16:03:59", "calendarYear": "2023", "period": "FY", "revenue": 1820600000, "costOfRevenue": 1125700000, "grossProfit": 694900000, "grossProfitRatio": 0.3816873558, "researchAndDevelopmentExpenses": 0, "generalAndAdministrativeExpenses": 0, "sellingAndMarketingExpenses": 0, "sellingGeneralAndAdministrativeExpenses": 429700000, "otherExpenses": -429700000, "operatingExpenses": 429700000, "costAndExpenses": 1558500000, "interestIncome": 0, "interestExpense": 158400000, "depreciationAndAmortization": 163600000, "ebitda": 428800000, "ebitdaratio": 0.2355267494, "operatingIncome": 265200000, "operatingIncomeRatio": 0.1456662639, "totalOtherIncomeExpensesNet": -689800000, "incomeBeforeTax": -424600000, "incomeBeforeTaxRatio": -0.2332198176, "incomeTaxExpense": 4000000, "netIncome": -430400000, "netIncomeRatio": -0.2364055806, "eps": -2.61, "epsdiluted": -2.61, "weightedAverageShsOut": 164900000, "weightedAverageShsOutDil": 164900000, "link": "https://www.sec.gov/Archives/edgar/data/1579877/000157987724000015/0001579877-24-000015-index.htm", "finalLink": "https://www.sec.gov/Archives/edgar/data/1579877/000157987724000015/out-20231231.htm", "calculatedOtherExpenses": 0, "calculatedOperatingExpenses": 429700000, "calculatedNetInterest": -158400000, "calculatedOtherIncome": -531400000, "calculatedIncomeNonControlling": 1800000, "calculatedEbitda": 428800000}, {"date": "2022-12-31", "symbol": "OUT", "reportedCurrency": "USD", "cik": "0001579877", "fillingDate": "2023-02-23", "acceptedDate": "2023-02-23 16:05:12", "calendarYear": "2022", "period": "FY", "revenue": 1772100000, "costOfRevenue": 911400000, "grossProfit": 860700000, "grossProfitRatio": 0.4856949382, "researchAndDevelopmentExpenses": 0, "generalAndAdministrativeExpenses": 0, "sellingAndMarketingExpenses": 0, "sellingGeneralAndAdministrativeExpenses": 422100000, "otherExpenses": 150700000, "operatingExpenses": 572800000, "costAndExpenses": 1484200000, "interestIncome": 131800000, "interestExpense": 131800000, "depreciationAndAmortization": 150700000, "ebitda": 438400000, "ebitdaratio": 0.2473901021, "operatingIncome": 287700000, "operatingIncomeRatio": 0.1623497545, "totalOtherIncomeExpensesNet": -132000000, "incomeBeforeTax": 155700000, "incomeBeforeTaxRatio": 0.0878618588, "incomeTaxExpense": 9400000, "netIncome": 147900000, "netIncomeRatio": 0.0834603013, "eps": 0.84, "epsdiluted": 0.84, "weightedAverageShsOut": 161100000, "weightedAverageShsOutDil": 161800000, "link": "https://www.sec.gov/Archives/edgar/data/1579877/000157987723000025/0001579877-23-000025-index.htm", "finalLink": "https://www.sec.gov/Archives/edgar/data/1579877/000157987723000025/out-20221231.htm", "calculatedOtherExpenses": 150900000, "calculatedOperatingExpenses": 573000000, "calculatedNetInterest": 0, "calculatedOtherIncome": -132000000, "calculatedIncomeNonControlling": -1600000, "calculatedEbitda": 438400000}, {"date": "2021-12-31", "symbol": "OUT", "reportedCurrency": "USD", "cik": "0001579877", "fillingDate": "2022-02-24", "acceptedDate": "2022-02-24 16:16:55", "calendarYear": "2021", "period": "FY", "revenue": 1463900000, "costOfRevenue": 784000000, "grossProfit": 679900000, "grossProfitRatio": 0.4644442926, "researchAndDevelopmentExpenses": 0, "generalAndAdministrativeExpenses": 0, "sellingAndMarketingExpenses": 0, "sellingGeneralAndAdministrativeExpenses": 368200000, "otherExpenses": 145400000, "operatingExpenses": 513600000, "costAndExpenses": 1297600000, "interestIncome": 130400000, "interestExpense": 130400000, "depreciationAndAmortization": 147700000, "ebitda": 316000000, "ebitdaratio": 0.2158617392, "operatingIncome": 168300000, "operatingIncomeRatio": 0.1149668693, "totalOtherIncomeExpensesNet": -136700000, "incomeBeforeTax": 31600000, "incomeBeforeTaxRatio": 0.0215861739, "incomeTaxExpense": -3400000, "netIncome": 35600000, "netIncomeRatio": 0.024318601, "eps": 0.24, "epsdiluted": 0.24, "weightedAverageShsOut": 145400000, "weightedAverageShsOutDil": 146100000, "link": "https://www.sec.gov/Archives/edgar/data/1579877/000157987722000027/0001579877-22-000027-index.htm", "finalLink": "https://www.sec.gov/Archives/edgar/data/1579877/000157987722000027/out-20211231.htm", "calculatedOtherExpenses": 143400000, "calculatedOperatingExpenses": 511600000, "calculatedNetInterest": 0, "calculatedOtherIncome": -136700000, "calculatedIncomeNonControlling": -600000, "calculatedEbitda": 316000000}, {"date": "2020-12-31", "symbol": "OUT", "reportedCurrency": "USD", "cik": "0001579877", "fillingDate": "2021-02-26", "acceptedDate": "2021-02-26 15:49:47", "calendarYear": "2020", "period": "FY", "revenue": 1236300000, "costOfRevenue": 710800000, "grossProfit": 525500000, "grossProfitRatio": 0.4250586427, "researchAndDevelopmentExpenses": 0, "generalAndAdministrativeExpenses": 0, "sellingAndMarketingExpenses": 0, "sellingGeneralAndAdministrativeExpenses": 315100000, "otherExpenses": 145800000, "operatingExpenses": 460900000, "costAndExpenses": 1171700000, "interestIncome": 131100000, "interestExpense": 131100000, "depreciationAndAmortization": 138000000, "ebitda": 210500000, "ebitdaratio": 0.1702661166, "operatingIncome": 72500000, "operatingIncomeRatio": 0.0586427243, "totalOtherIncomeExpensesNet": -131000000, "incomeBeforeTax": -58500000, "incomeBeforeTaxRatio": -0.047318612, "incomeTaxExpense": 1100000, "netIncome": -59600000, "netIncomeRatio": -0.0482083637, "eps": -0.41, "epsdiluted": -0.41, "weightedAverageShsOut": 144300000, "weightedAverageShsOutDil": 144300000, "link": "https://www.sec.gov/Archives/edgar/data/1579877/000157987721000034/0001579877-21-000034-index.htm", "finalLink": "https://www.sec.gov/Archives/edgar/data/1579877/000157987721000034/out-20201231.htm", "calculatedOtherExpenses": 137900000, "calculatedOperatingExpenses": 453000000, "calculatedNetInterest": 0, "calculatedOtherIncome": -131000000, "calculatedIncomeNonControlling": 0, "calculatedEbitda": 210500000}, {"date": "2019-12-31", "symbol": "OUT", "reportedCurrency": "USD", "cik": "0001579877", "fillingDate": "2020-02-26", "acceptedDate": "2020-02-26 08:27:18", "calendarYear": "2019", "period": "FY", "revenue": 1782200000, "costOfRevenue": 958600000, "grossProfit": 823600000, "grossProfitRatio": 0.4621254629, "researchAndDevelopmentExpenses": 0, "generalAndAdministrativeExpenses": 0, "sellingAndMarketingExpenses": 0, "sellingGeneralAndAdministrativeExpenses": 323500000, "otherExpenses": 194500000, "operatingExpenses": 518000000, "costAndExpenses": 1476600000, "interestIncome": 134900000, "interestExpense": 134900000, "depreciationAndAmortization": 216000000, "ebitda": 525100000, "ebitdaratio": 0.2946358433, "operatingIncome": 309100000, "operatingIncomeRatio": 0.1734373247, "totalOtherIncomeExpensesNet": -163300000, "incomeBeforeTax": 145800000, "incomeBeforeTaxRatio": 0.0818090001, "incomeTaxExpense": 10900000, "netIncome": 140100000, "netIncomeRatio": 0.0786107059, "eps": 0.97, "epsdiluted": 0.97, "weightedAverageShsOut": 142500000, "weightedAverageShsOutDil": 143200000, "link": "https://www.sec.gov/Archives/edgar/data/1579877/000157987720000038/0001579877-20-000038-index.htm", "finalLink": "https://www.sec.gov/Archives/edgar/data/1579877/000157987720000038/a20191231-10xkxoutfront.htm", "calculatedOtherExpenses": 191000000, "calculatedOperatingExpenses": 514500000, "calculatedNetInterest": 0, "calculatedOtherIncome": -163300000, "calculatedIncomeNonControlling": -5200000, "calculatedEbitda": 525100000}, {"date": "2018-12-31", "symbol": "OUT", "reportedCurrency": "USD", "cik": "0001579877", "fillingDate": "2019-02-27", "acceptedDate": "2019-02-27 16:23:25", "calendarYear": "2018", "period": "FY", "revenue": 1606200000, "costOfRevenue": 859900000, "grossProfit": 746300000, "grossProfitRatio": 0.4646370315, "researchAndDevelopmentExpenses": 0, "generalAndAdministrativeExpenses": 287000000, "sellingAndMarketingExpenses": 0, "sellingGeneralAndAdministrativeExpenses": 287000000, "otherExpenses": -400000, "operatingExpenses": 472000000, "costAndExpenses": 1331900000, "interestIncome": 0, "interestExpense": 125700000, "depreciationAndAmortization": 185000000, "ebitda": 498800000, "ebitdaratio": 0.3105466318, "operatingIncome": 234800000, "operatingIncomeRatio": 0.1461835388, "totalOtherIncomeExpensesNet": -39900000, "incomeBeforeTax": 108700000, "incomeBeforeTaxRatio": 0.0676752584, "incomeTaxExpense": 4900000, "netIncome": 107900000, "netIncomeRatio": 0.0671771884, "eps": 0.77, "epsdiluted": 0.77, "weightedAverageShsOut": 139300000, "weightedAverageShsOutDil": 139600000, "link": "https://www.sec.gov/Archives/edgar/data/1579877/000157987719000032/0001579877-19-000032-index.htm", "finalLink": "https://www.sec.gov/Archives/edgar/data/1579877/000157987719000032/a20181231-10xkxoutfront.htm", "calculatedOtherExpenses": 224500000, "calculatedOperatingExpenses": 511500000, "calculatedNetInterest": -125700000, "calculatedOtherIncome": -400000, "calculatedIncomeNonControlling": -4100000, "calculatedEbitda": 419800000}, {"date": "2017-12-31", "symbol": "OUT", "reportedCurrency": "USD", "cik": "0001579877", "fillingDate": "2018-02-28", "acceptedDate": "2018-02-28 16:43:43", "calendarYear": "2017", "period": "FY", "revenue": 1520500000, "costOfRevenue": 835200000, "grossProfit": 685300000, "grossProfitRatio": 0.4507070043, "researchAndDevelopmentExpenses": 0, "generalAndAdministrativeExpenses": 261700000, "sellingAndMarketingExpenses": 0, "sellingGeneralAndAdministrativeExpenses": 261700000, "otherExpenses": 300000, "operatingExpenses": 451500000, "costAndExpenses": 1286700000, "interestIncome": 0, "interestExpense": 116900000, "depreciationAndAmortization": 189800000, "ebitda": 415700000, "ebitdaratio": 0.2733969089, "operatingIncome": 241700000, "operatingIncomeRatio": 0.1589608681, "totalOtherIncomeExpensesNet": 8200000, "incomeBeforeTax": 125100000, "incomeBeforeTaxRatio": 0.0822755672, "incomeTaxExpense": 4100000, "netIncome": 125800000, "netIncomeRatio": 0.0827359421, "eps": 0.9, "epsdiluted": 0.9, "weightedAverageShsOut": 138500000, "weightedAverageShsOutDil": 138900000, "link": "https://www.sec.gov/Archives/edgar/data/1579877/000157987718000041/0001579877-18-000041-index.htm", "finalLink": "https://www.sec.gov/Archives/edgar/data/1579877/000157987718000041/a20171231-10xkxoutfront.htm", "calculatedOtherExpenses": 181900000, "calculatedOperatingExpenses": 443600000, "calculatedNetInterest": -116900000, "calculatedOtherIncome": 300000, "calculatedIncomeNonControlling": -4800000, "calculatedEbitda": 431500000}, {"date": "2016-12-31", "symbol": "OUT", "reportedCurrency": "USD", "cik": "0001579877", "fillingDate": "2017-02-23", "acceptedDate": "2017-02-23 16:36:18", "calendarYear": "2016", "period": "FY", "revenue": 1513900000, "costOfRevenue": 818100000, "grossProfit": 695800000, "grossProfitRatio": 0.4596076359, "researchAndDevelopmentExpenses": 0, "generalAndAdministrativeExpenses": 264800000, "sellingAndMarketingExpenses": 0, "sellingGeneralAndAdministrativeExpenses": 264800000, "otherExpenses": -100000, "operatingExpenses": 489000000, "costAndExpenses": 1307100000, "interestIncome": 0, "interestExpense": 113800000, "depreciationAndAmortization": 224200000, "ebitda": 432900000, "ebitdaratio": 0.2859501949, "operatingIncome": 204900000, "operatingIncomeRatio": 0.1353457956, "totalOtherIncomeExpensesNet": -2000000, "incomeBeforeTax": 91000000, "incomeBeforeTaxRatio": 0.0601096506, "incomeTaxExpense": 5400000, "netIncome": 90900000, "netIncomeRatio": 0.060043596, "eps": 0.66, "epsdiluted": 0.66, "weightedAverageShsOut": 137900000, "weightedAverageShsOutDil": 138400000, "link": "https://www.sec.gov/Archives/edgar/data/1579877/000157987717000054/0001579877-17-000054-index.htm", "finalLink": "https://www.sec.gov/Archives/edgar/data/1579877/000157987717000054/a20161231-10xkxoutfront.htm", "calculatedOtherExpenses": 226100000, "calculatedOperatingExpenses": 490900000, "calculatedNetInterest": -113800000, "calculatedOtherIncome": -100000, "calculatedIncomeNonControlling": -5300000, "calculatedEbitda": 429100000}, {"date": "2015-12-31", "symbol": "OUT", "reportedCurrency": "USD", "cik": "0001579877", "fillingDate": "2016-02-29", "acceptedDate": "2016-02-29 16:26:22", "calendarYear": "2015", "period": "FY", "revenue": 1513800000, "costOfRevenue": 833100000, "grossProfit": 680700000, "grossProfitRatio": 0.4496630995, "researchAndDevelopmentExpenses": 0, "generalAndAdministrativeExpenses": 258300000, "sellingAndMarketingExpenses": 0, "sellingGeneralAndAdministrativeExpenses": 258300000, "otherExpenses": -400000, "operatingExpenses": 487400000, "costAndExpenses": 1320500000, "interestIncome": 0, "interestExpense": 114800000, "depreciationAndAmortization": 229100000, "ebitda": 529300000, "ebitdaratio": 0.3496498877, "operatingIncome": 86400000, "operatingIncomeRatio": 0.0570749108, "totalOtherIncomeExpensesNet": -107300000, "incomeBeforeTax": -28800000, "incomeBeforeTaxRatio": -0.0190249703, "incomeTaxExpense": 5400000, "netIncome": -29400000, "netIncomeRatio": -0.0194213238, "eps": -0.21, "epsdiluted": -0.21, "weightedAverageShsOut": 137300000, "weightedAverageShsOutDil": 137300000, "link": "https://www.sec.gov/Archives/edgar/data/1579877/000157987716000199/0001579877-16-000199-index.htm", "finalLink": "https://www.sec.gov/Archives/edgar/data/1579877/000157987716000199/a20151231-10xkxoutfront.htm", "calculatedOtherExpenses": 336000000, "calculatedOperatingExpenses": 594300000, "calculatedNetInterest": -114800000, "calculatedOtherIncome": -400000, "calculatedIncomeNonControlling": -4800000, "calculatedEbitda": 315500000}, {"date": "2014-12-31", "symbol": "OUT", "reportedCurrency": "USD", "cik": "0001579877", "fillingDate": "2015-03-06", "acceptedDate": "2015-03-06 17:28:48", "calendarYear": "2014", "period": "FY", "revenue": 1353800000, "costOfRevenue": 726500000, "grossProfit": 627300000, "grossProfitRatio": 0.4633623874, "researchAndDevelopmentExpenses": 0, "generalAndAdministrativeExpenses": 224300000, "sellingAndMarketingExpenses": 0, "sellingGeneralAndAdministrativeExpenses": 224300000, "otherExpenses": -300000, "operatingExpenses": 426500000, "costAndExpenses": 1153000000, "interestIncome": 0, "interestExpense": 84800000, "depreciationAndAmortization": 202200000, "ebitda": 420700000, "ebitdaratio": 0.3107549121, "operatingIncome": 183100000, "operatingIncomeRatio": 0.1352489289, "totalOtherIncomeExpensesNet": -18000000, "incomeBeforeTax": 98000000, "incomeBeforeTaxRatio": 0.0723888314, "incomeTaxExpense": -206000000, "netIncome": 306900000, "netIncomeRatio": 0.2266952282, "eps": 2.69, "epsdiluted": 2.67, "weightedAverageShsOut": 114300000, "weightedAverageShsOutDil": 114800000, "link": "https://www.sec.gov/Archives/edgar/data/1579877/000157987715000032/0001579877-15-000032-index.htm", "finalLink": "https://www.sec.gov/Archives/edgar/data/1579877/000157987715000032/a20141231-10xkxoutfront.htm", "calculatedOtherExpenses": 219900000, "calculatedOperatingExpenses": 444200000, "calculatedNetInterest": -84800000, "calculatedOtherIncome": -300000, "calculatedIncomeNonControlling": -2900000, "calculatedEbitda": 385300000}, {"date": "2013-12-31", "symbol": "OUT", "reportedCurrency": "USD", "cik": "0001579877", "fillingDate": "2013-12-31", "acceptedDate": "2013-12-30 19:00:00", "calendarYear": "2013", "period": "FY", "revenue": 1294000000, "costOfRevenue": 686900000, "grossProfit": 607100000, "grossProfitRatio": 0.4691653787, "researchAndDevelopmentExpenses": 0, "generalAndAdministrativeExpenses": 0, "sellingAndMarketingExpenses": 0, "sellingGeneralAndAdministrativeExpenses": 199800000, "otherExpenses": -1200000, "operatingExpenses": 395600000, "costAndExpenses": 1082500000, "interestIncome": 0, "interestExpense": 0, "depreciationAndAmortization": 195800000, "ebitda": 380000000, "ebitdaratio": 0.2936630603, "operatingIncome": 238800000, "operatingIncomeRatio": 0.1845440495, "totalOtherIncomeExpensesNet": 26100000, "incomeBeforeTax": 237600000, "incomeBeforeTaxRatio": 0.1836166924, "incomeTaxExpense": 96600000, "netIncome": 143500000, "netIncomeRatio": 0.1108964451, "eps": 1.2, "epsdiluted": 1.2, "weightedAverageShsOut": 114800000, "weightedAverageShsOutDil": 120000000, "link": "", "finalLink": "", "calculatedOtherExpenses": 168500000, "calculatedOperatingExpenses": 368300000, "calculatedNetInterest": 0, "calculatedOtherIncome": -1200000, "calculatedIncomeNonControlling": -2500000, "calculatedEbitda": 434600000}, {"date": "2012-12-31", "symbol": "OUT", "reportedCurrency": "USD", "cik": "0001579877", "fillingDate": "2012-12-31", "acceptedDate": "2012-12-30 19:00:00", "calendarYear": "2012", "period": "FY", "revenue": 1284600000, "costOfRevenue": 700100000, "grossProfit": 584500000, "grossProfitRatio": 0.4550054492, "researchAndDevelopmentExpenses": 0, "generalAndAdministrativeExpenses": 0, "sellingAndMarketingExpenses": 0, "sellingGeneralAndAdministrativeExpenses": 181800000, "otherExpenses": -1000000, "operatingExpenses": 378600000, "costAndExpenses": 1078700000, "interestIncome": 0, "interestExpense": 0, "depreciationAndAmortization": 196800000, "ebitda": 407400000, "ebitdaratio": 0.3171415227, "operatingIncome": 201200000, "operatingIncomeRatio": 0.1566246302, "totalOtherIncomeExpensesNet": -5700000, "incomeBeforeTax": 200200000, "incomeBeforeTaxRatio": 0.1558461778, "incomeTaxExpense": 89000000, "netIncome": 113400000, "netIncomeRatio": 0.0882765063, "eps": 0.95, "epsdiluted": 0.95, "weightedAverageShsOut": 114545454, "weightedAverageShsOutDil": 120000000, "link": "", "finalLink": "", "calculatedOtherExpenses": 201500000, "calculatedOperatingExpenses": 383300000, "calculatedNetInterest": 0, "calculatedOtherIncome": -1000000, "calculatedIncomeNonControlling": -2200000, "calculatedEbitda": 398000000}, {"date": "2011-12-31", "symbol": "OUT", "reportedCurrency": "USD", "cik": "0001579877", "fillingDate": "2011-12-31", "acceptedDate": "2011-12-30 19:00:00", "calendarYear": "2011", "period": "FY", "revenue": 1277100000, "costOfRevenue": 689400000, "grossProfit": 587700000, "grossProfitRatio": 0.4601832276, "researchAndDevelopmentExpenses": 0, "generalAndAdministrativeExpenses": 0, "sellingAndMarketingExpenses": 0, "sellingGeneralAndAdministrativeExpenses": 178400000, "otherExpenses": 800000, "operatingExpenses": 390300000, "costAndExpenses": 1079700000, "interestIncome": 0, "interestExpense": 0, "depreciationAndAmortization": 211900000, "ebitda": 414300000, "ebitdaratio": 0.3244068593, "operatingIncome": 192400000, "operatingIncomeRatio": 0.1506538251, "totalOtherIncomeExpensesNet": -4200000, "incomeBeforeTax": 193200000, "incomeBeforeTaxRatio": 0.1512802443, "incomeTaxExpense": 87800000, "netIncome": 107100000, "netIncomeRatio": 0.0838618746, "eps": 0.89, "epsdiluted": 0.89, "weightedAverageShsOut": 120000000, "weightedAverageShsOutDil": 120000000, "link": "", "finalLink": "", "calculatedOtherExpenses": 216900000, "calculatedOperatingExpenses": 395300000, "calculatedNetInterest": 0, "calculatedOtherIncome": 800000, "calculatedIncomeNonControlling": -1700000, "calculatedEbitda": 404300000}, {"date": "2010-12-31", "symbol": "OUT", "reportedCurrency": "USD", "cik": "0001579877", "fillingDate": "2010-12-31", "acceptedDate": "2010-12-30 19:00:00", "calendarYear": "2010", "period": "FY", "revenue": 1214100000, "costOfRevenue": 687000000, "grossProfit": 527100000, "grossProfitRatio": 0.4341487522, "researchAndDevelopmentExpenses": 0, "generalAndAdministrativeExpenses": 0, "sellingAndMarketingExpenses": 0, "sellingGeneralAndAdministrativeExpenses": 181400000, "otherExpenses": 100000, "operatingExpenses": 395600000, "costAndExpenses": 1082600000, "interestIncome": 0, "interestExpense": 0, "depreciationAndAmortization": 214200000, "ebitda": 350700000, "ebitdaratio": 0.2888559427, "operatingIncome": 126500000, "operatingIncomeRatio": 0.1041924059, "totalOtherIncomeExpensesNet": -4900000, "incomeBeforeTax": 126600000, "incomeBeforeTaxRatio": 0.1042747714, "incomeTaxExpense": 57100000, "netIncome": 71300000, "netIncomeRatio": 0.0587266288, "eps": 0.59, "epsdiluted": 0.59, "weightedAverageShsOut": 120000000, "weightedAverageShsOutDil": 120000000, "link": "", "finalLink": "", "calculatedOtherExpenses": 219200000, "calculatedOperatingExpenses": 400600000, "calculatedNetInterest": 0, "calculatedOtherIncome": 100000, "calculatedIncomeNonControlling": -1800000, "calculatedEbitda": 340700000}]}