{"originalCurrency": "USD", "convertedCurrency": "USD", "report": [{"date": "2023-12-31", "symbol": "OVV", "reportedCurrency": "USD", "cik": "0001792580", "fillingDate": "2024-02-27", "acceptedDate": "2024-02-27 17:09:46", "calendarYear": "2023", "period": "FY", "revenue": 10732000000, "costOfRevenue": 7284000000, "grossProfit": 3448000000, "grossProfitRatio": 0.3212821469, "researchAndDevelopmentExpenses": 0, "generalAndAdministrativeExpenses": 2066000000, "sellingAndMarketingExpenses": -1766000000, "sellingGeneralAndAdministrativeExpenses": 300000000, "otherExpenses": -342000000, "operatingExpenses": 642000000, "costAndExpenses": 7926000000, "interestIncome": 0, "interestExpense": 355000000, "depreciationAndAmortization": 1844000000, "ebitda": 4650000000, "ebitdaratio": 0.4332836377, "operatingIncome": 2806000000, "operatingIncomeRatio": 0.2614610511, "totalOtherIncomeExpensesNet": -295999999, "incomeBeforeTax": 2510000000, "incomeBeforeTaxRatio": 0.2338799851, "incomeTaxExpense": 425000000, "netIncome": 2085000000, "netIncomeRatio": 0.1942787924, "eps": 8.02, "epsdiluted": 7.9, "weightedAverageShsOut": 259899999, "weightedAverageShsOutDil": 263899999, "link": "https://www.sec.gov/Archives/edgar/data/1792580/000095017024021368/0000950170-24-021368-index.htm", "finalLink": "https://www.sec.gov/Archives/edgar/data/1792580/000095017024021368/ovv-20231231.htm", "calculatedOtherExpenses": 342000000, "calculatedOperatingExpenses": 642000000, "calculatedNetInterest": -355000000, "calculatedOtherIncome": 59000000, "calculatedIncomeNonControlling": 0, "calculatedEbitda": 4650000000}, {"date": "2022-12-31", "symbol": "OVV", "reportedCurrency": "USD", "cik": "0001792580", "fillingDate": "2023-02-27", "acceptedDate": "2023-02-27 17:23:39", "calendarYear": "2022", "period": "FY", "revenue": 12464000000, "costOfRevenue": 5168000000, "grossProfit": 7296000000, "grossProfitRatio": 0.5853658537, "researchAndDevelopmentExpenses": 0, "generalAndAdministrativeExpenses": 1950000000, "sellingAndMarketingExpenses": 0, "sellingGeneralAndAdministrativeExpenses": 1950000000, "otherExpenses": 1492000000, "operatingExpenses": 3442000000, "costAndExpenses": 8610000000, "interestIncome": 25000000, "interestExpense": 311000000, "depreciationAndAmortization": 1147000000, "ebitda": 5000000000, "ebitdaratio": 0.4011553273, "operatingIncome": 3853000000, "operatingIncomeRatio": 0.3091302953, "totalOtherIncomeExpensesNet": -293000000, "incomeBeforeTax": 3560000000, "incomeBeforeTaxRatio": 0.2856225931, "incomeTaxExpense": -77000000, "netIncome": 3637000000, "netIncomeRatio": 0.2918003851, "eps": 14.34, "epsdiluted": 14.08, "weightedAverageShsOut": 253600000, "weightedAverageShsOutDil": 258399999, "link": "https://www.sec.gov/Archives/edgar/data/1792580/000156459023002595/0001564590-23-002595-index.htm", "finalLink": "https://www.sec.gov/Archives/edgar/data/1792580/000156459023002595/ovv-10k_20221231.htm", "calculatedOtherExpenses": 1493000000, "calculatedOperatingExpenses": 3443000000, "calculatedNetInterest": -286000000, "calculatedOtherIncome": -7000000, "calculatedIncomeNonControlling": 0, "calculatedEbitda": 5000000000}, {"date": "2021-12-31", "symbol": "OVV", "reportedCurrency": "USD", "cik": "0001792580", "fillingDate": "2022-02-25", "acceptedDate": "2022-02-25 11:53:35", "calendarYear": "2021", "period": "FY", "revenue": 8658000000, "costOfRevenue": 4434000000, "grossProfit": 4224000000, "grossProfitRatio": 0.4878724879, "researchAndDevelopmentExpenses": 0, "generalAndAdministrativeExpenses": 1723000000, "sellingAndMarketingExpenses": 0, "sellingGeneralAndAdministrativeExpenses": 1723000000, "otherExpenses": 948000000, "operatingExpenses": 2671000000, "costAndExpenses": 7105000000, "interestIncome": 14000000, "interestExpense": 340000000, "depreciationAndAmortization": 1261000000, "ebitda": 2780000000, "ebitdaratio": 0.3210903211, "operatingIncome": 1519000000, "operatingIncomeRatio": 0.1754446754, "totalOtherIncomeExpensesNet": -280000000, "incomeBeforeTax": 1239000000, "incomeBeforeTaxRatio": 0.1431046431, "incomeTaxExpense": -177000000, "netIncome": 1416000000, "netIncomeRatio": 0.1635481635, "eps": 5.44, "epsdiluted": 5.32, "weightedAverageShsOut": 260399999, "weightedAverageShsOutDil": 266399999, "link": "https://www.sec.gov/Archives/edgar/data/1792580/000156459022006978/0001564590-22-006978-index.htm", "finalLink": "https://www.sec.gov/Archives/edgar/data/1792580/000156459022006978/ovv-10k_20211231.htm", "calculatedOtherExpenses": 982000000, "calculatedOperatingExpenses": 2705000000, "calculatedNetInterest": -326000000, "calculatedOtherIncome": 46000000, "calculatedIncomeNonControlling": 0, "calculatedEbitda": 2780000000}, {"date": "2020-12-31", "symbol": "OVV", "reportedCurrency": "USD", "cik": "0001792580", "fillingDate": "2021-02-18", "acceptedDate": "2021-02-18 12:52:51", "calendarYear": "2020", "period": "FY", "revenue": 6087000000, "costOfRevenue": 3373000000, "grossProfit": 2714000000, "grossProfitRatio": 0.4458682438, "researchAndDevelopmentExpenses": 0, "generalAndAdministrativeExpenses": 1525000000, "sellingAndMarketingExpenses": 0, "sellingGeneralAndAdministrativeExpenses": 1525000000, "otherExpenses": 635000000, "operatingExpenses": 2160000000, "costAndExpenses": 5533000000, "interestIncome": 5000000, "interestExpense": 371000000, "depreciationAndAmortization": 1834000000, "ebitda": 2443000000, "ebitdaratio": 0.4013471332, "operatingIncome": 609000000, "operatingIncomeRatio": 0.1000492854, "totalOtherIncomeExpensesNet": -6339000000, "incomeBeforeTax": -5730000000, "incomeBeforeTaxRatio": -0.9413504189, "incomeTaxExpense": 367000000, "netIncome": -6097000000, "netIncomeRatio": -1.0016428454, "eps": -23.47, "epsdiluted": -23.47, "weightedAverageShsOut": 259800000, "weightedAverageShsOutDil": 259800000, "link": "https://www.sec.gov/Archives/edgar/data/1792580/000156459021006570/0001564590-21-006570-index.htm", "finalLink": "https://www.sec.gov/Archives/edgar/data/1792580/000156459021006570/ovv-10k_20201231.htm", "calculatedOtherExpenses": 580000000, "calculatedOperatingExpenses": 2105000000, "calculatedNetInterest": -366000000, "calculatedOtherIncome": -5973000000, "calculatedIncomeNonControlling": 0, "calculatedEbitda": 2443000000}, {"date": "2019-12-31", "symbol": "OVV", "reportedCurrency": "USD", "cik": "0001792580", "fillingDate": "2020-02-21", "acceptedDate": "2020-02-21 10:34:17", "calendarYear": "2019", "period": "FY", "revenue": 6726000000, "costOfRevenue": 3312000000, "grossProfit": 3414000000, "grossProfitRatio": 0.5075825156, "researchAndDevelopmentExpenses": 0, "generalAndAdministrativeExpenses": 1558000000, "sellingAndMarketingExpenses": 0, "sellingGeneralAndAdministrativeExpenses": 1558000000, "otherExpenses": 792000000, "operatingExpenses": 2350000000, "costAndExpenses": 5662000000, "interestIncome": 10000000, "interestExpense": 382000000, "depreciationAndAmortization": 2015000000, "ebitda": 3423000000, "ebitdaratio": 0.5089206066, "operatingIncome": 1408000000, "operatingIncomeRatio": 0.2093369016, "totalOtherIncomeExpensesNet": -1093000000, "incomeBeforeTax": 315000000, "incomeBeforeTaxRatio": 0.0468331847, "incomeTaxExpense": 81000000, "netIncome": 234000000, "netIncomeRatio": 0.0347903657, "eps": 0.9, "epsdiluted": 0.9, "weightedAverageShsOut": 261200000, "weightedAverageShsOutDil": 261200000, "link": "https://www.sec.gov/Archives/edgar/data/1792580/000156459020005663/0001564590-20-005663-index.htm", "finalLink": "https://www.sec.gov/Archives/edgar/data/1792580/000156459020005663/ovv-10k_20191231.htm", "calculatedOtherExpenses": 448000000, "calculatedOperatingExpenses": 2006000000, "calculatedNetInterest": -372000000, "calculatedOtherIncome": -721000000, "calculatedIncomeNonControlling": 0, "calculatedEbitda": 3423000000}, {"date": "2018-12-31", "symbol": "OVV", "reportedCurrency": "USD", "cik": "0001792580", "fillingDate": "2018-12-31", "acceptedDate": "2018-12-30 19:00:00", "calendarYear": "2018", "period": "FY", "revenue": 5939000000, "costOfRevenue": 2519000000, "grossProfit": 3420000000, "grossProfitRatio": 0.575854521, "researchAndDevelopmentExpenses": 0, "generalAndAdministrativeExpenses": 1240000000, "sellingAndMarketingExpenses": 0, "sellingGeneralAndAdministrativeExpenses": 1240000000, "otherExpenses": -17000000, "operatingExpenses": 1726000000, "costAndExpenses": 4245000000, "interestIncome": 0, "interestExpense": 351000000, "depreciationAndAmortization": 1272000000, "ebitda": 3129000000, "ebitdaratio": 0.5268563731, "operatingIncome": 1694000000, "operatingIncomeRatio": 0.2852332042, "totalOtherIncomeExpensesNet": -180000000, "incomeBeforeTax": 1163000000, "incomeBeforeTaxRatio": 0.1958242128, "incomeTaxExpense": 94000000, "netIncome": 1069000000, "netIncomeRatio": 0.1799966324, "eps": 5.57, "epsdiluted": 5.57, "weightedAverageShsOut": 191960000, "weightedAverageShsOutDil": 192000000, "link": "", "finalLink": "", "calculatedOtherExpenses": 486000000, "calculatedOperatingExpenses": 1726000000, "calculatedNetInterest": -351000000, "calculatedOtherIncome": -180000000, "calculatedIncomeNonControlling": 0, "calculatedEbitda": 2966000000}, {"date": "2017-12-31", "symbol": "OVV", "reportedCurrency": "USD", "cik": "0001792580", "fillingDate": "2017-12-31", "acceptedDate": "2017-12-30 19:00:00", "calendarYear": "2017", "period": "FY", "revenue": 4443000000, "costOfRevenue": 1733000000, "grossProfit": 2710000000, "grossProfitRatio": 0.6099482332, "researchAndDevelopmentExpenses": 0, "generalAndAdministrativeExpenses": 1099000000, "sellingAndMarketingExpenses": 0, "sellingGeneralAndAdministrativeExpenses": 1099000000, "otherExpenses": 42000000, "operatingExpenses": 1642000000, "costAndExpenses": 3375000000, "interestIncome": 0, "interestExpense": 363000000, "depreciationAndAmortization": 833000000, "ebitda": 1218000000, "ebitdaratio": 0.2741390952, "operatingIncome": 1068000000, "operatingIncomeRatio": 0.2403781229, "totalOtherIncomeExpensesNet": 725000000, "incomeBeforeTax": 1430000000, "incomeBeforeTaxRatio": 0.3218546027, "incomeTaxExpense": 603000000, "netIncome": 827000000, "netIncomeRatio": 0.186135494, "eps": 4.25, "epsdiluted": 4.25, "weightedAverageShsOut": 194600000, "weightedAverageShsOutDil": 194600000, "link": "", "finalLink": "", "calculatedOtherExpenses": 543000000, "calculatedOperatingExpenses": 1642000000, "calculatedNetInterest": -363000000, "calculatedOtherIncome": 725000000, "calculatedIncomeNonControlling": 0, "calculatedEbitda": 1901000000}, {"date": "2016-12-31", "symbol": "OVV", "reportedCurrency": "USD", "cik": "0001792580", "fillingDate": "2016-12-31", "acceptedDate": "2016-12-30 19:00:00", "calendarYear": "2016", "period": "FY", "revenue": 2918000000, "costOfRevenue": 1544000000, "grossProfit": 1374000000, "grossProfitRatio": 0.4708704592, "researchAndDevelopmentExpenses": 0, "generalAndAdministrativeExpenses": 1210000000, "sellingAndMarketingExpenses": 0, "sellingGeneralAndAdministrativeExpenses": 1210000000, "otherExpenses": 58000000, "operatingExpenses": 1859000000, "costAndExpenses": 3403000000, "interestIncome": 0, "interestExpense": 397000000, "depreciationAndAmortization": 859000000, "ebitda": 1170000000, "ebitdaratio": 0.4009595613, "operatingIncome": -1881000000, "operatingIncomeRatio": -0.6446196025, "totalOtherIncomeExpensesNet": -738000000, "incomeBeforeTax": -1620000000, "incomeBeforeTaxRatio": -0.5551747772, "incomeTaxExpense": -676000000, "netIncome": -944000000, "netIncomeRatio": -0.3235092529, "eps": -5.35, "epsdiluted": -5.35, "weightedAverageShsOut": 176448598, "weightedAverageShsOutDil": 176520000, "link": "", "finalLink": "", "calculatedOtherExpenses": 2045000000, "calculatedOperatingExpenses": 3255000000, "calculatedNetInterest": -397000000, "calculatedOtherIncome": 658000000, "calculatedIncomeNonControlling": 0, "calculatedEbitda": -1022000000}, {"date": "2015-12-31", "symbol": "OVV", "reportedCurrency": "USD", "cik": "0001792580", "fillingDate": "2015-12-31", "acceptedDate": "2015-12-30 19:00:00", "calendarYear": "2015", "period": "FY", "revenue": 4422000000, "costOfRevenue": 1955000000, "grossProfit": 2467000000, "grossProfitRatio": 0.5578923564, "researchAndDevelopmentExpenses": 0, "generalAndAdministrativeExpenses": 1527000000, "sellingAndMarketingExpenses": 0, "sellingGeneralAndAdministrativeExpenses": 1527000000, "otherExpenses": -27000000, "operatingExpenses": 2295000000, "costAndExpenses": 4250000000, "interestIncome": 0, "interestExpense": 614000000, "depreciationAndAmortization": 1488000000, "ebitda": 1633000000, "ebitdaratio": 0.3692899141, "operatingIncome": 172000000, "operatingIncomeRatio": 0.038896427, "totalOtherIncomeExpensesNet": -7568000000, "incomeBeforeTax": -8010000000, "incomeBeforeTaxRatio": -1.8113975577, "incomeTaxExpense": -2845000000, "netIncome": -5165000000, "netIncomeRatio": -1.1680235188, "eps": -31.41, "epsdiluted": -31.41, "weightedAverageShsOut": 164420000, "weightedAverageShsOutDil": 164420000, "link": "", "finalLink": "", "calculatedOtherExpenses": 768000000, "calculatedOperatingExpenses": 2295000000, "calculatedNetInterest": -614000000, "calculatedOtherIncome": -7568000000, "calculatedIncomeNonControlling": 0, "calculatedEbitda": 1660000000}, {"date": "2014-12-31", "symbol": "OVV", "reportedCurrency": "USD", "cik": "0001792580", "fillingDate": "2014-12-31", "acceptedDate": "2014-12-30 19:00:00", "calendarYear": "2014", "period": "FY", "revenue": 8019000000, "costOfRevenue": 3069000000, "grossProfit": 4950000000, "grossProfitRatio": 0.6172839506, "researchAndDevelopmentExpenses": 0, "generalAndAdministrativeExpenses": 1832000000, "sellingAndMarketingExpenses": 0, "sellingGeneralAndAdministrativeExpenses": 1832000000, "otherExpenses": -71000000, "operatingExpenses": 2619000000, "costAndExpenses": 5688000000, "interestIncome": 0, "interestExpense": 654000000, "depreciationAndAmortization": 1745000000, "ebitda": 4005000000, "ebitdaratio": 0.4994388328, "operatingIncome": 2331000000, "operatingIncomeRatio": 0.290684624, "totalOtherIncomeExpensesNet": 2952000000, "incomeBeforeTax": 4629000000, "incomeBeforeTaxRatio": 0.5772540217, "incomeTaxExpense": 1203000000, "netIncome": 3392000000, "netIncomeRatio": 0.422995386, "eps": 22.9, "epsdiluted": 22.9, "weightedAverageShsOut": 148200000, "weightedAverageShsOutDil": 148200000, "link": "", "finalLink": "", "calculatedOtherExpenses": 787000000, "calculatedOperatingExpenses": 2619000000, "calculatedNetInterest": -654000000, "calculatedOtherIncome": 2952000000, "calculatedIncomeNonControlling": 34000000, "calculatedEbitda": 4076000000}, {"date": "2013-12-31", "symbol": "OVV", "reportedCurrency": "USD", "cik": "0001792580", "fillingDate": "2013-12-31", "acceptedDate": "2013-12-30 19:00:00", "calendarYear": "2013", "period": "FY", "revenue": 5858000000, "costOfRevenue": 2140000000, "grossProfit": 3718000000, "grossProfitRatio": 0.6346876067, "researchAndDevelopmentExpenses": 0, "generalAndAdministrativeExpenses": 1915000000, "sellingAndMarketingExpenses": 0, "sellingGeneralAndAdministrativeExpenses": 1915000000, "otherExpenses": 6000000, "operatingExpenses": 2827000000, "costAndExpenses": 4967000000, "interestIncome": 0, "interestExpense": 563000000, "depreciationAndAmortization": 1565000000, "ebitda": 2462000000, "ebitdaratio": 0.420279959, "operatingIncome": 891000000, "operatingIncomeRatio": 0.1520996927, "totalOtherIncomeExpensesNet": -340000000, "incomeBeforeTax": -12000000, "incomeBeforeTaxRatio": -0.0020484807, "incomeTaxExpense": -248000000, "netIncome": 236000000, "netIncomeRatio": 0.0402867873, "eps": 1.6, "epsdiluted": 1.6, "weightedAverageShsOut": 147540000, "weightedAverageShsOutDil": 147540000, "link": "", "finalLink": "", "calculatedOtherExpenses": 912000000, "calculatedOperatingExpenses": 2827000000, "calculatedNetInterest": -563000000, "calculatedOtherIncome": -340000000, "calculatedIncomeNonControlling": 0, "calculatedEbitda": 2456000000}, {"date": "2012-12-31", "symbol": "OVV", "reportedCurrency": "USD", "cik": "0001792580", "fillingDate": "2012-12-31", "acceptedDate": "2012-12-30 19:00:00", "calendarYear": "2012", "period": "FY", "revenue": 5160000000, "costOfRevenue": 2410000000, "grossProfit": 2750000000, "grossProfitRatio": 0.5329457364, "researchAndDevelopmentExpenses": 0, "generalAndAdministrativeExpenses": 1623000000, "sellingAndMarketingExpenses": 0, "sellingGeneralAndAdministrativeExpenses": 1623000000, "otherExpenses": -1000000, "operatingExpenses": 2470000000, "costAndExpenses": 4880000000, "interestIncome": 0, "interestExpense": 522000000, "depreciationAndAmortization": 1956000000, "ebitda": 2235000000, "ebitdaratio": 0.4331395349, "operatingIncome": 4415000000, "operatingIncomeRatio": 0.855620155, "totalOtherIncomeExpensesNet": -4589000000, "incomeBeforeTax": -4831000000, "incomeBeforeTaxRatio": -0.9362403101, "incomeTaxExpense": -2037000000, "netIncome": -2794000000, "netIncomeRatio": -0.5414728682, "eps": -18.97, "epsdiluted": -18.97, "weightedAverageShsOut": 147260000, "weightedAverageShsOutDil": 147260004, "link": "", "finalLink": "", "calculatedOtherExpenses": -3288000000, "calculatedOperatingExpenses": -1665000000, "calculatedNetInterest": -522000000, "calculatedOtherIncome": -8724000000, "calculatedIncomeNonControlling": 0, "calculatedEbitda": 6371000000}, {"date": "2011-12-31", "symbol": "OVV", "reportedCurrency": "USD", "cik": "0001792580", "fillingDate": "2011-12-31", "acceptedDate": "2011-12-30 19:00:00", "calendarYear": "2011", "period": "FY", "revenue": 8467000000, "costOfRevenue": 2892000000, "grossProfit": 5575000000, "grossProfitRatio": 0.6584386441, "researchAndDevelopmentExpenses": 0, "generalAndAdministrativeExpenses": 348000000, "sellingAndMarketingExpenses": 2000000, "sellingGeneralAndAdministrativeExpenses": 350000000, "otherExpenses": -50000000, "operatingExpenses": 2682000000, "costAndExpenses": 5574000000, "interestIncome": 0, "interestExpense": 468000000, "depreciationAndAmortization": 2282000000, "ebitda": 5175000000, "ebitdaratio": 0.6111964096, "operatingIncome": 2943000000, "operatingIncomeRatio": 0.3475847408, "totalOtherIncomeExpensesNet": -2453000000, "incomeBeforeTax": 22000000, "incomeBeforeTaxRatio": 0.0025983229, "incomeTaxExpense": 17000000, "netIncome": 5000000, "netIncomeRatio": 0.0005905279, "eps": 0.05, "epsdiluted": 0.05, "weightedAverageShsOut": 147260000, "weightedAverageShsOutDil": 147440000, "link": "", "finalLink": "", "calculatedOtherExpenses": 2282000000, "calculatedOperatingExpenses": 2632000000, "calculatedNetInterest": -468000000, "calculatedOtherIncome": -2453000000, "calculatedIncomeNonControlling": 0, "calculatedEbitda": 5225000000}, {"date": "2010-12-31", "symbol": "OVV", "reportedCurrency": "USD", "cik": "0001792580", "fillingDate": "2010-12-31", "acceptedDate": "2010-12-30 19:00:00", "calendarYear": "2010", "period": "FY", "revenue": 8870000000, "costOfRevenue": 2876000000, "grossProfit": 5994000000, "grossProfitRatio": 0.6757609921, "researchAndDevelopmentExpenses": 0, "generalAndAdministrativeExpenses": 359000000, "sellingAndMarketingExpenses": 0, "sellingGeneralAndAdministrativeExpenses": 359000000, "otherExpenses": 3242000000, "operatingExpenses": 3601000000, "costAndExpenses": 6477000000, "interestIncome": 13000000, "interestExpense": 514000000, "depreciationAndAmortization": 3242000000, "ebitda": 5648000000, "ebitdaratio": 0.6367531003, "operatingIncome": 2393000000, "operatingIncomeRatio": 0.2697857948, "totalOtherIncomeExpensesNet": 168000000, "incomeBeforeTax": 2060000000, "incomeBeforeTaxRatio": 0.2322435175, "incomeTaxExpense": 561000000, "netIncome": 1499000000, "netIncomeRatio": 0.1689966178, "eps": 15.85, "epsdiluted": 15.85, "weightedAverageShsOut": 147940000, "weightedAverageShsOutDil": 147960000, "link": "", "finalLink": "", "calculatedOtherExpenses": 3242000000, "calculatedOperatingExpenses": 3601000000, "calculatedNetInterest": -501000000, "calculatedOtherIncome": 168000000, "calculatedIncomeNonControlling": 0, "calculatedEbitda": 5635000000}, {"date": "2009-12-31", "symbol": "OVV", "reportedCurrency": "USD", "cik": "0001792580", "fillingDate": "2009-12-31", "acceptedDate": "2009-12-30 19:00:00", "calendarYear": "2009", "period": "FY", "revenue": 11114000000, "costOfRevenue": 4538000000, "grossProfit": 6576000000, "grossProfitRatio": 0.5916861616, "researchAndDevelopmentExpenses": 0, "generalAndAdministrativeExpenses": 477000000, "sellingAndMarketingExpenses": 0, "sellingGeneralAndAdministrativeExpenses": 477000000, "otherExpenses": 3684000000, "operatingExpenses": 4232000000, "costAndExpenses": 8770000000, "interestIncome": 168000000, "interestExpense": 405000000, "depreciationAndAmortization": 3704000000, "ebitda": 6048000000, "ebitdaratio": 0.5441785136, "operatingIncome": 2415000000, "operatingIncomeRatio": 0.2172935037, "totalOtherIncomeExpensesNet": -71000000, "incomeBeforeTax": 1939000000, "incomeBeforeTaxRatio": 0.1744646392, "incomeTaxExpense": 109000000, "netIncome": 1862000000, "netIncomeRatio": 0.1675364405, "eps": 12.4, "epsdiluted": 12.4, "weightedAverageShsOut": 150161290, "weightedAverageShsOutDil": 150161290, "link": "", "finalLink": "", "calculatedOtherExpenses": 3684000000, "calculatedOperatingExpenses": 4161000000, "calculatedNetInterest": -237000000, "calculatedOtherIncome": -239000000, "calculatedIncomeNonControlling": -32000000, "calculatedEbitda": 6119000000}, {"date": "2008-12-31", "symbol": "OVV", "reportedCurrency": "USD", "cik": "0001792580", "fillingDate": "2008-12-31", "acceptedDate": "2008-12-30 19:00:00", "calendarYear": "2008", "period": "FY", "revenue": 30064000000, "costOfRevenue": 11186000000, "grossProfit": 18878000000, "grossProfitRatio": 0.6279270889, "researchAndDevelopmentExpenses": 0, "generalAndAdministrativeExpenses": 473000000, "sellingAndMarketingExpenses": 1704000000, "sellingGeneralAndAdministrativeExpenses": 2177000000, "otherExpenses": 2802000000, "operatingExpenses": 9715000000, "costAndExpenses": 20901000000, "interestIncome": 216000000, "interestExpense": 802000000, "depreciationAndAmortization": 4223000000, "ebitda": 13386000000, "ebitdaratio": 0.445250133, "operatingIncome": 8577000000, "operatingIncomeRatio": 0.2852913784, "totalOtherIncomeExpensesNet": -79000000, "incomeBeforeTax": 8577000000, "incomeBeforeTaxRatio": 0.2852913784, "incomeTaxExpense": 2633000000, "netIncome": 5944000000, "netIncomeRatio": 0.1977115487, "eps": 39.6, "epsdiluted": 39.55, "weightedAverageShsOut": 150020000, "weightedAverageShsOutDil": 150360000, "link": "", "finalLink": "", "calculatedOtherExpenses": 8124000000, "calculatedOperatingExpenses": 10301000000, "calculatedNetInterest": -586000000, "calculatedOtherIncome": 586000000, "calculatedIncomeNonControlling": 0, "calculatedEbitda": 12800000000}, {"date": "2007-12-31", "symbol": "OVV", "reportedCurrency": "USD", "cik": "0001792580", "fillingDate": "2007-12-31", "acceptedDate": "2007-12-30 19:00:00", "calendarYear": "2007", "period": "FY", "revenue": 21446000000, "costOfRevenue": 11871000000, "grossProfit": 9575000000, "grossProfitRatio": 0.4464702042, "researchAndDevelopmentExpenses": 0, "generalAndAdministrativeExpenses": 0, "sellingAndMarketingExpenses": 0, "sellingGeneralAndAdministrativeExpenses": 384000000, "otherExpenses": 4107000000, "operatingExpenses": 4491000000, "costAndExpenses": 16362000000, "interestIncome": 0, "interestExpense": 428000000, "depreciationAndAmortization": 3816000000, "ebitda": 8799000000, "ebitdaratio": 0.4102863005, "operatingIncome": 5020000000, "operatingIncomeRatio": 0.2340762846, "totalOtherIncomeExpensesNet": 101000000, "incomeBeforeTax": 4821000000, "incomeBeforeTaxRatio": 0.224797165, "incomeTaxExpense": 937000000, "netIncome": 3959000000, "netIncomeRatio": 0.1846031894, "eps": 26.15, "epsdiluted": 25.9, "weightedAverageShsOut": 151360000, "weightedAverageShsOutDil": 152920000, "link": "", "finalLink": "", "calculatedOtherExpenses": 4171000000, "calculatedOperatingExpenses": 4555000000, "calculatedNetInterest": -428000000, "calculatedOtherIncome": 229000000, "calculatedIncomeNonControlling": -75000000, "calculatedEbitda": 8836000000}, {"date": "2006-12-31", "symbol": "OVV", "reportedCurrency": "USD", "cik": "0001792580", "fillingDate": "2006-12-31", "acceptedDate": "2006-12-30 19:00:00", "calendarYear": "2006", "period": "FY", "revenue": 16398000000, "costOfRevenue": 5586000000, "grossProfit": 10812000000, "grossProfitRatio": 0.6593487011, "researchAndDevelopmentExpenses": 0, "generalAndAdministrativeExpenses": 0, "sellingAndMarketingExpenses": 0, "sellingGeneralAndAdministrativeExpenses": 271000000, "otherExpenses": 3461000000, "operatingExpenses": 3732000000, "costAndExpenses": 9318000000, "interestIncome": 0, "interestExpense": 396000000, "depreciationAndAmortization": 3112000000, "ebitda": 9983000000, "ebitdaratio": 0.6087937553, "operatingIncome": 7030000000, "operatingIncomeRatio": 0.4287108184, "totalOtherIncomeExpensesNet": 209000000, "incomeBeforeTax": 6943000000, "incomeBeforeTaxRatio": 0.4234052933, "incomeTaxExpense": 1892000000, "netIncome": 5652000000, "netIncomeRatio": 0.34467618, "eps": 34.45, "epsdiluted": 33.8, "weightedAverageShsOut": 167300000, "weightedAverageShsOutDil": 167300000, "link": "", "finalLink": "", "calculatedOtherExpenses": 3511000000, "calculatedOperatingExpenses": 3782000000, "calculatedNetInterest": -396000000, "calculatedOtherIncome": 309000000, "calculatedIncomeNonControlling": -601000000, "calculatedEbitda": 10142000000}, {"date": "2005-12-31", "symbol": "OVV", "reportedCurrency": "USD", "cik": "0001792580", "fillingDate": "2005-12-31", "acceptedDate": "2005-12-30 19:00:00", "calendarYear": "2005", "period": "FY", "revenue": 14266000000, "costOfRevenue": 6050000000, "grossProfit": 8216000000, "grossProfitRatio": 0.5759147624, "researchAndDevelopmentExpenses": 0, "generalAndAdministrativeExpenses": 0, "sellingAndMarketingExpenses": 0, "sellingGeneralAndAdministrativeExpenses": 821000000, "otherExpenses": 2769000000, "operatingExpenses": 3590000000, "costAndExpenses": 9640000000, "interestIncome": 0, "interestExpense": 524000000, "depreciationAndAmortization": 2769000000, "ebitda": 7408000000, "ebitdaratio": 0.5192766017, "operatingIncome": 4626000000, "operatingIncomeRatio": 0.3242674891, "totalOtherIncomeExpensesNet": -13000000, "incomeBeforeTax": 4089000000, "incomeBeforeTaxRatio": 0.2866255432, "incomeTaxExpense": 1260000000, "netIncome": 3426000000, "netIncomeRatio": 0.2401514089, "eps": 19.75, "epsdiluted": 19.25, "weightedAverageShsOut": 173417722, "weightedAverageShsOutDil": 177922078, "link": "", "finalLink": "", "calculatedOtherExpenses": 2769000000, "calculatedOperatingExpenses": 3590000000, "calculatedNetInterest": -524000000, "calculatedOtherIncome": -13000000, "calculatedIncomeNonControlling": -597000000, "calculatedEbitda": 7395000000}, {"date": "2004-12-31", "symbol": "OVV", "reportedCurrency": "USD", "cik": "0001792580", "fillingDate": "2004-12-31", "acceptedDate": "2004-12-30 19:00:00", "calendarYear": "2004", "period": "FY", "revenue": 11810000000, "costOfRevenue": 6436000000, "grossProfit": 5374000000, "grossProfitRatio": 0.4550381033, "researchAndDevelopmentExpenses": 0, "generalAndAdministrativeExpenses": 0, "sellingAndMarketingExpenses": 0, "sellingGeneralAndAdministrativeExpenses": 197000000, "otherExpenses": 2402000000, "operatingExpenses": 2599000000, "costAndExpenses": 9035000000, "interestIncome": 0, "interestExpense": 397000000, "depreciationAndAmortization": 2402000000, "ebitda": 4686000000, "ebitdaratio": 0.3967823878, "operatingIncome": 2775000000, "operatingIncomeRatio": 0.2349703641, "totalOtherIncomeExpensesNet": 491000000, "incomeBeforeTax": 2869000000, "incomeBeforeTaxRatio": 0.2429297206, "incomeTaxExpense": 658000000, "netIncome": 3513000000, "netIncomeRatio": 0.2974597798, "eps": 19.1, "epsdiluted": 18.75, "weightedAverageShsOut": 183926702, "weightedAverageShsOutDil": 187360000, "link": "", "finalLink": "", "calculatedOtherExpenses": 2402000000, "calculatedOperatingExpenses": 2599000000, "calculatedNetInterest": -397000000, "calculatedOtherIncome": 491000000, "calculatedIncomeNonControlling": -1302000000, "calculatedEbitda": 5177000000}, {"date": "2003-12-31", "symbol": "OVV", "reportedCurrency": "USD", "cik": "0001792580", "fillingDate": "2003-12-31", "acceptedDate": "2003-12-30 19:00:00", "calendarYear": "2003", "period": "FY", "revenue": 10216000000, "costOfRevenue": 4752000000, "grossProfit": 5464000000, "grossProfitRatio": 0.5348472984, "researchAndDevelopmentExpenses": 0, "generalAndAdministrativeExpenses": 0, "sellingAndMarketingExpenses": 0, "sellingGeneralAndAdministrativeExpenses": 718000000, "otherExpenses": 2411000000, "operatingExpenses": 3129000000, "costAndExpenses": 7881000000, "interestIncome": 0, "interestExpense": 287000000, "depreciationAndAmortization": 2222000000, "ebitda": 4011000000, "ebitdaratio": 0.3926194205, "operatingIncome": 2317000000, "operatingIncomeRatio": 0.2268010963, "totalOtherIncomeExpensesNet": 546000000, "incomeBeforeTax": 2612000000, "incomeBeforeTaxRatio": 0.2556773688, "incomeTaxExpense": 445000000, "netIncome": 2360000000, "netIncomeRatio": 0.2310101801, "eps": 12.45, "epsdiluted": 12.3, "weightedAverageShsOut": 188674699, "weightedAverageShsOutDil": 190975610, "link": "", "finalLink": "", "calculatedOtherExpenses": 2429000000, "calculatedOperatingExpenses": 3147000000, "calculatedNetInterest": -287000000, "calculatedOtherIncome": 582000000, "calculatedIncomeNonControlling": -193000000, "calculatedEbitda": 4539000000}, {"date": "2002-12-31", "symbol": "OVV", "reportedCurrency": "USD", "cik": "0001792580", "fillingDate": "2002-12-31", "acceptedDate": "2002-12-30 19:00:00", "calendarYear": "2002", "period": "FY", "revenue": 6358986909, "costOfRevenue": 3104017348, "grossProfit": 3254969561, "grossProfitRatio": 0.511869203, "researchAndDevelopmentExpenses": 0, "generalAndAdministrativeExpenses": 0, "sellingAndMarketingExpenses": 0, "sellingGeneralAndAdministrativeExpenses": 483846826, "otherExpenses": 1367567063, "operatingExpenses": 1851413890, "costAndExpenses": 4955431239, "interestIncome": 0, "interestExpense": 265915817, "depreciationAndAmortization": 1367567063, "ebitda": 2694147102, "ebitdaratio": 0.4236755226, "operatingIncome": 1435545543, "operatingIncomeRatio": 0.2257506682, "totalOtherIncomeExpensesNet": 76975631, "incomeBeforeTax": 1170629409, "incomeBeforeTaxRatio": 0.1840905518, "incomeTaxExpense": 392875625, "netIncome": 776754099, "netIncomeRatio": 0.1221506053, "eps": 4.85, "epsdiluted": 4.8, "weightedAverageShsOut": 167010309, "weightedAverageShsOutDil": 168750000, "link": "", "finalLink": "", "calculatedOtherExpenses": 1335577192, "calculatedOperatingExpenses": 1819424018, "calculatedNetInterest": -265915817, "calculatedOtherIncome": 999683, "calculatedIncomeNonControlling": 999685, "calculatedEbitda": 2803112606}, {"date": "2001-12-31", "symbol": "OVV", "reportedCurrency": "USD", "cik": "0001792580", "fillingDate": "2001-12-31", "acceptedDate": "2001-12-30 19:00:00", "calendarYear": "2001", "period": "FY", "revenue": 6343480874, "costOfRevenue": 4416638560, "grossProfit": 1926842314, "grossProfitRatio": 0.3037515762, "researchAndDevelopmentExpenses": 0, "generalAndAdministrativeExpenses": 0, "sellingAndMarketingExpenses": 0, "sellingGeneralAndAdministrativeExpenses": 98991898, "otherExpenses": 537955976, "operatingExpenses": 636947874, "costAndExpenses": 5053586435, "interestIncome": 0, "interestExpense": 61994926, "depreciationAndAmortization": 537955975, "ebitda": 1827850415, "ebitdaratio": 0.2881462798, "operatingIncome": 1289894440, "operatingIncomeRatio": 0.2033417402, "totalOtherIncomeExpensesNet": 999917, "incomeBeforeTax": 1228899431, "incomeBeforeTaxRatio": 0.1937263556, "incomeTaxExpense": 409966449, "netIncome": 818932981, "netIncomeRatio": 0.1290983606, "eps": 7.88, "epsdiluted": 7.69, "weightedAverageShsOut": 108321886, "weightedAverageShsOutDil": 110974667, "link": "", "finalLink": "", "calculatedOtherExpenses": 537955976, "calculatedOperatingExpenses": 636947874, "calculatedNetInterest": -61994926, "calculatedOtherIncome": 999917, "calculatedIncomeNonControlling": 1, "calculatedEbitda": 1827850415}]}