{"originalCurrency": "USD", "convertedCurrency": "USD", "report": [{"date": "2023-03-31", "symbol": "OXLCM", "reportedCurrency": "USD", "cik": "0001495222", "fillingDate": "2023-03-31", "acceptedDate": "2023-03-30 20:00:00", "calendarYear": "2022", "period": "FY", "revenue": -158433510, "costOfRevenue": 65590560, "grossProfit": -224024070, "grossProfitRatio": 1.4139942364, "researchAndDevelopmentExpenses": 0, "generalAndAdministrativeExpenses": 4453830, "sellingAndMarketingExpenses": 0, "sellingGeneralAndAdministrativeExpenses": 4453830, "otherExpenses": -315736654, "operatingExpenses": 12855237, "costAndExpenses": 12855237, "interestIncome": 7251485, "interestExpense": 31805566, "depreciationAndAmortization": 0, "ebitda": -171288747, "ebitdaratio": 1.0811396339, "operatingIncome": -171288747, "operatingIncomeRatio": 1.0811396339, "totalOtherIncomeExpensesNet": -31805557, "incomeBeforeTax": -171288747, "incomeBeforeTaxRatio": 1.0811396339, "incomeTaxExpense": 0, "netIncome": -171288747, "netIncomeRatio": 1.0811396339, "eps": -1.14, "epsdiluted": -1.14, "weightedAverageShsOut": 150253286, "weightedAverageShsOutDil": 150253287, "link": null, "finalLink": null, "calculatedOtherExpenses": -57189153, "calculatedOperatingExpenses": -52735323, "calculatedNetInterest": -24554081, "calculatedOtherIncome": 24554081, "calculatedIncomeNonControlling": 0, "calculatedEbitda": -171288747}, {"date": "2022-03-31", "symbol": "OXLCM", "reportedCurrency": "USD", "cik": "0001495222", "fillingDate": "2022-03-31", "acceptedDate": "2022-03-30 20:00:00", "calendarYear": "2021", "period": "FY", "revenue": 130145365, "costOfRevenue": 54450805, "grossProfit": 75694560, "grossProfitRatio": 0.5816154882, "researchAndDevelopmentExpenses": 0, "generalAndAdministrativeExpenses": 3905402, "sellingAndMarketingExpenses": 0, "sellingGeneralAndAdministrativeExpenses": 3905402, "otherExpenses": 361972, "operatingExpenses": 4267374, "costAndExpenses": 4267374, "interestIncome": 3949312, "interestExpense": 22077122, "depreciationAndAmortization": 0, "ebitda": 147955113, "ebitdaratio": 1.1368450425, "operatingIncome": 147955113, "operatingIncomeRatio": 1.1368450425, "totalOtherIncomeExpensesNet": -22077122, "incomeBeforeTax": 125877991, "incomeBeforeTaxRatio": 0.9672107109, "incomeTaxExpense": 0, "netIncome": 125877991, "netIncomeRatio": 0.9672107109, "eps": 1.2, "epsdiluted": 1.2, "weightedAverageShsOut": 104898325, "weightedAverageShsOutDil": 104898326, "link": null, "finalLink": null, "calculatedOtherExpenses": -76165955, "calculatedOperatingExpenses": -72260553, "calculatedNetInterest": -18127810, "calculatedOtherIncome": -3949312, "calculatedIncomeNonControlling": 0, "calculatedEbitda": 147955113}, {"date": "2021-03-31", "symbol": "OXLCM", "reportedCurrency": "USD", "cik": "0001495222", "fillingDate": "2021-03-31", "acceptedDate": "2021-03-30 20:00:00", "calendarYear": "2020", "period": "FY", "revenue": 293353372, "costOfRevenue": 32122304, "grossProfit": 261231068, "grossProfitRatio": 0.8904996258, "researchAndDevelopmentExpenses": 0, "generalAndAdministrativeExpenses": 3218891, "sellingAndMarketingExpenses": 0, "sellingGeneralAndAdministrativeExpenses": 3218891, "otherExpenses": 201409, "operatingExpenses": 3420300, "costAndExpenses": 3420300, "interestIncome": 6118337, "interestExpense": 16278629, "depreciationAndAmortization": 0, "ebitda": 306211701, "ebitdaratio": 1.0438322182, "operatingIncome": 306211701, "operatingIncomeRatio": 1.0438322182, "totalOtherIncomeExpensesNet": -16278629, "incomeBeforeTax": 289933072, "incomeBeforeTaxRatio": 0.9883406829, "incomeTaxExpense": 0, "netIncome": 289933072, "netIncomeRatio": 0.9883406829, "eps": 3.14, "epsdiluted": 3.14, "weightedAverageShsOut": 92335373, "weightedAverageShsOutDil": 92335373, "link": null, "finalLink": null, "calculatedOtherExpenses": -48199524, "calculatedOperatingExpenses": -44980633, "calculatedNetInterest": -10160292, "calculatedOtherIncome": -6118337, "calculatedIncomeNonControlling": 0, "calculatedEbitda": 306211701}, {"date": "2020-03-31", "symbol": "OXLCM", "reportedCurrency": "USD", "cik": "0001495222", "fillingDate": "2020-03-31", "acceptedDate": "2020-03-30 20:00:00", "calendarYear": "2019", "period": "FY", "revenue": -288158859, "costOfRevenue": 31628095, "grossProfit": -319786954, "grossProfitRatio": 1.1097592318, "researchAndDevelopmentExpenses": 0, "generalAndAdministrativeExpenses": 2797610, "sellingAndMarketingExpenses": 0, "sellingGeneralAndAdministrativeExpenses": 2797610, "otherExpenses": 176244, "operatingExpenses": 2973854, "costAndExpenses": 2973854, "interestIncome": 3738214, "interestExpense": 15479924, "depreciationAndAmortization": 0, "ebitda": -275652789, "ebitdaratio": 0.956600085, "operatingIncome": -275652789, "operatingIncomeRatio": 0.956600085, "totalOtherIncomeExpensesNet": -15479924, "incomeBeforeTax": -291132713, "incomeBeforeTaxRatio": 1.0103201894, "incomeTaxExpense": 0, "netIncome": -291132713, "netIncomeRatio": 1.0103201894, "eps": -4.14, "epsdiluted": -4.14, "weightedAverageShsOut": 70321911, "weightedAverageShsOutDil": 70321911, "link": null, "finalLink": null, "calculatedOtherExpenses": -46931775, "calculatedOperatingExpenses": -44134165, "calculatedNetInterest": -11741710, "calculatedOtherIncome": -3738214, "calculatedIncomeNonControlling": 0, "calculatedEbitda": -275652789}, {"date": "2019-03-31", "symbol": "OXLCM", "reportedCurrency": "USD", "cik": "0001495222", "fillingDate": "2019-03-31", "acceptedDate": "2019-03-30 20:00:00", "calendarYear": "2018", "period": "FY", "revenue": -18572399, "costOfRevenue": 23624155, "grossProfit": -42196554, "grossProfitRatio": 2.2720034175, "researchAndDevelopmentExpenses": 0, "generalAndAdministrativeExpenses": 2268930, "sellingAndMarketingExpenses": 0, "sellingGeneralAndAdministrativeExpenses": 2268930, "otherExpenses": 140669, "operatingExpenses": 2409599, "costAndExpenses": 2409599, "interestIncome": 1398612, "interestExpense": 15051475, "depreciationAndAmortization": 0, "ebitda": -5930523, "ebitdaratio": 0.3193191682, "operatingIncome": -5930523, "operatingIncomeRatio": 0.3193191682, "totalOtherIncomeExpensesNet": -15051475, "incomeBeforeTax": -20981998, "incomeBeforeTaxRatio": 1.129740859, "incomeTaxExpense": 0, "netIncome": -20981998, "netIncomeRatio": 1.129740859, "eps": -0.51, "epsdiluted": -0.51, "weightedAverageShsOut": 41141172, "weightedAverageShsOutDil": 41141173, "link": null, "finalLink": null, "calculatedOtherExpenses": -38534961, "calculatedOperatingExpenses": -36266031, "calculatedNetInterest": -13652863, "calculatedOtherIncome": -1398612, "calculatedIncomeNonControlling": 0, "calculatedEbitda": -5930523}, {"date": "2018-03-31", "symbol": "OXLCM", "reportedCurrency": "USD", "cik": "0001495222", "fillingDate": "2018-03-31", "acceptedDate": "2018-03-30 20:00:00", "calendarYear": "2017", "period": "FY", "revenue": 40421297, "costOfRevenue": 19382674, "grossProfit": 21038623, "grossProfitRatio": 0.5204836203, "researchAndDevelopmentExpenses": 0, "generalAndAdministrativeExpenses": 2278810, "sellingAndMarketingExpenses": 0, "sellingGeneralAndAdministrativeExpenses": 2278810, "otherExpenses": 136899, "operatingExpenses": 2415709, "costAndExpenses": 2415709, "interestIncome": 1599949, "interestExpense": 13400159, "depreciationAndAmortization": 0, "ebitda": 51405747, "ebitdaratio": 1.2717490733, "operatingIncome": 51405747, "operatingIncomeRatio": 1.2717490733, "totalOtherIncomeExpensesNet": -13400159, "incomeBeforeTax": 38005588, "incomeBeforeTaxRatio": 0.9402367272, "incomeTaxExpense": 0, "netIncome": 38005588, "netIncomeRatio": 0.9402367272, "eps": 1.49, "epsdiluted": 1.49, "weightedAverageShsOut": 25507106, "weightedAverageShsOutDil": 25507106, "link": "", "finalLink": "", "calculatedOtherExpenses": -32645934, "calculatedOperatingExpenses": -30367124, "calculatedNetInterest": -11800210, "calculatedOtherIncome": -1599949, "calculatedIncomeNonControlling": 0, "calculatedEbitda": 51405747}, {"date": "2017-03-31", "symbol": "OXLCM", "reportedCurrency": "USD", "cik": "0001495222", "fillingDate": "2017-03-31", "acceptedDate": "2017-03-30 20:00:00", "calendarYear": "2016", "period": "FY", "revenue": 107410204, "costOfRevenue": 14585214, "grossProfit": 92824990, "grossProfitRatio": 0.8642101639, "researchAndDevelopmentExpenses": 0, "generalAndAdministrativeExpenses": 2099762, "sellingAndMarketingExpenses": 0, "sellingGeneralAndAdministrativeExpenses": 2099762, "otherExpenses": 108616, "operatingExpenses": 2208378, "costAndExpenses": 2208378, "interestIncome": 1052099, "interestExpense": 11711709, "depreciationAndAmortization": 0, "ebitda": 116913535, "ebitdaratio": 1.0884769849, "operatingIncome": 116913535, "operatingIncomeRatio": 1.0884769849, "totalOtherIncomeExpensesNet": -11711709, "incomeBeforeTax": 105201826, "incomeBeforeTaxRatio": 0.9794397746, "incomeTaxExpense": 0, "netIncome": 105201826, "netIncomeRatio": 0.9794397746, "eps": 5.41, "epsdiluted": 5.41, "weightedAverageShsOut": 19445809, "weightedAverageShsOutDil": 19445809, "link": "", "finalLink": "", "calculatedOtherExpenses": -26188307, "calculatedOperatingExpenses": -24088545, "calculatedNetInterest": -10659610, "calculatedOtherIncome": -1052099, "calculatedIncomeNonControlling": 0, "calculatedEbitda": 116913535}, {"date": "2016-03-31", "symbol": "OXLCM", "reportedCurrency": "USD", "cik": "0001495222", "fillingDate": "2016-03-31", "acceptedDate": "2016-03-30 20:00:00", "calendarYear": "2015", "period": "FY", "revenue": -83463258, "costOfRevenue": 15095141, "grossProfit": -98558399, "grossProfitRatio": 1.1808597143, "researchAndDevelopmentExpenses": 0, "generalAndAdministrativeExpenses": 2232482, "sellingAndMarketingExpenses": 0, "sellingGeneralAndAdministrativeExpenses": 2232482, "otherExpenses": 83591, "operatingExpenses": 2316073, "costAndExpenses": 2316073, "interestIncome": 1035077, "interestExpense": 14810804, "depreciationAndAmortization": 14810804, "ebitda": -70968527, "ebitdaratio": 0.8502966299, "operatingIncome": -85779331, "operatingIncomeRatio": 1.0277496117, "totalOtherIncomeExpensesNet": -14810811, "incomeBeforeTax": -85779331, "incomeBeforeTaxRatio": 1.0277496117, "incomeTaxExpense": -14810811, "netIncome": -85779331, "netIncomeRatio": 1.0277496117, "eps": -4.64, "epsdiluted": -4.64, "weightedAverageShsOut": 18486925, "weightedAverageShsOutDil": 18486925, "link": "", "finalLink": "", "calculatedOtherExpenses": -15011550, "calculatedOperatingExpenses": -12779068, "calculatedNetInterest": -13775727, "calculatedOtherIncome": 13775727, "calculatedIncomeNonControlling": 14810811, "calculatedEbitda": -70968527}, {"date": "2015-03-31", "symbol": "OXLCM", "reportedCurrency": "USD", "cik": "0001495222", "fillingDate": "2015-03-31", "acceptedDate": "2015-03-30 20:00:00", "calendarYear": "2014", "period": "FY", "revenue": 5948822, "costOfRevenue": 0, "grossProfit": 5948822, "grossProfitRatio": 1, "researchAndDevelopmentExpenses": 0, "generalAndAdministrativeExpenses": 2508365, "sellingAndMarketingExpenses": 0, "sellingGeneralAndAdministrativeExpenses": 2508365, "otherExpenses": 109106, "operatingExpenses": 2617471, "costAndExpenses": 2617471, "interestIncome": 1450991, "interestExpense": 10659152, "depreciationAndAmortization": 10659152, "ebitda": 13990503, "ebitdaratio": 2.351810661, "operatingIncome": 3331351, "operatingIncomeRatio": 0.5600017953, "totalOtherIncomeExpensesNet": 0, "incomeBeforeTax": 3331351, "incomeBeforeTaxRatio": 0.5600017953, "incomeTaxExpense": 0, "netIncome": 3331351, "netIncomeRatio": 0.5600017953, "eps": 0.23, "epsdiluted": 0.23, "weightedAverageShsOut": 14484135, "weightedAverageShsOutDil": 14484135, "link": "", "finalLink": "", "calculatedOtherExpenses": 109106, "calculatedOperatingExpenses": 2617471, "calculatedNetInterest": -9208161, "calculatedOtherIncome": 9208161, "calculatedIncomeNonControlling": 0, "calculatedEbitda": 13990503}, {"date": "2014-03-31", "symbol": "OXLCM", "reportedCurrency": "USD", "cik": "0001495222", "fillingDate": "2014-03-31", "acceptedDate": "2014-03-30 20:00:00", "calendarYear": "2013", "period": "FY", "revenue": 25254993, "costOfRevenue": 0, "grossProfit": 25254993, "grossProfitRatio": 1, "researchAndDevelopmentExpenses": 0, "generalAndAdministrativeExpenses": 2523863, "sellingAndMarketingExpenses": 0, "sellingGeneralAndAdministrativeExpenses": 2523863, "otherExpenses": 69762, "operatingExpenses": 2593625, "costAndExpenses": 2593625, "interestIncome": 23006599, "interestExpense": 4501196, "depreciationAndAmortization": 4501196, "ebitda": 27162564, "ebitdaratio": 1.0755324304, "operatingIncome": 22661368, "operatingIncomeRatio": 0.8973024859, "totalOtherIncomeExpensesNet": 0, "incomeBeforeTax": 22661368, "incomeBeforeTaxRatio": 0.8973024859, "incomeTaxExpense": 0, "netIncome": 22661368, "netIncomeRatio": 0.8973024859, "eps": 1.49, "epsdiluted": 1.49, "weightedAverageShsOut": 15240729, "weightedAverageShsOutDil": 15240729, "link": "", "finalLink": "", "calculatedOtherExpenses": 69762, "calculatedOperatingExpenses": 2593625, "calculatedNetInterest": 18505403, "calculatedOtherIncome": -18505403, "calculatedIncomeNonControlling": 0, "calculatedEbitda": 27162564}, {"date": "2013-03-31", "symbol": "OXLCM", "reportedCurrency": "USD", "cik": "0001495222", "fillingDate": "2013-03-31", "acceptedDate": "2013-03-30 20:00:00", "calendarYear": "2012", "period": "FY", "revenue": 11600000, "costOfRevenue": 3870000, "grossProfit": 7730000, "grossProfitRatio": 0.6663793103, "researchAndDevelopmentExpenses": 0, "generalAndAdministrativeExpenses": 1800000, "sellingAndMarketingExpenses": 0, "sellingGeneralAndAdministrativeExpenses": 1800000, "otherExpenses": -2.3283064365386963e-10, "operatingExpenses": 1799999, "costAndExpenses": 5670000, "interestIncome": 0, "interestExpense": 18390000, "depreciationAndAmortization": 36780000, "ebitda": 42700000, "ebitdaratio": 3.6810344828, "operatingIncome": 5920000, "operatingIncomeRatio": 0.5103448276, "totalOtherIncomeExpensesNet": 18390000, "incomeBeforeTax": 24310000, "incomeBeforeTaxRatio": 2.0956896552, "incomeTaxExpense": 0, "netIncome": 24310000, "netIncomeRatio": 2.0956896552, "eps": 1.55, "epsdiluted": 1.55, "weightedAverageShsOut": 15700000, "weightedAverageShsOutDil": 15700000, "link": "", "finalLink": "", "calculatedOtherExpenses": 10000, "calculatedOperatingExpenses": 1810000, "calculatedNetInterest": -18390000, "calculatedOtherIncome": 36780000, "calculatedIncomeNonControlling": 0, "calculatedEbitda": 42700000}, {"date": "2012-03-31", "symbol": "OXLCM", "reportedCurrency": "USD", "cik": "0001495222", "fillingDate": "2012-03-31", "acceptedDate": "2012-03-30 20:00:00", "calendarYear": "2011", "period": "FY", "revenue": 5010000, "costOfRevenue": 1210000, "grossProfit": 3800000, "grossProfitRatio": 0.7584830339, "researchAndDevelopmentExpenses": 0, "generalAndAdministrativeExpenses": 1170000, "sellingAndMarketingExpenses": 0, "sellingGeneralAndAdministrativeExpenses": 1170000, "otherExpenses": 0, "operatingExpenses": 1170000, "costAndExpenses": 2380000, "interestIncome": 0, "interestExpense": 1790000, "depreciationAndAmortization": 3580000, "ebitda": 6210000, "ebitdaratio": 1.2395209581, "operatingIncome": 2630000, "operatingIncomeRatio": 0.5249500998, "totalOtherIncomeExpensesNet": 1790000, "incomeBeforeTax": 4420000, "incomeBeforeTaxRatio": 0.8822355289, "incomeTaxExpense": 0, "netIncome": 4420000, "netIncomeRatio": 0.8822355289, "eps": 0.28, "epsdiluted": 0.28, "weightedAverageShsOut": 15700000, "weightedAverageShsOutDil": 15700000, "link": "", "finalLink": "", "calculatedOtherExpenses": 0, "calculatedOperatingExpenses": 1170000, "calculatedNetInterest": -1790000, "calculatedOtherIncome": 3580000, "calculatedIncomeNonControlling": 0, "calculatedEbitda": 6210000}, {"date": "2011-03-31", "symbol": "OXLCM", "reportedCurrency": "USD", "cik": "0001495222", "fillingDate": "2011-03-31", "acceptedDate": "2011-03-30 20:00:00", "calendarYear": "2010", "period": "FY", "revenue": 520000, "costOfRevenue": 140000, "grossProfit": 380000, "grossProfitRatio": 0.7307692308, "researchAndDevelopmentExpenses": 0, "generalAndAdministrativeExpenses": 260000, "sellingAndMarketingExpenses": 0, "sellingGeneralAndAdministrativeExpenses": 260000, "otherExpenses": -10000, "operatingExpenses": 250000, "costAndExpenses": 390000, "interestIncome": 0, "interestExpense": -40000, "depreciationAndAmortization": -80000, "ebitda": 40000, "ebitdaratio": 0.0769230769, "operatingIncome": 120000, "operatingIncomeRatio": 0.2307692308, "totalOtherIncomeExpensesNet": -40000, "incomeBeforeTax": 80000, "incomeBeforeTaxRatio": 0.1538461538, "incomeTaxExpense": 0, "netIncome": 80000, "netIncomeRatio": 0.1538461538, "eps": 0.0051, "epsdiluted": 0.0051, "weightedAverageShsOut": 15700000, "weightedAverageShsOutDil": 15700000, "link": "", "finalLink": "", "calculatedOtherExpenses": 0, "calculatedOperatingExpenses": 260000, "calculatedNetInterest": 40000, "calculatedOtherIncome": -80000, "calculatedIncomeNonControlling": 0, "calculatedEbitda": 40000}]}