{"originalCurrency": "USD", "convertedCurrency": "USD", "report": [{"date": "2023-12-31", "symbol": "OXY", "reportedCurrency": "USD", "cik": "0000797468", "fillingDate": "2024-02-14", "acceptedDate": "2024-02-14 16:23:10", "calendarYear": "2023", "period": "FY", "revenue": 28257000000, "costOfRevenue": 18148000000, "grossProfit": 10109000000, "grossProfitRatio": 0.3577520614, "researchAndDevelopmentExpenses": 0, "generalAndAdministrativeExpenses": 0, "sellingAndMarketingExpenses": 0, "sellingGeneralAndAdministrativeExpenses": 1083000000, "otherExpenses": 3594000000, "operatingExpenses": 3695000000, "costAndExpenses": 21843000000, "interestIncome": 139000000, "interestExpense": 945000000, "depreciationAndAmortization": 6865000000, "ebitda": 13952000000, "ebitdaratio": 0.4937537601, "operatingIncome": 4696000000, "operatingIncomeRatio": 0.1661889089, "totalOtherIncomeExpensesNet": 821000000, "incomeBeforeTax": 6429000000, "incomeBeforeTaxRatio": 0.2275188449, "incomeTaxExpense": 1733000000, "netIncome": 3750000000, "netIncomeRatio": 0.1327104788, "eps": 4.22, "epsdiluted": 3.9, "weightedAverageShsOut": 889200000, "weightedAverageShsOutDil": 960900000, "link": "https://www.sec.gov/Archives/edgar/data/797468/000079746824000034/0000797468-24-000034-index.htm", "finalLink": "https://www.sec.gov/Archives/edgar/data/797468/000079746824000034/oxy-20231231.htm", "calculatedOtherExpenses": 4330000000, "calculatedOperatingExpenses": 5413000000, "calculatedNetInterest": -806000000, "calculatedOtherIncome": 2539000000, "calculatedIncomeNonControlling": 946000000, "calculatedEbitda": 11561000000}, {"date": "2022-12-31", "symbol": "OXY", "reportedCurrency": "USD", "cik": "0000797468", "fillingDate": "2023-02-27", "acceptedDate": "2023-02-27 16:52:27", "calendarYear": "2022", "period": "FY", "revenue": 36634000000, "costOfRevenue": 18989000000, "grossProfit": 17645000000, "grossProfitRatio": 0.4816563848, "researchAndDevelopmentExpenses": 0, "generalAndAdministrativeExpenses": 0, "sellingAndMarketingExpenses": 0, "sellingGeneralAndAdministrativeExpenses": 945000000, "otherExpenses": 3035000000, "operatingExpenses": 3980000000, "costAndExpenses": 22969000000, "interestIncome": 153000000, "interestExpense": 1030000000, "depreciationAndAmortization": 6926000000, "ebitda": 21537000000, "ebitdaratio": 0.5878964896, "operatingIncome": 14611000000, "operatingIncomeRatio": 0.3988371458, "totalOtherIncomeExpensesNet": -494000000, "incomeBeforeTax": 14117000000, "incomeBeforeTaxRatio": 0.3853524049, "incomeTaxExpense": 813000000, "netIncome": 12421000000, "netIncomeRatio": 0.3390566141, "eps": 13.41, "epsdiluted": 12.4, "weightedAverageShsOut": 926200000, "weightedAverageShsOutDil": 1002000000, "link": "https://www.sec.gov/Archives/edgar/data/797468/000079746823000011/0000797468-23-000011-index.htm", "finalLink": "https://www.sec.gov/Archives/edgar/data/797468/000079746823000011/oxy-20221231.htm", "calculatedOtherExpenses": 2089000000, "calculatedOperatingExpenses": 3034000000, "calculatedNetInterest": -877000000, "calculatedOtherIncome": 383000000, "calculatedIncomeNonControlling": 883000000, "calculatedEbitda": 21537000000}, {"date": "2021-12-31", "symbol": "OXY", "reportedCurrency": "USD", "cik": "0000797468", "fillingDate": "2022-02-24", "acceptedDate": "2022-02-24 16:21:50", "calendarYear": "2021", "period": "FY", "revenue": 25956000000, "costOfRevenue": 18106000000, "grossProfit": 7850000000, "grossProfitRatio": 0.3024348898, "researchAndDevelopmentExpenses": 0, "generalAndAdministrativeExpenses": 0, "sellingAndMarketingExpenses": 0, "sellingGeneralAndAdministrativeExpenses": 863000000, "otherExpenses": 2322000000, "operatingExpenses": 3185000000, "costAndExpenses": 21291000000, "interestIncome": 166000000, "interestExpense": 1614000000, "depreciationAndAmortization": 8447000000, "ebitda": 13909000000, "ebitdaratio": 0.5358683927, "operatingIncome": 5462000000, "operatingIncomeRatio": 0.2104330405, "totalOtherIncomeExpensesNet": -1757000000, "incomeBeforeTax": 3705000000, "incomeBeforeTaxRatio": 0.1427415626, "incomeTaxExpense": 915000000, "netIncome": 2322000000, "netIncomeRatio": 0.0894590846, "eps": 2.48, "epsdiluted": 2.42, "weightedAverageShsOut": 935000000, "weightedAverageShsOutDil": 958800000, "link": "https://www.sec.gov/Archives/edgar/data/797468/000079746822000008/0000797468-22-000008-index.htm", "finalLink": "https://www.sec.gov/Archives/edgar/data/797468/000079746822000008/oxy-20211231.htm", "calculatedOtherExpenses": 1525000000, "calculatedOperatingExpenses": 2388000000, "calculatedNetInterest": -1448000000, "calculatedOtherIncome": -309000000, "calculatedIncomeNonControlling": 468000000, "calculatedEbitda": 13909000000}, {"date": "2020-12-31", "symbol": "OXY", "reportedCurrency": "USD", "cik": "0000797468", "fillingDate": "2021-02-26", "acceptedDate": "2021-02-26 16:20:04", "calendarYear": "2020", "period": "FY", "revenue": 17809000000, "costOfRevenue": 16565000000, "grossProfit": 1244000000, "grossProfitRatio": 0.0698523219, "researchAndDevelopmentExpenses": 0, "generalAndAdministrativeExpenses": 0, "sellingAndMarketingExpenses": 0, "sellingGeneralAndAdministrativeExpenses": 864000000, "otherExpenses": 1638000000, "operatingExpenses": 2502000000, "costAndExpenses": 19067000000, "interestIncome": 118000000, "interestExpense": 1424000000, "depreciationAndAmortization": 8097000000, "ebitda": 7327000000, "ebitdaratio": 0.4114211915, "operatingIncome": -770000000, "operatingIncomeRatio": -0.0432365658, "totalOtherIncomeExpensesNet": -14935000000, "incomeBeforeTax": -15705000000, "incomeBeforeTaxRatio": -0.8818574878, "incomeTaxExpense": -2172000000, "netIncome": -13533000000, "netIncomeRatio": -0.7598966815, "eps": -14.73, "epsdiluted": -14.73, "weightedAverageShsOut": 918700000, "weightedAverageShsOutDil": 918700000, "link": "https://www.sec.gov/Archives/edgar/data/797468/000079746821000009/0000797468-21-000009-index.htm", "finalLink": "https://www.sec.gov/Archives/edgar/data/797468/000079746821000009/oxy-20201231.htm", "calculatedOtherExpenses": 1150000000, "calculatedOperatingExpenses": 2014000000, "calculatedNetInterest": -1306000000, "calculatedOtherIncome": -13629000000, "calculatedIncomeNonControlling": 0, "calculatedEbitda": 7327000000}, {"date": "2019-12-31", "symbol": "OXY", "reportedCurrency": "USD", "cik": "0000797468", "fillingDate": "2020-02-28", "acceptedDate": "2020-02-27 21:59:03", "calendarYear": "2019", "period": "FY", "revenue": 20393000000, "costOfRevenue": 14318000000, "grossProfit": 6075000000, "grossProfitRatio": 0.297896337, "researchAndDevelopmentExpenses": 0, "generalAndAdministrativeExpenses": 0, "sellingAndMarketingExpenses": 0, "sellingGeneralAndAdministrativeExpenses": 882000000, "otherExpenses": 2378000000, "operatingExpenses": 3260000000, "costAndExpenses": 17578000000, "interestIncome": 217000000, "interestExpense": 1066000000, "depreciationAndAmortization": 5981000000, "ebitda": 9386000000, "ebitdaratio": 0.4602559702, "operatingIncome": 3405000000, "operatingIncomeRatio": 0.166969058, "totalOtherIncomeExpensesNet": -3219000000, "incomeBeforeTax": 186000000, "incomeBeforeTaxRatio": 0.0091207767, "incomeTaxExpense": 693000000, "netIncome": -507000000, "netIncomeRatio": -0.0248614721, "eps": -0.63, "epsdiluted": -0.63, "weightedAverageShsOut": 809500000, "weightedAverageShsOutDil": 809500000, "link": "https://www.sec.gov/Archives/edgar/data/797468/000079746820000004/0000797468-20-000004-index.htm", "finalLink": "https://www.sec.gov/Archives/edgar/data/797468/000079746820000004/oxy10k12-31x2019.htm", "calculatedOtherExpenses": 1788000000, "calculatedOperatingExpenses": 2670000000, "calculatedNetInterest": -849000000, "calculatedOtherIncome": -2370000000, "calculatedIncomeNonControlling": 0, "calculatedEbitda": 9386000000}, {"date": "2018-12-31", "symbol": "OXY", "reportedCurrency": "USD", "cik": "0000797468", "fillingDate": "2019-02-21", "acceptedDate": "2019-02-21 17:29:15", "calendarYear": "2018", "period": "FY", "revenue": 17824000000, "costOfRevenue": 10545000000, "grossProfit": 7279000000, "grossProfitRatio": 0.4083819569, "researchAndDevelopmentExpenses": 0, "generalAndAdministrativeExpenses": 0, "sellingAndMarketingExpenses": 0, "sellingGeneralAndAdministrativeExpenses": 1613000000, "otherExpenses": 549000000, "operatingExpenses": 2162000000, "costAndExpenses": 12707000000, "interestIncome": 136000000, "interestExpense": 389000000, "depreciationAndAmortization": 3977000000, "ebitda": 9230000000, "ebitdaratio": 0.5178411131, "operatingIncome": 5997000000, "operatingIncomeRatio": 0.3364564632, "totalOtherIncomeExpensesNet": 413000000, "incomeBeforeTax": 5277000000, "incomeBeforeTaxRatio": 0.2960614901, "incomeTaxExpense": 1477000000, "netIncome": 4131000000, "netIncomeRatio": 0.231766158, "eps": 5.42, "epsdiluted": 5.41, "weightedAverageShsOut": 761700000, "weightedAverageShsOutDil": 763300000, "link": "https://www.sec.gov/Archives/edgar/data/797468/000079746819000004/0000797468-19-000004-index.htm", "finalLink": "https://www.sec.gov/Archives/edgar/data/797468/000079746819000004/oxy10k12-31x2018.htm", "calculatedOtherExpenses": -331000000, "calculatedOperatingExpenses": 1282000000, "calculatedNetInterest": -253000000, "calculatedOtherIncome": -467000000, "calculatedIncomeNonControlling": -331000000, "calculatedEbitda": 9974000000}, {"date": "2017-12-31", "symbol": "OXY", "reportedCurrency": "USD", "cik": "0000797468", "fillingDate": "2018-02-23", "acceptedDate": "2018-02-23 17:19:51", "calendarYear": "2017", "period": "FY", "revenue": 12508000000, "costOfRevenue": 9596000000, "grossProfit": 2912000000, "grossProfitRatio": 0.232811001, "researchAndDevelopmentExpenses": 0, "generalAndAdministrativeExpenses": 0, "sellingAndMarketingExpenses": 0, "sellingGeneralAndAdministrativeExpenses": 1424000000, "otherExpenses": 393000000, "operatingExpenses": 1817000000, "costAndExpenses": 11413000000, "interestIncome": 99000000, "interestExpense": 345000000, "depreciationAndAmortization": 4002000000, "ebitda": 5196000000, "ebitdaratio": 0.415414135, "operatingIncome": 1673000000, "operatingIncomeRatio": 0.1337543972, "totalOtherIncomeExpensesNet": 122000000, "incomeBeforeTax": 971000000, "incomeBeforeTaxRatio": 0.0776303166, "incomeTaxExpense": 17000000, "netIncome": 1311000000, "netIncomeRatio": 0.1048129197, "eps": 1.71, "epsdiluted": 1.7, "weightedAverageShsOut": 765100000, "weightedAverageShsOutDil": 765900000, "link": "https://www.sec.gov/Archives/edgar/data/797468/000079746818000005/0000797468-18-000005-index.htm", "finalLink": "https://www.sec.gov/Archives/edgar/data/797468/000079746818000005/oxy10k12-31x2017.htm", "calculatedOtherExpenses": -185000000, "calculatedOperatingExpenses": 1239000000, "calculatedNetInterest": -246000000, "calculatedOtherIncome": -456000000, "calculatedIncomeNonControlling": -357000000, "calculatedEbitda": 5675000000}, {"date": "2016-12-31", "symbol": "OXY", "reportedCurrency": "USD", "cik": "0000797468", "fillingDate": "2017-02-23", "acceptedDate": "2017-02-23 09:54:15", "calendarYear": "2016", "period": "FY", "revenue": 10090000000, "costOfRevenue": 9457000000, "grossProfit": 633000000, "grossProfitRatio": 0.0627353816, "researchAndDevelopmentExpenses": 0, "generalAndAdministrativeExpenses": 0, "sellingAndMarketingExpenses": 0, "sellingGeneralAndAdministrativeExpenses": 1330000000, "otherExpenses": 339000000, "operatingExpenses": 1669000000, "costAndExpenses": 11126000000, "interestIncome": 106000000, "interestExpense": 292000000, "depreciationAndAmortization": 4268000000, "ebitda": 3338000000, "ebitdaratio": 0.3308225966, "operatingIncome": -944000000, "operatingIncomeRatio": -0.0935579782, "totalOtherIncomeExpensesNet": -623000000, "incomeBeforeTax": -1845000000, "incomeBeforeTaxRatio": -0.1828543112, "incomeTaxExpense": -662000000, "netIncome": -574000000, "netIncomeRatio": -0.0568880079, "eps": -0.75, "epsdiluted": -0.75, "weightedAverageShsOut": 763800000, "weightedAverageShsOutDil": 763800000, "link": "https://www.sec.gov/Archives/edgar/data/797468/000079746817000003/0000797468-17-000003-index.htm", "finalLink": "https://www.sec.gov/Archives/edgar/data/797468/000079746817000003/oxy10k12-31x2016.htm", "calculatedOtherExpenses": 247000000, "calculatedOperatingExpenses": 1577000000, "calculatedNetInterest": -186000000, "calculatedOtherIncome": -715000000, "calculatedIncomeNonControlling": -609000000, "calculatedEbitda": 3324000000}, {"date": "2015-12-31", "symbol": "OXY", "reportedCurrency": "USD", "cik": "0000797468", "fillingDate": "2016-02-26", "acceptedDate": "2016-02-26 12:08:12", "calendarYear": "2015", "period": "FY", "revenue": 12480000000, "costOfRevenue": 10348000000, "grossProfit": 2132000000, "grossProfitRatio": 0.1708333333, "researchAndDevelopmentExpenses": 0, "generalAndAdministrativeExpenses": 0, "sellingAndMarketingExpenses": 0, "sellingGeneralAndAdministrativeExpenses": 1270000000, "otherExpenses": 379000000, "operatingExpenses": 1649000000, "costAndExpenses": 11997000000, "interestIncome": 118000000, "interestExpense": 147000000, "depreciationAndAmortization": 4544000000, "ebitda": 5145000000, "ebitdaratio": 0.4122596154, "operatingIncome": -9012000000, "operatingIncomeRatio": -0.7221153846, "totalOtherIncomeExpensesNet": -10138000000, "incomeBeforeTax": -9684000000, "incomeBeforeTaxRatio": -0.7759615385, "incomeTaxExpense": -1330000000, "netIncome": -7829000000, "netIncomeRatio": -0.6273237179, "eps": -10.23, "epsdiluted": -10.23, "weightedAverageShsOut": 765600000, "weightedAverageShsOutDil": 765600000, "link": "https://www.sec.gov/Archives/edgar/data/797468/000079746816000017/0000797468-16-000017-index.htm", "finalLink": "https://www.sec.gov/Archives/edgar/data/797468/000079746816000017/oxy10k12-31x2015.htm", "calculatedOtherExpenses": 9874000000, "calculatedOperatingExpenses": 11144000000, "calculatedNetInterest": -29000000, "calculatedOtherIncome": -643000000, "calculatedIncomeNonControlling": -525000000, "calculatedEbitda": -4468000000}, {"date": "2014-12-31", "symbol": "OXY", "reportedCurrency": "USD", "cik": "0000797468", "fillingDate": "2015-02-23", "acceptedDate": "2015-02-23 16:23:58", "calendarYear": "2014", "period": "FY", "revenue": 19312000000, "costOfRevenue": 11064000000, "grossProfit": 8248000000, "grossProfitRatio": 0.4270919635, "researchAndDevelopmentExpenses": 0, "generalAndAdministrativeExpenses": 0, "sellingAndMarketingExpenses": 0, "sellingGeneralAndAdministrativeExpenses": 1503000000, "otherExpenses": 700000000, "operatingExpenses": 2203000000, "costAndExpenses": 13267000000, "interestIncome": 130000000, "interestExpense": 77000000, "depreciationAndAmortization": 4261000000, "ebitda": 10436000000, "ebitdaratio": 0.5403893952, "operatingIncome": 2378000000, "operatingIncomeRatio": 0.1231358741, "totalOtherIncomeExpensesNet": -4874000000, "incomeBeforeTax": 1224000000, "incomeBeforeTaxRatio": 0.0633802817, "incomeTaxExpense": 1685000000, "netIncome": 616000000, "netIncomeRatio": 0.0318972659, "eps": 0.79, "epsdiluted": 0.79, "weightedAverageShsOut": 781100000, "weightedAverageShsOutDil": 781100000, "link": "https://www.sec.gov/Archives/edgar/data/797468/000079746815000003/0000797468-15-000003-index.htm", "finalLink": "https://www.sec.gov/Archives/edgar/data/797468/000079746815000003/oxy10k12-31x2014.htm", "calculatedOtherExpenses": 4367000000, "calculatedOperatingExpenses": 5870000000, "calculatedNetInterest": 53000000, "calculatedOtherIncome": -1207000000, "calculatedIncomeNonControlling": -1077000000, "calculatedEbitda": 6639000000}, {"date": "2013-12-31", "symbol": "OXY", "reportedCurrency": "USD", "cik": "0000797468", "fillingDate": "2014-03-03", "acceptedDate": "2014-03-03 14:00:57", "calendarYear": "2013", "period": "FY", "revenue": 24455000000, "costOfRevenue": 12909000000, "grossProfit": 11546000000, "grossProfitRatio": 0.4721324882, "researchAndDevelopmentExpenses": 0, "generalAndAdministrativeExpenses": 0, "sellingAndMarketingExpenses": 0, "sellingGeneralAndAdministrativeExpenses": 1801000000, "otherExpenses": -423000000, "operatingExpenses": 2806000000, "costAndExpenses": 15715000000, "interestIncome": 106000000, "interestExpense": 110000000, "depreciationAndAmortization": 5347000000, "ebitda": 9768000000, "ebitdaratio": 0.3994275199, "operatingIncome": 9776000000, "operatingIncomeRatio": 0.3997546514, "totalOtherIncomeExpensesNet": 554000000, "incomeBeforeTax": 9658000000, "incomeBeforeTaxRatio": 0.3949294623, "incomeTaxExpense": 3755000000, "netIncome": 5903000000, "netIncomeRatio": 0.2413821304, "eps": 7.33, "epsdiluted": 7.32, "weightedAverageShsOut": 804100000, "weightedAverageShsOutDil": 804600000, "link": "https://www.sec.gov/Archives/edgar/data/797468/000079746814000011/0000797468-14-000011-index.htm", "finalLink": "https://www.sec.gov/Archives/edgar/data/797468/000079746814000011/oxy10k12-31x2013.htm", "calculatedOtherExpenses": -31000000, "calculatedOperatingExpenses": 1770000000, "calculatedNetInterest": -4000000, "calculatedOtherIncome": -114000000, "calculatedIncomeNonControlling": 0, "calculatedEbitda": 15123000000}, {"date": "2012-12-31", "symbol": "OXY", "reportedCurrency": "USD", "cik": "0000797468", "fillingDate": "2013-02-26", "acceptedDate": "2013-02-26 14:26:18", "calendarYear": "2012", "period": "FY", "revenue": 24172000000, "costOfRevenue": 12355000000, "grossProfit": 11817000000, "grossProfitRatio": 0.4888714215, "researchAndDevelopmentExpenses": 0, "generalAndAdministrativeExpenses": 0, "sellingAndMarketingExpenses": 0, "sellingGeneralAndAdministrativeExpenses": 1602000000, "otherExpenses": 1025000000, "operatingExpenses": 2627000000, "costAndExpenses": 14982000000, "interestIncome": 81000000, "interestExpense": 117000000, "depreciationAndAmortization": 4511000000, "ebitda": 7833000000, "ebitdaratio": 0.3240526229, "operatingIncome": 7846000000, "operatingIncomeRatio": 0.3245904352, "totalOtherIncomeExpensesNet": -1751000000, "incomeBeforeTax": 7716000000, "incomeBeforeTaxRatio": 0.3192123118, "incomeTaxExpense": 3118000000, "netIncome": 4598000000, "netIncomeRatio": 0.1902200894, "eps": 5.67, "epsdiluted": 5.67, "weightedAverageShsOut": 809300000, "weightedAverageShsOutDil": 810000000, "link": "https://www.sec.gov/Archives/edgar/data/797468/000079746813000011/0000797468-13-000011-index.htm", "finalLink": "https://www.sec.gov/Archives/edgar/data/797468/000079746813000011/oxy10k12-31x2012.htm", "calculatedOtherExpenses": 2369000000, "calculatedOperatingExpenses": 3971000000, "calculatedNetInterest": -36000000, "calculatedOtherIncome": -94000000, "calculatedIncomeNonControlling": 0, "calculatedEbitda": 12357000000}, {"date": "2011-12-31", "symbol": "OXY", "reportedCurrency": "USD", "cik": "0000797468", "fillingDate": "2012-02-23", "acceptedDate": "2012-02-23 13:40:17", "calendarYear": "2011", "period": "FY", "revenue": 23954000000, "costOfRevenue": 7385000000, "grossProfit": 16569000000, "grossProfitRatio": 0.6917007598, "researchAndDevelopmentExpenses": 0, "generalAndAdministrativeExpenses": 0, "sellingAndMarketingExpenses": 0, "sellingGeneralAndAdministrativeExpenses": 1523000000, "otherExpenses": 4454000000, "operatingExpenses": 5977000000, "costAndExpenses": 13362000000, "interestIncome": 165000000, "interestExpense": 298000000, "depreciationAndAmortization": 3591000000, "ebitda": 14348000000, "ebitdaratio": 0.598981381, "operatingIncome": 11270000000, "operatingIncomeRatio": 0.4704850964, "totalOtherIncomeExpensesNet": -811000000, "incomeBeforeTax": 10459000000, "incomeBeforeTaxRatio": 0.436628538, "incomeTaxExpense": 4201000000, "netIncome": 6771000000, "netIncomeRatio": 0.282666778, "eps": 8.32, "epsdiluted": 8.32, "weightedAverageShsOut": 812100000, "weightedAverageShsOutDil": 812900000, "link": "https://www.sec.gov/Archives/edgar/data/797468/000079746812000016/0000797468-12-000016-index.htm", "finalLink": "https://www.sec.gov/Archives/edgar/data/797468/000079746812000016/form10k-2011.htm", "calculatedOtherExpenses": 3776000000, "calculatedOperatingExpenses": 5299000000, "calculatedNetInterest": -133000000, "calculatedOtherIncome": -678000000, "calculatedIncomeNonControlling": -513000000, "calculatedEbitda": 14861000000}, {"date": "2010-12-31", "symbol": "OXY", "reportedCurrency": "USD", "cik": "0000797468", "fillingDate": "2011-02-24", "acceptedDate": "2011-02-24 13:52:43", "calendarYear": "2010", "period": "FY", "revenue": 19157000000, "costOfRevenue": 6374000000, "grossProfit": 12783000000, "grossProfitRatio": 0.6672756695, "researchAndDevelopmentExpenses": 0, "generalAndAdministrativeExpenses": 0, "sellingAndMarketingExpenses": 0, "sellingGeneralAndAdministrativeExpenses": 1396000000, "otherExpenses": 3637000000, "operatingExpenses": 5033000000, "costAndExpenses": 11407000000, "interestIncome": 0, "interestExpense": 116000000, "depreciationAndAmortization": 3153000000, "ebitda": 10903000000, "ebitdaratio": 0.569139218, "operatingIncome": 7641000000, "operatingIncomeRatio": 0.3988620348, "totalOtherIncomeExpensesNet": -275000000, "incomeBeforeTax": 7359000000, "incomeBeforeTaxRatio": 0.3841415671, "incomeTaxExpense": 2995000000, "netIncome": 4530000000, "netIncomeRatio": 0.2364670877, "eps": 5.57, "epsdiluted": 5.56, "weightedAverageShsOut": 812500000, "weightedAverageShsOutDil": 813800000, "link": "https://www.sec.gov/Archives/edgar/data/797468/000079746811000026/0000797468-11-000026-index.htm", "finalLink": "https://www.sec.gov/Archives/edgar/data/797468/000079746811000026/form10k-2010.htm", "calculatedOtherExpenses": 3746000000, "calculatedOperatingExpenses": 5142000000, "calculatedNetInterest": -116000000, "calculatedOtherIncome": -166000000, "calculatedIncomeNonControlling": -166000000, "calculatedEbitda": 10794000000}, {"date": "2009-12-31", "symbol": "OXY", "reportedCurrency": "USD", "cik": "0000797468", "fillingDate": "2010-02-25", "acceptedDate": "2010-02-25 14:53:37", "calendarYear": "2009", "period": "FY", "revenue": 15531000000, "costOfRevenue": 5627000000, "grossProfit": 9904000000, "grossProfitRatio": 0.6376923572, "researchAndDevelopmentExpenses": 0, "generalAndAdministrativeExpenses": 0, "sellingAndMarketingExpenses": 0, "sellingGeneralAndAdministrativeExpenses": 1375000000, "otherExpenses": 3550000000, "operatingExpenses": 4925000000, "costAndExpenses": 10552000000, "interestIncome": 0, "interestExpense": 140000000, "depreciationAndAmortization": 3117000000, "ebitda": 8096000000, "ebitdaratio": 0.5212800206, "operatingIncome": 4973000000, "operatingIncomeRatio": 0.3201983131, "totalOtherIncomeExpensesNet": -170000000, "incomeBeforeTax": 4669000000, "incomeBeforeTaxRatio": 0.3006245573, "incomeTaxExpense": 1918000000, "netIncome": 2915000000, "netIncomeRatio": 0.1876891379, "eps": 3.59, "epsdiluted": 3.58, "weightedAverageShsOut": 811300000, "weightedAverageShsOutDil": 813800000, "link": "https://www.sec.gov/Archives/edgar/data/797468/000079746810000020/0000797468-10-000020-index.htm", "finalLink": "https://www.sec.gov/Archives/edgar/data/797468/000079746810000020/form10k-2009.htm", "calculatedOtherExpenses": 3556000000, "calculatedOperatingExpenses": 4931000000, "calculatedNetInterest": -140000000, "calculatedOtherIncome": -164000000, "calculatedIncomeNonControlling": -164000000, "calculatedEbitda": 8090000000}, {"date": "2008-12-31", "symbol": "OXY", "reportedCurrency": "USD", "cik": "0000797468", "fillingDate": "2009-02-24", "acceptedDate": "2009-02-24 14:29:18", "calendarYear": "2008", "period": "FY", "revenue": 24480000000, "costOfRevenue": 7750000000, "grossProfit": 16730000000, "grossProfitRatio": 0.6834150327, "researchAndDevelopmentExpenses": 0, "generalAndAdministrativeExpenses": 0, "sellingAndMarketingExpenses": 0, "sellingGeneralAndAdministrativeExpenses": 1285000000, "otherExpenses": 3401000000, "operatingExpenses": 4686000000, "costAndExpenses": 12436000000, "interestIncome": 0, "interestExpense": 26000000, "depreciationAndAmortization": 2710000000, "ebitda": 14754000000, "ebitdaratio": 0.6026960784, "operatingIncome": 11512000000, "operatingIncomeRatio": 0.4702614379, "totalOtherIncomeExpensesNet": -647000000, "incomeBeforeTax": 11371000000, "incomeBeforeTaxRatio": 0.464501634, "incomeTaxExpense": 4629000000, "netIncome": 6857000000, "netIncomeRatio": 0.2801062092, "eps": 8.37, "epsdiluted": 8.34, "weightedAverageShsOut": 817600000, "weightedAverageShsOutDil": 820500000, "link": "https://www.sec.gov/Archives/edgar/data/797468/000079746809000015/0000797468-09-000015-index.htm", "finalLink": "https://www.sec.gov/Archives/edgar/data/797468/000079746809000015/form10k-2008.htm", "calculatedOtherExpenses": 3933000000, "calculatedOperatingExpenses": 5218000000, "calculatedNetInterest": -26000000, "calculatedOtherIncome": -115000000, "calculatedIncomeNonControlling": -115000000, "calculatedEbitda": 14222000000}, {"date": "2007-12-31", "symbol": "OXY", "reportedCurrency": "USD", "cik": "0000797468", "fillingDate": "2008-02-22", "acceptedDate": "2008-02-22 14:14:36", "calendarYear": "2007", "period": "FY", "revenue": 20013000000, "costOfRevenue": 7049000000, "grossProfit": 12964000000, "grossProfitRatio": 0.6477789437, "researchAndDevelopmentExpenses": 0, "generalAndAdministrativeExpenses": 0, "sellingAndMarketingExpenses": 0, "sellingGeneralAndAdministrativeExpenses": 1668000000, "otherExpenses": 2379000000, "operatingExpenses": 4047000000, "costAndExpenses": 11096000000, "interestIncome": 0, "interestExpense": 0, "depreciationAndAmortization": 2379000000, "ebitda": 10422000000, "ebitdaratio": 0.520761505, "operatingIncome": 8907000000, "operatingIncomeRatio": 0.4450607105, "totalOtherIncomeExpensesNet": 956000000, "incomeBeforeTax": 8578000000, "incomeBeforeTaxRatio": 0.4286213961, "incomeTaxExpense": 3507000000, "netIncome": 5400000000, "netIncomeRatio": 0.269824614, "eps": 6.47, "epsdiluted": 6.44, "weightedAverageShsOut": 874000000, "weightedAverageShsOutDil": 874000000, "link": "https://www.sec.gov/Archives/edgar/data/797468/000079746808000026/0000797468-08-000026-index.htm", "finalLink": "https://www.sec.gov/Archives/edgar/data/797468/000079746808000026/form10k-2007.htm", "calculatedOtherExpenses": 2389000000, "calculatedOperatingExpenses": 4057000000, "calculatedNetInterest": 0, "calculatedOtherIncome": -329000000, "calculatedIncomeNonControlling": -329000000, "calculatedEbitda": 11286000000}, {"date": "2006-12-31", "symbol": "OXY", "reportedCurrency": "USD", "cik": "0000797468", "fillingDate": "2007-02-27", "acceptedDate": "2007-02-27 13:31:02", "calendarYear": "2006", "period": "FY", "revenue": 18160000000, "costOfRevenue": 6579000000, "grossProfit": 11581000000, "grossProfitRatio": 0.6377202643, "researchAndDevelopmentExpenses": 0, "generalAndAdministrativeExpenses": 0, "sellingAndMarketingExpenses": 0, "sellingGeneralAndAdministrativeExpenses": 1418000000, "otherExpenses": 2042000000, "operatingExpenses": 3460000000, "costAndExpenses": 10039000000, "interestIncome": 381000000, "interestExpense": 291000000, "depreciationAndAmortization": 2042000000, "ebitda": 10045000000, "ebitdaratio": 0.5531387665, "operatingIncome": 8121000000, "operatingIncomeRatio": 0.44719163, "totalOtherIncomeExpensesNet": 300000000, "incomeBeforeTax": 7830000000, "incomeBeforeTaxRatio": 0.4311674009, "incomeTaxExpense": 3466000000, "netIncome": 4182000000, "netIncomeRatio": 0.2302863436, "eps": 4.92, "epsdiluted": 4.87, "weightedAverageShsOut": 852600000, "weightedAverageShsOutDil": 860400000, "link": "https://www.sec.gov/Archives/edgar/data/797468/000079746807000027/0000797468-07-000027-index.htm", "finalLink": "https://www.sec.gov/Archives/edgar/data/797468/000079746807000027/form10k-2006.htm", "calculatedOtherExpenses": 2042000000, "calculatedOperatingExpenses": 3460000000, "calculatedNetInterest": 90000000, "calculatedOtherIncome": -381000000, "calculatedIncomeNonControlling": 182000000, "calculatedEbitda": 10163000000}, {"date": "2005-12-31", "symbol": "OXY", "reportedCurrency": "USD", "cik": "0000797468", "fillingDate": "2006-03-01", "acceptedDate": "2006-03-01 14:08:01", "calendarYear": "2005", "period": "FY", "revenue": 16259000000, "costOfRevenue": 5871000000, "grossProfit": 10388000000, "grossProfitRatio": 0.6389076819, "researchAndDevelopmentExpenses": 0, "generalAndAdministrativeExpenses": 0, "sellingAndMarketingExpenses": 0, "sellingGeneralAndAdministrativeExpenses": 1477000000, "otherExpenses": 1485000000, "operatingExpenses": 2962000000, "costAndExpenses": 8833000000, "interestIncome": 181000000, "interestExpense": 293000000, "depreciationAndAmortization": 1485000000, "ebitda": 8041000000, "ebitdaratio": 0.4945568608, "operatingIncome": 7426000000, "operatingIncomeRatio": 0.4567316563, "totalOtherIncomeExpensesNet": 1102000000, "incomeBeforeTax": 7133000000, "incomeBeforeTaxRatio": 0.4387108678, "incomeTaxExpense": 2020000000, "netIncome": 5281000000, "netIncomeRatio": 0.3248047235, "eps": 6.57, "epsdiluted": 6.48, "weightedAverageShsOut": 806600000, "weightedAverageShsOutDil": 818200000, "link": "https://www.sec.gov/Archives/edgar/data/797468/000079746806000031/0000797468-06-000031-index.htm", "finalLink": "https://www.sec.gov/Archives/edgar/data/797468/000079746806000031/form10k-2005.htm", "calculatedOtherExpenses": 1485000000, "calculatedOperatingExpenses": 2962000000, "calculatedNetInterest": -112000000, "calculatedOtherIncome": -181000000, "calculatedIncomeNonControlling": -168000000, "calculatedEbitda": 8911000000}, {"date": "2004-12-31", "symbol": "OXY", "reportedCurrency": "USD", "cik": "0000797468", "fillingDate": "2005-03-01", "acceptedDate": "2005-03-01 14:17:28", "calendarYear": "2004", "period": "FY", "revenue": 11368000000, "costOfRevenue": 4728000000, "grossProfit": 6640000000, "grossProfitRatio": 0.5840957072, "researchAndDevelopmentExpenses": 0, "generalAndAdministrativeExpenses": 0, "sellingAndMarketingExpenses": 0, "sellingGeneralAndAdministrativeExpenses": 1067000000, "otherExpenses": 1303000000, "operatingExpenses": 2370000000, "costAndExpenses": 7098000000, "interestIncome": 0, "interestExpense": 0, "depreciationAndAmortization": 1322000000, "ebitda": 5349000000, "ebitdaratio": 0.470531316, "operatingIncome": 4276000000, "operatingIncomeRatio": 0.3761435609, "totalOtherIncomeExpensesNet": 356000000, "incomeBeforeTax": 4155000000, "incomeBeforeTaxRatio": 0.3654996481, "incomeTaxExpense": 1708000000, "netIncome": 2568000000, "netIncomeRatio": 0.2258972555, "eps": 2.84, "epsdiluted": 2.8, "weightedAverageShsOut": 791200000, "weightedAverageShsOutDil": 802300000, "link": "https://www.sec.gov/Archives/edgar/data/797468/000079746805000041/0000797468-05-000041-index.htm", "finalLink": "https://www.sec.gov/Archives/edgar/data/797468/000079746805000041/form10k-20041231.txt", "calculatedOtherExpenses": 1297000000, "calculatedOperatingExpenses": 2364000000, "calculatedNetInterest": 0, "calculatedOtherIncome": -121000000, "calculatedIncomeNonControlling": -121000000, "calculatedEbitda": 5598000000}, {"date": "2003-12-31", "symbol": "OXY", "reportedCurrency": "USD", "cik": "0000797468", "fillingDate": "2004-03-01", "acceptedDate": "2004-03-01 15:41:49", "calendarYear": "2003", "period": "FY", "revenue": 9326000000, "costOfRevenue": 4127000000, "grossProfit": 5199000000, "grossProfitRatio": 0.5574737294, "researchAndDevelopmentExpenses": 0, "generalAndAdministrativeExpenses": 0, "sellingAndMarketingExpenses": 0, "sellingGeneralAndAdministrativeExpenses": 918000000, "otherExpenses": 1177000000, "operatingExpenses": 2095000000, "costAndExpenses": 6222000000, "interestIncome": 89000000, "interestExpense": 332000000, "depreciationAndAmortization": 1183000000, "ebitda": 4255000000, "ebitdaratio": 0.4562513403, "operatingIncome": 3104000000, "operatingIncomeRatio": 0.3328329402, "totalOtherIncomeExpensesNet": 23000000, "incomeBeforeTax": 2893000000, "incomeBeforeTaxRatio": 0.3102080206, "incomeTaxExpense": 1227000000, "netIncome": 1527000000, "netIncomeRatio": 0.1637357924, "eps": 2, "epsdiluted": 1.98, "weightedAverageShsOut": 763500000, "weightedAverageShsOutDil": 771212121, "link": "https://www.sec.gov/Archives/edgar/data/797468/000079746804000033/0000797468-04-000033-index.htm", "finalLink": "https://www.sec.gov/Archives/edgar/data/797468/000079746804000033/form10k-20031231.txt", "calculatedOtherExpenses": 1177000000, "calculatedOperatingExpenses": 2095000000, "calculatedNetInterest": -243000000, "calculatedOtherIncome": 32000000, "calculatedIncomeNonControlling": 139000000, "calculatedEbitda": 4287000000}, {"date": "2002-12-31", "symbol": "OXY", "reportedCurrency": "USD", "cik": "0000797468", "fillingDate": "2003-03-04", "acceptedDate": "2003-03-04 16:51:59", "calendarYear": "2002", "period": "FY", "revenue": 7338000000, "costOfRevenue": 3561000000, "grossProfit": 3777000000, "grossProfitRatio": 0.5147179068, "researchAndDevelopmentExpenses": 0, "generalAndAdministrativeExpenses": 0, "sellingAndMarketingExpenses": 0, "sellingGeneralAndAdministrativeExpenses": 700000000, "otherExpenses": 1012000000, "operatingExpenses": 1712000000, "costAndExpenses": 5273000000, "interestIncome": 0, "interestExpense": 0, "depreciationAndAmortization": 1019000000, "ebitda": 3074000000, "ebitdaratio": 0.4189152358, "operatingIncome": 1411000000, "operatingIncomeRatio": 0.1922867266, "totalOtherIncomeExpensesNet": -251000000, "incomeBeforeTax": 1585000000, "incomeBeforeTaxRatio": 0.2159989098, "incomeTaxExpense": 422000000, "netIncome": 989000000, "netIncomeRatio": 0.1347778686, "eps": 1.32, "epsdiluted": 1.31, "weightedAverageShsOut": 752091255, "weightedAverageShsOutDil": 757854406, "link": "https://www.sec.gov/Archives/edgar/data/797468/000079746803000111/0000797468-03-000111-index.htm", "finalLink": "https://www.sec.gov/Archives/edgar/data/797468/000079746803000111/form10k-20021231.txt", "calculatedOtherExpenses": 1666000000, "calculatedOperatingExpenses": 2366000000, "calculatedNetInterest": 0, "calculatedOtherIncome": 174000000, "calculatedIncomeNonControlling": 174000000, "calculatedEbitda": 2430000000}, {"date": "2001-12-31", "symbol": "OXY", "reportedCurrency": "USD", "cik": "0000797468", "fillingDate": "2002-03-13", "acceptedDate": "2002-03-13 00:00:00", "calendarYear": "2001", "period": "FY", "revenue": 13985000000, "costOfRevenue": 9672000000, "grossProfit": 4313000000, "grossProfitRatio": 0.3084018591, "researchAndDevelopmentExpenses": 0, "generalAndAdministrativeExpenses": 0, "sellingAndMarketingExpenses": 0, "sellingGeneralAndAdministrativeExpenses": 675000000, "otherExpenses": 971000000, "operatingExpenses": 1646000000, "costAndExpenses": 11318000000, "interestIncome": 0, "interestExpense": 0, "depreciationAndAmortization": 976000000, "ebitda": 4773000000, "ebitdaratio": 0.3412942438, "operatingIncome": 1717000000, "operatingIncomeRatio": 0.1227744011, "totalOtherIncomeExpensesNet": -1130000000, "incomeBeforeTax": 1749000000, "incomeBeforeTaxRatio": 0.125062567, "incomeTaxExpense": 563000000, "netIncome": 1154000000, "netIncomeRatio": 0.0825169825, "eps": 1.55, "epsdiluted": 1.55, "weightedAverageShsOut": 744516129, "weightedAverageShsOutDil": 746925566, "link": "https://www.sec.gov/Archives/edgar/data/797468/000079746802000010/0000797468-02-000010-index.htm", "finalLink": "https://www.sec.gov/Archives/edgar/data/797468/000079746802000010/form10k-20020313.txt", "calculatedOtherExpenses": 1921000000, "calculatedOperatingExpenses": 2596000000, "calculatedNetInterest": 0, "calculatedOtherIncome": 32000000, "calculatedIncomeNonControlling": 32000000, "calculatedEbitda": 2693000000}, {"date": "2000-12-31", "symbol": "OXY", "reportedCurrency": "USD", "cik": "0000797468", "fillingDate": "2001-03-09", "acceptedDate": "2001-03-09 00:00:00", "calendarYear": "2000", "period": "FY", "revenue": 13574000000, "costOfRevenue": 9057000000, "grossProfit": 4517000000, "grossProfitRatio": 0.3327685281, "researchAndDevelopmentExpenses": 0, "generalAndAdministrativeExpenses": 0, "sellingAndMarketingExpenses": 0, "sellingGeneralAndAdministrativeExpenses": 691000000, "otherExpenses": 901000000, "operatingExpenses": 1592000000, "costAndExpenses": 10649000000, "interestIncome": 263000000, "interestExpense": 518000000, "depreciationAndAmortization": 908000000, "ebitda": 3487000000, "ebitdaratio": 0.2568881686, "operatingIncome": 2745000000, "operatingIncomeRatio": 0.2022248416, "totalOtherIncomeExpensesNet": 346000000, "incomeBeforeTax": 3011000000, "incomeBeforeTaxRatio": 0.2218211286, "incomeTaxExpense": 1442000000, "netIncome": 1570000000, "netIncomeRatio": 0.1156622956, "eps": 2.13, "epsdiluted": 2.13, "weightedAverageShsOut": 737089202, "weightedAverageShsOutDil": 737089202, "link": "https://www.sec.gov/Archives/edgar/data/797468/000079746801500004/0000797468-01-500004-index.htm", "finalLink": "https://www.sec.gov/Archives/edgar/data/797468/000079746801500004/form-10k2000.txt", "calculatedOtherExpenses": 1081000000, "calculatedOperatingExpenses": 1772000000, "calculatedNetInterest": -255000000, "calculatedOtherIncome": 521000000, "calculatedIncomeNonControlling": -1000000, "calculatedEbitda": 3653000000}, {"date": "1999-12-31", "symbol": "OXY", "reportedCurrency": "USD", "cik": "0000797468", "fillingDate": "2000-03-15", "acceptedDate": "2000-03-15 00:00:00", "calendarYear": "1999", "period": "FY", "revenue": 7610000000, "costOfRevenue": 5122000000, "grossProfit": 2488000000, "grossProfitRatio": 0.3269382392, "researchAndDevelopmentExpenses": 0, "generalAndAdministrativeExpenses": 0, "sellingAndMarketingExpenses": 0, "sellingGeneralAndAdministrativeExpenses": 645000000, "otherExpenses": 817000000, "operatingExpenses": 1462000000, "costAndExpenses": 6584000000, "interestIncome": 0, "interestExpense": 0, "depreciationAndAmortization": 817000000, "ebitda": 2239000000, "ebitdaratio": 0.294218134, "operatingIncome": 1079000000, "operatingIncomeRatio": 0.1417871222, "totalOtherIncomeExpensesNet": -396000000, "incomeBeforeTax": 1199000000, "incomeBeforeTaxRatio": 0.1575558476, "incomeTaxExpense": 631000000, "netIncome": 448000000, "netIncomeRatio": 0.058869908, "eps": 0.62, "epsdiluted": 0.62, "weightedAverageShsOut": 711290323, "weightedAverageShsOutDil": 711290323, "link": "https://www.sec.gov/Archives/edgar/data/797468/000095014800000407/0000950148-00-000407-index.html", "finalLink": "https://www.sec.gov/Archives/edgar/data/797468/000095014800000407/", "calculatedOtherExpenses": 764000000, "calculatedOperatingExpenses": 1409000000, "calculatedNetInterest": 0, "calculatedOtherIncome": 120000000, "calculatedIncomeNonControlling": 120000000, "calculatedEbitda": 1896000000}, {"date": "1998-12-31", "symbol": "OXY", "reportedCurrency": "USD", "cik": "0000797468", "fillingDate": "1999-03-12", "acceptedDate": "1999-03-12 00:00:00", "calendarYear": "1998", "period": "FY", "revenue": 6596000000, "costOfRevenue": 4568000000, "grossProfit": 2028000000, "grossProfitRatio": 0.3074590661, "researchAndDevelopmentExpenses": 0, "generalAndAdministrativeExpenses": 0, "sellingAndMarketingExpenses": 0, "sellingGeneralAndAdministrativeExpenses": 709000000, "otherExpenses": 857000000, "operatingExpenses": 1566000000, "costAndExpenses": 6134000000, "interestIncome": 0, "interestExpense": 0, "depreciationAndAmortization": 857000000, "ebitda": 534000000, "ebitdaratio": 0.0809581565, "operatingIncome": 726000000, "operatingIncomeRatio": 0.1100667071, "totalOtherIncomeExpensesNet": 785000000, "incomeBeforeTax": 688000000, "incomeBeforeTaxRatio": 0.1043056398, "incomeTaxExpense": 363000000, "netIncome": 363000000, "netIncomeRatio": 0.0550333535, "eps": 0.5, "epsdiluted": 0.5, "weightedAverageShsOut": 698989899, "weightedAverageShsOutDil": 698989899, "link": "https://www.sec.gov/Archives/edgar/data/797468/000094420999000281/0000944209-99-000281-index.htm", "finalLink": "https://www.sec.gov/Archives/edgar/data/797468/000094420999000281/", "calculatedOtherExpenses": 593000000, "calculatedOperatingExpenses": 1302000000, "calculatedNetInterest": 0, "calculatedOtherIncome": -38000000, "calculatedIncomeNonControlling": -38000000, "calculatedEbitda": 1583000000}, {"date": "1997-12-31", "symbol": "OXY", "reportedCurrency": "USD", "cik": "0000797468", "fillingDate": "1998-03-26", "acceptedDate": "1998-03-26 00:00:00", "calendarYear": "1997", "period": "FY", "revenue": 8016000000, "costOfRevenue": 5168000000, "grossProfit": 2848000000, "grossProfitRatio": 0.3552894212, "researchAndDevelopmentExpenses": 0, "generalAndAdministrativeExpenses": 0, "sellingAndMarketingExpenses": 0, "sellingGeneralAndAdministrativeExpenses": 1138000000, "otherExpenses": 833000000, "operatingExpenses": 1971000000, "costAndExpenses": 7139000000, "interestIncome": 0, "interestExpense": -607100000, "depreciationAndAmortization": 833000000, "ebitda": 1625000000, "ebitdaratio": 0.2027195609, "operatingIncome": -79100000, "operatingIncomeRatio": -0.0098677645, "totalOtherIncomeExpensesNet": 85000000, "incomeBeforeTax": 528000000, "incomeBeforeTaxRatio": 0.0658682635, "incomeTaxExpense": 311000000, "netIncome": -390100000, "netIncomeRatio": -0.0486651697, "eps": -0.58, "epsdiluted": -0.58, "weightedAverageShsOut": 668531469, "weightedAverageShsOutDil": 668531469, "link": "https://www.sec.gov/Archives/edgar/data/797468/000095014898000611/0000950148-98-000611-index.htm", "finalLink": "https://www.sec.gov/Archives/edgar/data/797468/000095014898000611/", "calculatedOtherExpenses": 1789100000, "calculatedOperatingExpenses": 2927100000, "calculatedNetInterest": 607100000, "calculatedOtherIncome": 0, "calculatedIncomeNonControlling": 607100000, "calculatedEbitda": 753900000}, {"date": "1996-12-31", "symbol": "OXY", "reportedCurrency": "USD", "cik": "0000797468", "fillingDate": "1997-03-20", "acceptedDate": "1997-03-20 00:00:00", "calendarYear": "1996", "period": "FY", "revenue": 10557000000, "costOfRevenue": 7030000000, "grossProfit": 3527000000, "grossProfitRatio": 0.3340911244, "researchAndDevelopmentExpenses": 0, "generalAndAdministrativeExpenses": 0, "sellingAndMarketingExpenses": 0, "sellingGeneralAndAdministrativeExpenses": 1304000000, "otherExpenses": 928000000, "operatingExpenses": 2232000000, "costAndExpenses": 9262000000, "interestIncome": 0, "interestExpense": 0, "depreciationAndAmortization": 928000000, "ebitda": 1882000000, "ebitdaratio": 0.178270342, "operatingIncome": 1122000000, "operatingIncomeRatio": 0.1062801932, "totalOtherIncomeExpensesNet": 341000000, "incomeBeforeTax": 1152000000, "incomeBeforeTaxRatio": 0.1091219096, "incomeTaxExpense": 454000000, "netIncome": 668000000, "netIncomeRatio": 0.0632755518, "eps": 0.89, "epsdiluted": 0.87, "weightedAverageShsOut": 649717514, "weightedAverageShsOutDil": 664739884, "link": "https://www.sec.gov/Archives/edgar/data/797468/000094420997000324/0000944209-97-000324-index.htm", "finalLink": "https://www.sec.gov/Archives/edgar/data/797468/000094420997000324/", "calculatedOtherExpenses": 1101000000, "calculatedOperatingExpenses": 2405000000, "calculatedNetInterest": 0, "calculatedOtherIncome": 30000000, "calculatedIncomeNonControlling": 30000000, "calculatedEbitda": 2050000000}, {"date": "1995-12-31", "symbol": "OXY", "reportedCurrency": "USD", "cik": "0000797468", "fillingDate": "1996-03-29", "acceptedDate": "1996-03-29 00:00:00", "calendarYear": "1995", "period": "FY", "revenue": 10423000000, "costOfRevenue": 7055000000, "grossProfit": 3368000000, "grossProfitRatio": 0.323131536, "researchAndDevelopmentExpenses": 0, "generalAndAdministrativeExpenses": 0, "sellingAndMarketingExpenses": 0, "sellingGeneralAndAdministrativeExpenses": 1194000000, "otherExpenses": 953000000, "operatingExpenses": 2147000000, "costAndExpenses": 9202000000, "interestIncome": 0, "interestExpense": 0, "depreciationAndAmortization": 953000000, "ebitda": 1903000000, "ebitdaratio": 0.1825769932, "operatingIncome": 913000000, "operatingIncomeRatio": 0.0875947424, "totalOtherIncomeExpensesNet": 271000000, "incomeBeforeTax": 913000000, "incomeBeforeTaxRatio": 0.0875947424, "incomeTaxExpense": 402000000, "netIncome": 511000000, "netIncomeRatio": 0.0490261921, "eps": 0.66, "epsdiluted": 0.65, "weightedAverageShsOut": 638167939, "weightedAverageShsOutDil": 638167939, "link": "https://www.sec.gov/Archives/edgar/data/797468/000091205796005571/0000912057-96-005571-index.htm", "finalLink": "https://www.sec.gov/Archives/edgar/data/797468/000091205796005571/", "calculatedOtherExpenses": 1261000000, "calculatedOperatingExpenses": 2455000000, "calculatedNetInterest": 0, "calculatedOtherIncome": 0, "calculatedIncomeNonControlling": 0, "calculatedEbitda": 1866000000}, {"date": "1994-12-31", "symbol": "OXY", "reportedCurrency": "USD", "cik": "0000797468", "fillingDate": "1995-03-17", "acceptedDate": "1995-03-17 00:00:00", "calendarYear": "1994", "period": "FY", "revenue": 9236000000, "costOfRevenue": 6838000000, "grossProfit": 2398000000, "grossProfitRatio": 0.2596362061, "researchAndDevelopmentExpenses": 0, "generalAndAdministrativeExpenses": 0, "sellingAndMarketingExpenses": 0, "sellingGeneralAndAdministrativeExpenses": 988000000, "otherExpenses": 897000000, "operatingExpenses": 1885000000, "costAndExpenses": 8723000000, "interestIncome": 0, "interestExpense": 0, "depreciationAndAmortization": 897000000, "ebitda": 1230000000, "ebitdaratio": 0.1331745344, "operatingIncome": 107000000, "operatingIncomeRatio": 0.0115851018, "totalOtherIncomeExpensesNet": 180000000, "incomeBeforeTax": 107000000, "incomeBeforeTaxRatio": 0.0115851018, "incomeTaxExpense": 143000000, "netIncome": -36000000, "netIncomeRatio": -0.0038977913, "eps": -0.0579, "epsdiluted": -0.0579, "weightedAverageShsOut": 622222222, "weightedAverageShsOutDil": 622222222, "link": "https://www.sec.gov/Archives/edgar/data/797468/000095014895000114/0000950148-95-000114-index.htm", "finalLink": "https://www.sec.gov/Archives/edgar/data/797468/000095014895000114/", "calculatedOtherExpenses": 1303000000, "calculatedOperatingExpenses": 2291000000, "calculatedNetInterest": 0, "calculatedOtherIncome": 0, "calculatedIncomeNonControlling": 0, "calculatedEbitda": 1004000000}, {"date": "1993-12-31", "symbol": "OXY", "reportedCurrency": "USD", "cik": "0000797468", "fillingDate": "1993-12-31", "acceptedDate": "1993-12-30 19:00:00", "calendarYear": "1993", "period": "FY", "revenue": 8116000000, "costOfRevenue": 6058000000, "grossProfit": 2058000000, "grossProfitRatio": 0.2535731888, "researchAndDevelopmentExpenses": 0, "generalAndAdministrativeExpenses": 0, "sellingAndMarketingExpenses": 0, "sellingGeneralAndAdministrativeExpenses": 781000000, "otherExpenses": 907000000, "operatingExpenses": 1688000000, "costAndExpenses": 7746000000, "interestIncome": 0, "interestExpense": 209000000, "depreciationAndAmortization": 907000000, "ebitda": 849000000, "ebitdaratio": 0.1046081814, "operatingIncome": 426000000, "operatingIncomeRatio": 0.0524889108, "totalOtherIncomeExpensesNet": 428000000, "incomeBeforeTax": 217000000, "incomeBeforeTaxRatio": 0.026737309, "incomeTaxExpense": 143000000, "netIncome": 283000000, "netIncomeRatio": 0.0348693938, "eps": 0.38, "epsdiluted": 0.38, "weightedAverageShsOut": 644736842, "weightedAverageShsOutDil": 644736842, "link": "", "finalLink": "", "calculatedOtherExpenses": 851000000, "calculatedOperatingExpenses": 1632000000, "calculatedNetInterest": -209000000, "calculatedOtherIncome": 0, "calculatedIncomeNonControlling": -209000000, "calculatedEbitda": 1333000000}, {"date": "1992-12-31", "symbol": "OXY", "reportedCurrency": "USD", "cik": "0000797468", "fillingDate": "1992-12-31", "acceptedDate": "1992-12-30 19:00:00", "calendarYear": "1992", "period": "FY", "revenue": 8494000000, "costOfRevenue": 6334000000, "grossProfit": 2160000000, "grossProfitRatio": 0.2542971509, "researchAndDevelopmentExpenses": 0, "generalAndAdministrativeExpenses": 0, "sellingAndMarketingExpenses": 0, "sellingGeneralAndAdministrativeExpenses": 991000000, "otherExpenses": 887000000, "operatingExpenses": 1878000000, "costAndExpenses": 8212000000, "interestIncome": 0, "interestExpense": -717000000, "depreciationAndAmortization": 887000000, "ebitda": 486000000, "ebitdaratio": 0.057216859, "operatingIncome": -396000000, "operatingIncomeRatio": -0.0466211443, "totalOtherIncomeExpensesNet": 683000000, "incomeBeforeTax": 321000000, "incomeBeforeTaxRatio": 0.0377913822, "incomeTaxExpense": 195000000, "netIncome": -591000000, "netIncomeRatio": -0.069578526, "eps": -0.98, "epsdiluted": -0.98, "weightedAverageShsOut": 603045685, "weightedAverageShsOutDil": 603045685, "link": "", "finalLink": "", "calculatedOtherExpenses": 1565000000, "calculatedOperatingExpenses": 2556000000, "calculatedNetInterest": 717000000, "calculatedOtherIncome": 0, "calculatedIncomeNonControlling": 717000000, "calculatedEbitda": 491000000}, {"date": "1991-12-31", "symbol": "OXY", "reportedCurrency": "USD", "cik": "0000797468", "fillingDate": "1991-12-31", "acceptedDate": "1991-12-30 19:00:00", "calendarYear": "1991", "period": "FY", "revenue": 10096000000, "costOfRevenue": 7474000000, "grossProfit": 2622000000, "grossProfitRatio": 0.2597068146, "researchAndDevelopmentExpenses": 0, "generalAndAdministrativeExpenses": 0, "sellingAndMarketingExpenses": 0, "sellingGeneralAndAdministrativeExpenses": 954000000, "otherExpenses": 955000000, "operatingExpenses": 1909000000, "costAndExpenses": 9383000000, "interestIncome": 0, "interestExpense": 0, "depreciationAndAmortization": 955000000, "ebitda": 525000000, "ebitdaratio": 0.0520007924, "operatingIncome": 1061000000, "operatingIncomeRatio": 0.1050911252, "totalOtherIncomeExpensesNet": 1143000000, "incomeBeforeTax": 980000000, "incomeBeforeTaxRatio": 0.0970681458, "incomeTaxExpense": 601000000, "netIncome": 460000000, "netIncomeRatio": 0.045562599, "eps": 0.38, "epsdiluted": 0.38, "weightedAverageShsOut": 593617021, "weightedAverageShsOutDil": 593617021, "link": "", "finalLink": "", "calculatedOtherExpenses": 607000000, "calculatedOperatingExpenses": 1561000000, "calculatedNetInterest": 0, "calculatedOtherIncome": -81000000, "calculatedIncomeNonControlling": -81000000, "calculatedEbitda": 2016000000}, {"date": "1990-12-31", "symbol": "OXY", "reportedCurrency": "USD", "cik": "0000797468", "fillingDate": "1990-12-31", "acceptedDate": "1990-12-30 19:00:00", "calendarYear": "1990", "period": "FY", "revenue": 21694000000, "costOfRevenue": 18224000000, "grossProfit": 3470000000, "grossProfitRatio": 0.1599520605, "researchAndDevelopmentExpenses": 0, "generalAndAdministrativeExpenses": 0, "sellingAndMarketingExpenses": 0, "sellingGeneralAndAdministrativeExpenses": 1195000000, "otherExpenses": 1106000000, "operatingExpenses": 2301000000, "costAndExpenses": 20525000000, "interestIncome": 0, "interestExpense": 0, "depreciationAndAmortization": 1106000000, "ebitda": 4078000000, "ebitdaratio": 0.1879782428, "operatingIncome": -1623000000, "operatingIncomeRatio": -0.0748133124, "totalOtherIncomeExpensesNet": -1803000000, "incomeBeforeTax": -1623000000, "incomeBeforeTaxRatio": -0.0748133124, "incomeTaxExpense": 65000000, "netIncome": -1688000000, "netIncomeRatio": -0.0778095326, "eps": -2.89, "epsdiluted": -2.89, "weightedAverageShsOut": 584482759, "weightedAverageShsOutDil": 584482759, "link": "", "finalLink": "", "calculatedOtherExpenses": 3898000000, "calculatedOperatingExpenses": 5093000000, "calculatedNetInterest": 0, "calculatedOtherIncome": 0, "calculatedIncomeNonControlling": 0, "calculatedEbitda": -517000000}, {"date": "1989-12-31", "symbol": "OXY", "reportedCurrency": "USD", "cik": "0000797468", "fillingDate": "1989-12-31", "acceptedDate": "1989-12-30 19:00:00", "calendarYear": "1989", "period": "FY", "revenue": 20068000000, "costOfRevenue": 16413000000, "grossProfit": 3655000000, "grossProfitRatio": 0.1821307554, "researchAndDevelopmentExpenses": 0, "generalAndAdministrativeExpenses": 0, "sellingAndMarketingExpenses": 0, "sellingGeneralAndAdministrativeExpenses": 1358000000, "otherExpenses": 1126000000, "operatingExpenses": 2484000000, "costAndExpenses": 18897000000, "interestIncome": 0, "interestExpense": 0, "depreciationAndAmortization": 1126000000, "ebitda": 2001000000, "ebitdaratio": 0.0997109827, "operatingIncome": 475000000, "operatingIncomeRatio": 0.0236695236, "totalOtherIncomeExpensesNet": 296000000, "incomeBeforeTax": 475000000, "incomeBeforeTaxRatio": 0.0236695236, "incomeTaxExpense": 219000000, "netIncome": 256000000, "netIncomeRatio": 0.0127566275, "eps": 0.46, "epsdiluted": 0.46, "weightedAverageShsOut": 541304348, "weightedAverageShsOutDil": 541304348, "link": "", "finalLink": "", "calculatedOtherExpenses": 1822000000, "calculatedOperatingExpenses": 3180000000, "calculatedNetInterest": 0, "calculatedOtherIncome": 0, "calculatedIncomeNonControlling": 0, "calculatedEbitda": 1601000000}, {"date": "1988-12-31", "symbol": "OXY", "reportedCurrency": "USD", "cik": "0000797468", "fillingDate": "1988-12-31", "acceptedDate": "1988-12-30 19:00:00", "calendarYear": "1988", "period": "FY", "revenue": 19417000000, "costOfRevenue": 15782000000, "grossProfit": 3635000000, "grossProfitRatio": 0.1872070866, "researchAndDevelopmentExpenses": 0, "generalAndAdministrativeExpenses": 0, "sellingAndMarketingExpenses": 0, "sellingGeneralAndAdministrativeExpenses": 1604000000, "otherExpenses": 990000000, "operatingExpenses": 2594000000, "costAndExpenses": 18376000000, "interestIncome": 0, "interestExpense": 0, "depreciationAndAmortization": 990000000, "ebitda": 1515000000, "ebitdaratio": 0.0780244116, "operatingIncome": 574000000, "operatingIncomeRatio": 0.0295617243, "totalOtherIncomeExpensesNet": 516000000, "incomeBeforeTax": 574000000, "incomeBeforeTaxRatio": 0.0295617243, "incomeTaxExpense": 261000000, "netIncome": 313000000, "netIncomeRatio": 0.0161198949, "eps": 0.63, "epsdiluted": 0.63, "weightedAverageShsOut": 496825397, "weightedAverageShsOutDil": 496825397, "link": "", "finalLink": "", "calculatedOtherExpenses": 1457000000, "calculatedOperatingExpenses": 3061000000, "calculatedNetInterest": 0, "calculatedOtherIncome": 0, "calculatedIncomeNonControlling": 0, "calculatedEbitda": 1564000000}, {"date": "1987-12-31", "symbol": "OXY", "reportedCurrency": "USD", "cik": "0000797468", "fillingDate": "1987-12-31", "acceptedDate": "1987-12-30 19:00:00", "calendarYear": "1987", "period": "FY", "revenue": 17096000000, "costOfRevenue": 13792000000, "grossProfit": 3304000000, "grossProfitRatio": 0.1932615817, "researchAndDevelopmentExpenses": 0, "generalAndAdministrativeExpenses": 0, "sellingAndMarketingExpenses": 0, "sellingGeneralAndAdministrativeExpenses": 1246000000, "otherExpenses": 1029000000, "operatingExpenses": 2275000000, "costAndExpenses": 16067000000, "interestIncome": 0, "interestExpense": 0, "depreciationAndAmortization": 995000000, "ebitda": 1374000000, "ebitdaratio": 0.0803696771, "operatingIncome": 747000000, "operatingIncomeRatio": 0.0436944314, "totalOtherIncomeExpensesNet": 650000000, "incomeBeforeTax": 747000000, "incomeBeforeTaxRatio": 0.0436944314, "incomeTaxExpense": 563000000, "netIncome": 184000000, "netIncomeRatio": 0.0107627515, "eps": 0.39, "epsdiluted": 0.39, "weightedAverageShsOut": 402564103, "weightedAverageShsOutDil": 402564103, "link": "", "finalLink": "", "calculatedOtherExpenses": 1311000000, "calculatedOperatingExpenses": 2557000000, "calculatedNetInterest": 0, "calculatedOtherIncome": 0, "calculatedIncomeNonControlling": 0, "calculatedEbitda": 1742000000}, {"date": "1986-12-31", "symbol": "OXY", "reportedCurrency": "USD", "cik": "0000797468", "fillingDate": "1986-12-31", "acceptedDate": "1986-12-30 19:00:00", "calendarYear": "1986", "period": "FY", "revenue": 15344100000, "costOfRevenue": 12815700000, "grossProfit": 2528400000, "grossProfitRatio": 0.164779948, "researchAndDevelopmentExpenses": 0, "generalAndAdministrativeExpenses": 0, "sellingAndMarketingExpenses": 0, "sellingGeneralAndAdministrativeExpenses": 759100000, "otherExpenses": 955400000, "operatingExpenses": 1714500000, "costAndExpenses": 14530200000, "interestIncome": 0, "interestExpense": 0, "depreciationAndAmortization": 906000000, "ebitda": 1035500000, "ebitdaratio": 0.0674852223, "operatingIncome": 528300000, "operatingIncomeRatio": 0.0344301719, "totalOtherIncomeExpensesNet": 684400000, "incomeBeforeTax": 528300000, "incomeBeforeTaxRatio": 0.0344301719, "incomeTaxExpense": 356200000, "netIncome": 172100000, "netIncomeRatio": 0.0112160374, "eps": 0.33, "epsdiluted": 0.33, "weightedAverageShsOut": 297575758, "weightedAverageShsOutDil": 297575758, "link": "", "finalLink": "", "calculatedOtherExpenses": 1241000000, "calculatedOperatingExpenses": 2000100000, "calculatedNetInterest": 0, "calculatedOtherIncome": 0, "calculatedIncomeNonControlling": 0, "calculatedEbitda": 1434300000}, {"date": "1985-12-31", "symbol": "OXY", "reportedCurrency": "USD", "cik": "0000797468", "fillingDate": "1985-12-31", "acceptedDate": "1985-12-30 19:00:00", "calendarYear": "1985", "period": "FY", "revenue": 14534400000, "costOfRevenue": 11673700000, "grossProfit": 2860700000, "grossProfitRatio": 0.1968227103, "researchAndDevelopmentExpenses": 0, "generalAndAdministrativeExpenses": 0, "sellingAndMarketingExpenses": 0, "sellingGeneralAndAdministrativeExpenses": 786300000, "otherExpenses": 1036300000, "operatingExpenses": 1822600000, "costAndExpenses": 13496300000, "interestIncome": 0, "interestExpense": 0, "depreciationAndAmortization": 880200000, "ebitda": 808800000, "ebitdaratio": 0.0556472919, "operatingIncome": 1576600000, "operatingIncomeRatio": 0.10847369, "totalOtherIncomeExpensesNet": 1109500000, "incomeBeforeTax": 1576600000, "incomeBeforeTaxRatio": 0.10847369, "incomeTaxExpense": 1121600000, "netIncome": 455000000, "netIncomeRatio": 0.0313050418, "eps": 1.1, "epsdiluted": 1.1, "weightedAverageShsOut": 212090909, "weightedAverageShsOutDil": 212090909, "link": "", "finalLink": "", "calculatedOtherExpenses": 497800000, "calculatedOperatingExpenses": 1284100000, "calculatedNetInterest": 0, "calculatedOtherIncome": 0, "calculatedIncomeNonControlling": 0, "calculatedEbitda": 2456800000}]}