{"originalCurrency": "USD", "convertedCurrency": "USD", "report": [{"date": "2023-12-31", "symbol": "OZK", "reportedCurrency": "USD", "cik": "0001569650", "fillingDate": "2023-12-31", "acceptedDate": "2023-12-29 19:00:00", "calendarYear": "2023", "period": "FY", "revenue": 2250722000, "costOfRevenue": 0, "grossProfit": 2250722000, "grossProfitRatio": 1, "researchAndDevelopmentExpenses": 0, "generalAndAdministrativeExpenses": 289197000, "sellingAndMarketingExpenses": 16150000, "sellingGeneralAndAdministrativeExpenses": 305347000, "otherExpenses": 514198999, "operatingExpenses": -514198999, "costAndExpenses": 671396000, "interestIncome": 2128173000, "interestExpense": 61638000, "depreciationAndAmortization": 41025000, "ebitda": -56000, "ebitdaratio": -2.48809e-05, "operatingIncome": -56000, "operatingIncomeRatio": -2.48809e-05, "totalOtherIncomeExpensesNet": 867003000, "incomeBeforeTax": 867003000, "incomeBeforeTaxRatio": 0.3852110567, "incomeTaxExpense": 176164000, "netIncome": 690783000, "netIncomeRatio": 0.3069161807, "eps": 5.89, "epsdiluted": 5.87, "weightedAverageShsOut": 114460000, "weightedAverageShsOutDil": 114833000, "link": null, "finalLink": null, "calculatedOtherExpenses": 1945431000, "calculatedOperatingExpenses": 2250778000, "calculatedNetInterest": 2066535000, "calculatedOtherIncome": -1199476000, "calculatedIncomeNonControlling": 56000, "calculatedEbitda": 40969000}, {"date": "2022-12-31", "symbol": "OZK", "reportedCurrency": "USD", "cik": "0001569650", "fillingDate": "2022-12-31", "acceptedDate": "2022-12-30 19:00:00", "calendarYear": "2022", "period": "FY", "revenue": 1249027000, "costOfRevenue": 0, "grossProfit": 1249027000, "grossProfitRatio": 1, "researchAndDevelopmentExpenses": 0, "generalAndAdministrativeExpenses": 235983000, "sellingAndMarketingExpenses": 8797000, "sellingGeneralAndAdministrativeExpenses": 244780000, "otherExpenses": -648400000, "operatingExpenses": -403620000, "costAndExpenses": -403620000, "interestIncome": 1266068000, "interestExpense": 123826000, "depreciationAndAmortization": 43990000, "ebitda": 889397000, "ebitdaratio": 0.7120718767, "operatingIncome": 845407000, "operatingIncomeRatio": 0.676852462, "totalOtherIncomeExpensesNet": -123877000, "incomeBeforeTax": 721530000, "incomeBeforeTaxRatio": 0.5776736612, "incomeTaxExpense": 157440000, "netIncome": 564141000, "netIncomeRatio": 0.4516643755, "eps": 4.55, "epsdiluted": 4.54, "weightedAverageShsOut": 120275000, "weightedAverageShsOutDil": 120700000, "link": "", "finalLink": "", "calculatedOtherExpenses": 158840000, "calculatedOperatingExpenses": 403620000, "calculatedNetInterest": 1142242000, "calculatedOtherIncome": -1266119000, "calculatedIncomeNonControlling": -51000, "calculatedEbitda": 889397000}, {"date": "2021-12-31", "symbol": "OZK", "reportedCurrency": "USD", "cik": "0001569650", "fillingDate": "2021-12-31", "acceptedDate": "2021-12-31 00:00:00", "calendarYear": "2021", "period": "FY", "revenue": 1096959000, "costOfRevenue": 0, "grossProfit": 1096959000, "grossProfitRatio": 1, "researchAndDevelopmentExpenses": 0, "generalAndAdministrativeExpenses": 225752000, "sellingAndMarketingExpenses": 2772000, "sellingGeneralAndAdministrativeExpenses": 228524000, "otherExpenses": -572594000, "operatingExpenses": -344070000, "costAndExpenses": -344070000, "interestIncome": 1071307000, "interestExpense": 81587000, "depreciationAndAmortization": 43131000, "ebitda": 796020000, "ebitdaratio": 0.7256606674, "operatingIncome": 752889000, "operatingIncomeRatio": 0.686341969, "totalOtherIncomeExpensesNet": 32000, "incomeBeforeTax": 752921000, "incomeBeforeTaxRatio": 0.6863711406, "incomeTaxExpense": 173888000, "netIncome": 579001000, "netIncomeRatio": 0.5278237382, "eps": 4.49, "epsdiluted": 4.47, "weightedAverageShsOut": 129060000, "weightedAverageShsOutDil": 129618000, "link": null, "finalLink": null, "calculatedOtherExpenses": 115546000, "calculatedOperatingExpenses": 344070000, "calculatedNetInterest": 989720000, "calculatedOtherIncome": -989688000, "calculatedIncomeNonControlling": 32000, "calculatedEbitda": 796020000}, {"date": "2020-12-31", "symbol": "OZK", "reportedCurrency": "USD", "cik": "0001569650", "fillingDate": "2020-12-31", "acceptedDate": "2020-12-31 00:00:00", "calendarYear": "2020", "period": "FY", "revenue": 984914000, "costOfRevenue": 0, "grossProfit": 984914000, "grossProfitRatio": 1, "researchAndDevelopmentExpenses": 0, "generalAndAdministrativeExpenses": 222081000, "sellingAndMarketingExpenses": 6050000, "sellingGeneralAndAdministrativeExpenses": 228131000, "otherExpenses": -836833000, "operatingExpenses": -608702000, "costAndExpenses": -608702000, "interestIncome": 1080781000, "interestExpense": 192157000, "depreciationAndAmortization": 43791000, "ebitda": 420003000, "ebitdaratio": 0.4264362168, "operatingIncome": 376212000, "operatingIncomeRatio": 0.3819744668, "totalOtherIncomeExpensesNet": -32000, "incomeBeforeTax": 376180000, "incomeBeforeTaxRatio": 0.3819419767, "incomeTaxExpense": 84314000, "netIncome": 291898000, "netIncomeRatio": 0.2963690231, "eps": 2.26, "epsdiluted": 2.26, "weightedAverageShsOut": 129318999, "weightedAverageShsOutDil": 129435000, "link": null, "finalLink": null, "calculatedOtherExpenses": 380571000, "calculatedOperatingExpenses": 608702000, "calculatedNetInterest": 888624000, "calculatedOtherIncome": -888656000, "calculatedIncomeNonControlling": -32000, "calculatedEbitda": 420003000}, {"date": "2019-12-31", "symbol": "OZK", "reportedCurrency": "USD", "cik": "0001569650", "fillingDate": "2019-12-31", "acceptedDate": "2019-12-31 00:00:00", "calendarYear": "2019", "period": "FY", "revenue": 984264000, "costOfRevenue": 0, "grossProfit": 984264000, "grossProfitRatio": 1, "researchAndDevelopmentExpenses": 0, "generalAndAdministrativeExpenses": 206276000, "sellingAndMarketingExpenses": 7242000, "sellingGeneralAndAdministrativeExpenses": 213518000, "otherExpenses": -633447000, "operatingExpenses": -419929000, "costAndExpenses": -419929000, "interestIncome": 1162541000, "interestExpense": 278360000, "depreciationAndAmortization": 42509000, "ebitda": 606844000, "ebitdaratio": 0.6165459673, "operatingIncome": 564335000, "operatingIncomeRatio": 0.5733573513, "totalOtherIncomeExpensesNet": 2000, "incomeBeforeTax": 564337000, "incomeBeforeTaxRatio": 0.5733593833, "incomeTaxExpense": 138429000, "netIncome": 425906000, "netIncomeRatio": 0.4327152065, "eps": 3.3, "epsdiluted": 3.3, "weightedAverageShsOut": 128925999, "weightedAverageShsOutDil": 129006000, "link": null, "finalLink": null, "calculatedOtherExpenses": 206411000, "calculatedOperatingExpenses": 419929000, "calculatedNetInterest": 884181000, "calculatedOtherIncome": -884179000, "calculatedIncomeNonControlling": 2000, "calculatedEbitda": 606844000}, {"date": "2018-12-31", "symbol": "OZK", "reportedCurrency": "USD", "cik": "0001569650", "fillingDate": "2018-12-31", "acceptedDate": "2018-12-30 19:00:00", "calendarYear": "2018", "period": "FY", "revenue": 991679000, "costOfRevenue": 0, "grossProfit": 991679000, "grossProfitRatio": 1, "researchAndDevelopmentExpenses": 0, "generalAndAdministrativeExpenses": 198947000, "sellingAndMarketingExpenses": 11557000, "sellingGeneralAndAdministrativeExpenses": 210504000, "otherExpenses": -470587000, "operatingExpenses": -228209000, "costAndExpenses": -228209000, "interestIncome": 1100820000, "interestExpense": 209387000, "depreciationAndAmortization": 35440000, "ebitda": 798910000, "ebitdaratio": 0.80561351, "operatingIncome": 763470000, "operatingIncomeRatio": 0.7698761394, "totalOtherIncomeExpensesNet": -209412000, "incomeBeforeTax": 554058000, "incomeBeforeTaxRatio": 0.558707001, "incomeTaxExpense": 136977000, "netIncome": 417106000, "netIncomeRatio": 0.4206058614, "eps": 3.24, "epsdiluted": 3.24, "weightedAverageShsOut": 128595000, "weightedAverageShsOutDil": 128740000, "link": "", "finalLink": "", "calculatedOtherExpenses": 17705000, "calculatedOperatingExpenses": 228209000, "calculatedNetInterest": 891433000, "calculatedOtherIncome": -1100845000, "calculatedIncomeNonControlling": -25000, "calculatedEbitda": 798910000}, {"date": "2017-12-31", "symbol": "OZK", "reportedCurrency": "USD", "cik": "0001569650", "fillingDate": "2017-12-31", "acceptedDate": "2017-12-30 19:00:00", "calendarYear": "2017", "period": "FY", "revenue": 929398000, "costOfRevenue": 0, "grossProfit": 929398000, "grossProfitRatio": 1, "researchAndDevelopmentExpenses": 0, "generalAndAdministrativeExpenses": 189369000, "sellingAndMarketingExpenses": 5989000, "sellingGeneralAndAdministrativeExpenses": 195358000, "otherExpenses": -429115000, "operatingExpenses": -233757000, "costAndExpenses": -233757000, "interestIncome": 932593000, "interestExpense": 115164000, "depreciationAndAmortization": 34070000, "ebitda": 729711000, "ebitdaratio": 0.7851437167, "operatingIncome": 695641000, "operatingIncomeRatio": 0.7484855788, "totalOtherIncomeExpensesNet": -115118000, "incomeBeforeTax": 580523000, "incomeBeforeTaxRatio": 0.6246226052, "incomeTaxExpense": 158586000, "netIncome": 421891000, "netIncomeRatio": 0.4539400773, "eps": 3.36, "epsdiluted": 3.35, "weightedAverageShsOut": 125465000, "weightedAverageShsOutDil": 125809000, "link": "", "finalLink": "", "calculatedOtherExpenses": 38399000, "calculatedOperatingExpenses": 233757000, "calculatedNetInterest": 817429000, "calculatedOtherIncome": -932547000, "calculatedIncomeNonControlling": 46000, "calculatedEbitda": 729711000}, {"date": "2016-12-31", "symbol": "OZK", "reportedCurrency": "USD", "cik": "0001569650", "fillingDate": "2017-03-01", "acceptedDate": "2017-03-01 16:41:09", "calendarYear": "2016", "period": "FY", "revenue": 601505000, "costOfRevenue": 90398000, "grossProfit": 511107000, "grossProfitRatio": 0.849713635, "researchAndDevelopmentExpenses": 0, "generalAndAdministrativeExpenses": 143333000, "sellingAndMarketingExpenses": 5617000, "sellingGeneralAndAdministrativeExpenses": 148950000, "otherExpenses": -174750000, "operatingExpenses": -25800000, "costAndExpenses": 90398000, "interestIncome": 601505000, "interestExpense": 61050000, "depreciationAndAmortization": 25032000, "ebitda": 510339000, "ebitdaratio": 0.8484368376, "operatingIncome": 485307000, "operatingIncomeRatio": 0.8068212234, "totalOtherIncomeExpensesNet": -60949000, "incomeBeforeTax": 424358000, "incomeBeforeTaxRatio": 0.7054937199, "incomeTaxExpense": 154278000, "netIncome": 269979000, "netIncomeRatio": 0.4488391618, "eps": 2.59, "epsdiluted": 2.58, "weightedAverageShsOut": 104238996, "weightedAverageShsOutDil": 104700000, "link": "https://www.sec.gov/Archives/edgar/data/1038205/000156459017003110/0001564590-17-003110-index.html", "finalLink": "https://www.sec.gov/Archives/edgar/data/1038205/000156459017003110/ozrk-10k_20161231.htm", "calculatedOtherExpenses": -123150000, "calculatedOperatingExpenses": 25800000, "calculatedNetInterest": 540455000, "calculatedOtherIncome": -601404000, "calculatedIncomeNonControlling": 101000, "calculatedEbitda": 510339000}, {"date": "2015-12-31", "symbol": "OZK", "reportedCurrency": "USD", "cik": "0001569650", "fillingDate": "2016-02-19", "acceptedDate": "2016-02-19 16:07:48", "calendarYear": "2015", "period": "FY", "revenue": 382151000, "costOfRevenue": 71781000, "grossProfit": 310370000, "grossProfitRatio": 0.8121658716, "researchAndDevelopmentExpenses": 0, "generalAndAdministrativeExpenses": 101639000, "sellingAndMarketingExpenses": 2805000, "sellingGeneralAndAdministrativeExpenses": 104444000, "otherExpenses": -110538000, "operatingExpenses": -6094000, "costAndExpenses": 71781000, "interestIncome": 382151000, "interestExpense": 27568000, "depreciationAndAmortization": 17461000, "ebitda": 321737000, "ebitdaratio": 0.8419106584, "operatingIncome": 304276000, "operatingIncomeRatio": 0.7962192955, "totalOtherIncomeExpensesNet": -27507000, "incomeBeforeTax": 276769000, "incomeBeforeTaxRatio": 0.7242398947, "incomeTaxExpense": 94455000, "netIncome": 182253000, "netIncomeRatio": 0.476913576, "eps": 2.1, "epsdiluted": 2.09, "weightedAverageShsOut": 86787143, "weightedAverageShsOutDil": 87348000, "link": "https://www.sec.gov/Archives/edgar/data/1038205/000156459016012932/0001564590-16-012932-index.html", "finalLink": "https://www.sec.gov/Archives/edgar/data/1038205/000156459016012932/ozrk-10k_20151231.htm", "calculatedOtherExpenses": -98350000, "calculatedOperatingExpenses": 6094000, "calculatedNetInterest": 354583000, "calculatedOtherIncome": -382090000, "calculatedIncomeNonControlling": 61000, "calculatedEbitda": 321737000}, {"date": "2014-12-31", "symbol": "OZK", "reportedCurrency": "USD", "cik": "0001569650", "fillingDate": "2015-02-27", "acceptedDate": "2015-02-27 16:32:32", "calendarYear": "2014", "period": "FY", "revenue": 270494000, "costOfRevenue": -75455000, "grossProfit": 345949000, "grossProfitRatio": 1.2789525831, "researchAndDevelopmentExpenses": 0, "generalAndAdministrativeExpenses": 89914000, "sellingAndMarketingExpenses": 3029000, "sellingGeneralAndAdministrativeExpenses": 92943000, "otherExpenses": -266445000, "operatingExpenses": -173502000, "costAndExpenses": -248957000, "interestIncome": 270494000, "interestExpense": 20955000, "depreciationAndAmortization": 12982000, "ebitda": 206402000, "ebitdaratio": 0.7630557425, "operatingIncome": 172447000, "operatingIncomeRatio": 0.6375261558, "totalOtherIncomeExpensesNet": 4601000, "incomeBeforeTax": 172447000, "incomeBeforeTaxRatio": 0.6375261558, "incomeTaxExpense": 53859000, "netIncome": 118606000, "netIncomeRatio": 0.4384792269, "eps": 1.53, "epsdiluted": 1.52, "weightedAverageShsOut": 77520261, "weightedAverageShsOutDil": 78060000, "link": "https://www.sec.gov/Archives/edgar/data/1038205/000119312515069935/d837463d10k.htm", "finalLink": "https://www.sec.gov/Archives/edgar/data/1038205/000119312515069935/d837463d10k.htm", "calculatedOtherExpenses": 80559000, "calculatedOperatingExpenses": 173502000, "calculatedNetInterest": 249539000, "calculatedOtherIncome": -249539000, "calculatedIncomeNonControlling": -18000, "calculatedEbitda": 185429000}, {"date": "2013-12-31", "symbol": "OZK", "reportedCurrency": "USD", "cik": "0001569650", "fillingDate": "2014-02-28", "acceptedDate": "2014-02-28 14:47:55", "calendarYear": "2013", "period": "FY", "revenue": 193519000, "costOfRevenue": 0, "grossProfit": 193519000, "grossProfitRatio": 1, "researchAndDevelopmentExpenses": 0, "generalAndAdministrativeExpenses": 76214000, "sellingAndMarketingExpenses": 2205000, "sellingGeneralAndAdministrativeExpenses": 78419000, "otherExpenses": -210085000, "operatingExpenses": -131666000, "costAndExpenses": -197125000, "interestIncome": 193519000, "interestExpense": 18634000, "depreciationAndAmortization": 10001000, "ebitda": 155919000, "ebitdaratio": 0.8057038327, "operatingIncome": 127312000, "operatingIncomeRatio": 0.6578785546, "totalOtherIncomeExpensesNet": 5162999, "incomeBeforeTax": 127312000, "incomeBeforeTaxRatio": 0.6578785546, "incomeTaxExpense": 40149000, "netIncome": 87135000, "netIncomeRatio": 0.4502658654, "eps": 1.21, "epsdiluted": 1.2, "weightedAverageShsOut": 72012397, "weightedAverageShsOutDil": 72402000, "link": "https://www.sec.gov/Archives/edgar/data/1038205/000119312514076716/d638942d10k.htm", "finalLink": "https://www.sec.gov/Archives/edgar/data/1038205/000119312514076716/d638942d10k.htm", "calculatedOtherExpenses": -12212000, "calculatedOperatingExpenses": 66207000, "calculatedNetInterest": 174885000, "calculatedOtherIncome": -174885000, "calculatedIncomeNonControlling": 28000, "calculatedEbitda": 137313000}, {"date": "2012-12-31", "symbol": "OZK", "reportedCurrency": "USD", "cik": "0001569650", "fillingDate": "2013-02-28", "acceptedDate": "2013-02-28 13:22:22", "calendarYear": "2012", "period": "FY", "revenue": 174346000, "costOfRevenue": 0, "grossProfit": 174346000, "grossProfitRatio": 1, "researchAndDevelopmentExpenses": 0, "generalAndAdministrativeExpenses": 67875000, "sellingAndMarketingExpenses": 4089000, "sellingGeneralAndAdministrativeExpenses": 71964000, "otherExpenses": -167182000, "operatingExpenses": -95218000, "costAndExpenses": -53451000, "interestIncome": 174346000, "interestExpense": 21600000, "depreciationAndAmortization": 8798000, "ebitda": 141377000, "ebitdaratio": 0.8108990169, "operatingIncome": 132579000, "operatingIncomeRatio": 0.7604361442, "totalOtherIncomeExpensesNet": -21580000, "incomeBeforeTax": 110999000, "incomeBeforeTaxRatio": 0.6366592867, "incomeTaxExpense": 33935000, "netIncome": 77044000, "netIncomeRatio": 0.4419028828, "eps": 1.11, "epsdiluted": 1.1, "weightedAverageShsOut": 69409009, "weightedAverageShsOutDil": 69776000, "link": "https://www.sec.gov/Archives/edgar/data/1038205/000119312513083307/0001193125-13-083307-index.html", "finalLink": "https://www.sec.gov/Archives/edgar/data/1038205/000119312513083307/d446329d10k.htm", "calculatedOtherExpenses": -30197000, "calculatedOperatingExpenses": 41767000, "calculatedNetInterest": 152746000, "calculatedOtherIncome": -174326000, "calculatedIncomeNonControlling": 20000, "calculatedEbitda": 141377000}, {"date": "2011-12-31", "symbol": "OZK", "reportedCurrency": "USD", "cik": "0001569650", "fillingDate": "2012-02-29", "acceptedDate": "2012-02-29 12:04:22", "calendarYear": "2011", "period": "FY", "revenue": 294836000, "costOfRevenue": 74727000, "grossProfit": 220109000, "grossProfitRatio": 0.746547233, "researchAndDevelopmentExpenses": 0, "generalAndAdministrativeExpenses": 56263000, "sellingAndMarketingExpenses": 0, "sellingGeneralAndAdministrativeExpenses": 56263000, "otherExpenses": -65708000, "operatingExpenses": -9445000, "costAndExpenses": 65282000, "interestIncome": 177753000, "interestExpense": 30435000, "depreciationAndAmortization": 1677000, "ebitda": 188963000, "ebitdaratio": 0.6409088442, "operatingIncome": 187286000, "operatingIncomeRatio": 0.6352209364, "totalOtherIncomeExpensesNet": -35775000, "incomeBeforeTax": 151511000, "incomeBeforeTaxRatio": 0.5138822939, "incomeTaxExpense": 50208000, "netIncome": 101321000, "netIncomeRatio": 0.3436520642, "eps": 1.5, "epsdiluted": 1.5, "weightedAverageShsOut": 68964000, "weightedAverageShsOutDil": 68964000, "link": "https://www.sec.gov/Archives/edgar/data/1038205/000119312512087916/0001193125-12-087916-index.html", "finalLink": "https://www.sec.gov/Archives/edgar/data/1038205/000119312512087916/d290183d10k.htm", "calculatedOtherExpenses": -23440000, "calculatedOperatingExpenses": 32823000, "calculatedNetInterest": 147318000, "calculatedOtherIncome": -183093000, "calculatedIncomeNonControlling": -18000, "calculatedEbitda": 188963000}, {"date": "2010-12-31", "symbol": "OZK", "reportedCurrency": "USD", "cik": "0001569650", "fillingDate": "2011-03-10", "acceptedDate": "2011-03-10 14:09:00", "calendarYear": "2010", "period": "FY", "revenue": 193957000, "costOfRevenue": 0, "grossProfit": 193957000, "grossProfitRatio": 1, "researchAndDevelopmentExpenses": 0, "generalAndAdministrativeExpenses": 76801000, "sellingAndMarketingExpenses": 0, "sellingGeneralAndAdministrativeExpenses": 76801000, "otherExpenses": -145806000, "operatingExpenses": -69005000, "costAndExpenses": -69005000, "interestIncome": 123635000, "interestExpense": 34337000, "depreciationAndAmortization": 4902000, "ebitda": 129854000, "ebitdaratio": 0.6694989096, "operatingIncome": 124952000, "operatingIncomeRatio": 0.6442252664, "totalOtherIncomeExpensesNet": -34414000, "incomeBeforeTax": 90538000, "incomeBeforeTaxRatio": 0.4667941863, "incomeTaxExpense": 26614000, "netIncome": 64001000, "netIncomeRatio": 0.3299752007, "eps": 0.94, "epsdiluted": 0.94, "weightedAverageShsOut": 67905570, "weightedAverageShsOutDil": 68267733, "link": "https://www.sec.gov/Archives/edgar/data/1038205/000119312511062096/d10k.htm", "finalLink": "https://www.sec.gov/Archives/edgar/data/1038205/000119312511062096/d10k.htm", "calculatedOtherExpenses": -7796000, "calculatedOperatingExpenses": 69005000, "calculatedNetInterest": 89298000, "calculatedOtherIncome": -123712000, "calculatedIncomeNonControlling": -77000, "calculatedEbitda": 129854000}, {"date": "2009-12-31", "symbol": "OZK", "reportedCurrency": "USD", "cik": "0001569650", "fillingDate": "2010-03-11", "acceptedDate": "2010-03-11 09:38:35", "calendarYear": "2009", "period": "FY", "revenue": 169374000, "costOfRevenue": 0, "grossProfit": 169374000, "grossProfitRatio": 1, "researchAndDevelopmentExpenses": 0, "generalAndAdministrativeExpenses": 31847000, "sellingAndMarketingExpenses": 0, "sellingGeneralAndAdministrativeExpenses": 31847000, "otherExpenses": -110227000, "operatingExpenses": -78380000, "costAndExpenses": -78380000, "interestIncome": 118323000, "interestExpense": 47585000, "depreciationAndAmortization": 4282000, "ebitda": 95276000, "ebitdaratio": 0.5625184503, "operatingIncome": 90994000, "operatingIncomeRatio": 0.5372371202, "totalOtherIncomeExpensesNet": -35052000, "incomeBeforeTax": 55942000, "incomeBeforeTaxRatio": 0.3302868209, "incomeTaxExpense": 12859000, "netIncome": 43102000, "netIncomeRatio": 0.2544782552, "eps": 0.55, "epsdiluted": 0.55, "weightedAverageShsOut": 67600000, "weightedAverageShsOutDil": 67620000, "link": "https://www.sec.gov/Archives/edgar/data/1038205/000119312510053360/0001193125-10-053360-index.html", "finalLink": "https://www.sec.gov/Archives/edgar/data/1038205/000119312510053360/d10k.htm", "calculatedOtherExpenses": 46533000, "calculatedOperatingExpenses": 78380000, "calculatedNetInterest": 70738000, "calculatedOtherIncome": -105790000, "calculatedIncomeNonControlling": -19000, "calculatedEbitda": 95276000}, {"date": "2008-12-31", "symbol": "OZK", "reportedCurrency": "USD", "cik": "0001569650", "fillingDate": "2009-03-11", "acceptedDate": "2009-03-11 16:38:31", "calendarYear": "2008", "period": "FY", "revenue": 118050000, "costOfRevenue": 0, "grossProfit": 118050000, "grossProfitRatio": 1, "researchAndDevelopmentExpenses": 0, "generalAndAdministrativeExpenses": 30132000, "sellingAndMarketingExpenses": 1204000, "sellingGeneralAndAdministrativeExpenses": 31336000, "otherExpenses": -104759000, "operatingExpenses": -73423000, "costAndExpenses": -73423000, "interestIncome": 183003000, "interestExpense": 84302000, "depreciationAndAmortization": 3766000, "ebitda": 132695000, "ebitdaratio": 1.1240576027, "operatingIncome": 44627000, "operatingIncomeRatio": 0.378034731, "totalOtherIncomeExpensesNet": 0, "incomeBeforeTax": 44627000, "incomeBeforeTaxRatio": 0.378034731, "incomeTaxExpense": 9926000, "netIncome": 34701000, "netIncomeRatio": 0.2939517154, "eps": 0.51, "epsdiluted": 0.51, "weightedAverageShsOut": 67396000, "weightedAverageShsOutDil": 67496000, "link": "https://www.sec.gov/Archives/edgar/data/1038205/000119312509050891/0001193125-09-050891-index.html", "finalLink": "https://www.sec.gov/Archives/edgar/data/1038205/000119312509050891/d10k.htm", "calculatedOtherExpenses": 42087000, "calculatedOperatingExpenses": 73423000, "calculatedNetInterest": 98701000, "calculatedOtherIncome": -98701000, "calculatedIncomeNonControlling": 0, "calculatedEbitda": 48393000}, {"date": "2007-12-31", "symbol": "OZK", "reportedCurrency": "USD", "cik": "0001569650", "fillingDate": "2008-03-12", "acceptedDate": "2008-03-12 10:49:35", "calendarYear": "2007", "period": "FY", "revenue": 100593000, "costOfRevenue": 0, "grossProfit": 100593000, "grossProfitRatio": 1, "researchAndDevelopmentExpenses": 0, "generalAndAdministrativeExpenses": 28661000, "sellingAndMarketingExpenses": 1057000, "sellingGeneralAndAdministrativeExpenses": 29718000, "otherExpenses": 15232000, "operatingExpenses": 44950000, "costAndExpenses": 44950000, "interestIncome": 176970000, "interestExpense": 99352000, "depreciationAndAmortization": 3548000, "ebitda": 149091000, "ebitdaratio": 1.4821210223, "operatingIncome": 145543000, "operatingIncomeRatio": 1.4468501784, "totalOtherIncomeExpensesNet": -99352000, "incomeBeforeTax": 46191000, "incomeBeforeTaxRatio": 0.459187021, "incomeTaxExpense": 14445000, "netIncome": 31746000, "netIncomeRatio": 0.3155885598, "eps": 0.47, "epsdiluted": 0.47, "weightedAverageShsOut": 67187302, "weightedAverageShsOutDil": 67187302, "link": "https://www.sec.gov/Archives/edgar/data/1038205/000119312508053796/d10k.htm", "finalLink": "https://www.sec.gov/Archives/edgar/data/1038205/000119312508053796/d10k.htm", "calculatedOtherExpenses": -74668000, "calculatedOperatingExpenses": -44950000, "calculatedNetInterest": 77618000, "calculatedOtherIncome": -176970000, "calculatedIncomeNonControlling": 0, "calculatedEbitda": 149091000}, {"date": "2006-12-31", "symbol": "OZK", "reportedCurrency": "USD", "cik": "0001569650", "fillingDate": "2007-03-12", "acceptedDate": "2007-03-12 13:05:01", "calendarYear": "2006", "period": "FY", "revenue": 93951000, "costOfRevenue": 0, "grossProfit": 93951000, "grossProfitRatio": 1, "researchAndDevelopmentExpenses": 0, "generalAndAdministrativeExpenses": 27506000, "sellingAndMarketingExpenses": 1545000, "sellingGeneralAndAdministrativeExpenses": 29051000, "otherExpenses": -77891000, "operatingExpenses": -48840000, "costAndExpenses": -48840000, "interestIncome": 155198000, "interestExpense": 84478000, "depreciationAndAmortization": 2127000, "ebitda": 131716000, "ebitdaratio": 1.401964854, "operatingIncome": 45111000, "operatingIncomeRatio": 0.4801545486, "totalOtherIncomeExpensesNet": 0, "incomeBeforeTax": 45111000, "incomeBeforeTaxRatio": 0.4801545486, "incomeTaxExpense": 13418000, "netIncome": 31693000, "netIncomeRatio": 0.3373354195, "eps": 0.48, "epsdiluted": 0.47, "weightedAverageShsOut": 66722105, "weightedAverageShsOutDil": 67075132, "link": "https://www.sec.gov/Archives/edgar/data/1038205/000119312507051781/d10k.htm", "finalLink": "https://www.sec.gov/Archives/edgar/data/1038205/000119312507051781/d10k.htm", "calculatedOtherExpenses": 19789000, "calculatedOperatingExpenses": 48840000, "calculatedNetInterest": 70720000, "calculatedOtherIncome": -70720000, "calculatedIncomeNonControlling": 0, "calculatedEbitda": 47238000}, {"date": "2005-12-31", "symbol": "OZK", "reportedCurrency": "USD", "cik": "0001569650", "fillingDate": "2006-03-13", "acceptedDate": "2006-03-13 15:39:34", "calendarYear": "2005", "period": "FY", "revenue": 87828000, "costOfRevenue": 0, "grossProfit": 87828000, "grossProfitRatio": 1, "researchAndDevelopmentExpenses": 0, "generalAndAdministrativeExpenses": 23477000, "sellingAndMarketingExpenses": 1325000, "sellingGeneralAndAdministrativeExpenses": 24802000, "otherExpenses": -67182000, "operatingExpenses": -42380000, "costAndExpenses": -42380000, "interestIncome": 112881000, "interestExpense": 44305000, "depreciationAndAmortization": 2052000, "ebitda": 91805000, "ebitdaratio": 1.0452816869, "operatingIncome": 45448000, "operatingIncomeRatio": 0.5174659562, "totalOtherIncomeExpensesNet": 0, "incomeBeforeTax": 45448000, "incomeBeforeTaxRatio": 0.5174659562, "incomeTaxExpense": 13959000, "netIncome": 31489000, "netIncomeRatio": 0.3585303092, "eps": 0.47, "epsdiluted": 0.47, "weightedAverageShsOut": 66643386, "weightedAverageShsOutDil": 66997872, "link": "https://www.sec.gov/Archives/edgar/data/1038205/000119312506052228/d10k.htm", "finalLink": "https://www.sec.gov/Archives/edgar/data/1038205/000119312506052228/d10k.htm", "calculatedOtherExpenses": 17578000, "calculatedOperatingExpenses": 42380000, "calculatedNetInterest": 68576000, "calculatedOtherIncome": -68576000, "calculatedIncomeNonControlling": 0, "calculatedEbitda": 47500000}, {"date": "2004-12-31", "symbol": "OZK", "reportedCurrency": "USD", "cik": "0001569650", "fillingDate": "2005-03-11", "acceptedDate": "2005-03-11 15:05:24", "calendarYear": "2004", "period": "FY", "revenue": 78848000, "costOfRevenue": 0, "grossProfit": 78848000, "grossProfitRatio": 1, "researchAndDevelopmentExpenses": 0, "generalAndAdministrativeExpenses": 20666000, "sellingAndMarketingExpenses": 1434000, "sellingGeneralAndAdministrativeExpenses": 22100000, "otherExpenses": -38427000, "operatingExpenses": -16327000, "costAndExpenses": -16327000, "interestIncome": 85231000, "interestExpense": 24608000, "depreciationAndAmortization": 2749000, "ebitda": 65270000, "ebitdaratio": 0.8277952516, "operatingIncome": 62521000, "operatingIncomeRatio": 0.7929307021, "totalOtherIncomeExpensesNet": -24608000, "incomeBeforeTax": 37913000, "incomeBeforeTaxRatio": 0.4808365463, "incomeTaxExpense": 12030000, "netIncome": 25883000, "netIncomeRatio": 0.3282645089, "eps": 0.39, "epsdiluted": 0.39, "weightedAverageShsOut": 65641739, "weightedAverageShsOutDil": 66366667, "link": "https://www.sec.gov/Archives/edgar/data/1038205/000119312505047735/0001193125-05-047735-index.html", "finalLink": "https://www.sec.gov/Archives/edgar/data/1038205/000119312505047735/d10k.htm", "calculatedOtherExpenses": -5773000, "calculatedOperatingExpenses": 16327000, "calculatedNetInterest": 60623000, "calculatedOtherIncome": -85231000, "calculatedIncomeNonControlling": 0, "calculatedEbitda": 65270000}, {"date": "2003-12-31", "symbol": "OZK", "reportedCurrency": "USD", "cik": "0001569650", "fillingDate": "2004-03-12", "acceptedDate": "2004-03-12 14:31:51", "calendarYear": "2003", "period": "FY", "revenue": 66159000, "costOfRevenue": 0, "grossProfit": 66159000, "grossProfitRatio": 1, "researchAndDevelopmentExpenses": 0, "generalAndAdministrativeExpenses": 18411000, "sellingAndMarketingExpenses": 1016000, "sellingGeneralAndAdministrativeExpenses": 19427000, "otherExpenses": -55284000, "operatingExpenses": -35857000, "costAndExpenses": -35857000, "interestIncome": 68883000, "interestExpense": 20115000, "depreciationAndAmortization": 2882000, "ebitda": 53299000, "ebitdaratio": 0.8056197947, "operatingIncome": 30302000, "operatingIncomeRatio": 0.4580178056, "totalOtherIncomeExpensesNet": 0, "incomeBeforeTax": 30302000, "incomeBeforeTaxRatio": 0.4580178056, "incomeTaxExpense": 10101000, "netIncome": 20201000, "netIncomeRatio": 0.3053401654, "eps": 0.32, "epsdiluted": 0.31, "weightedAverageShsOut": 63625197, "weightedAverageShsOutDil": 65164516, "link": "https://www.sec.gov/Archives/edgar/data/1038205/000119312504040341/0001193125-04-040341-index.html", "finalLink": "https://www.sec.gov/Archives/edgar/data/1038205/000119312504040341/d10k.htm", "calculatedOtherExpenses": 16430000, "calculatedOperatingExpenses": 35857000, "calculatedNetInterest": 48768000, "calculatedOtherIncome": -48768000, "calculatedIncomeNonControlling": 0, "calculatedEbitda": 33184000}, {"date": "2002-12-31", "symbol": "OZK", "reportedCurrency": "USD", "cik": "0001569650", "fillingDate": "2003-03-19", "acceptedDate": "2003-03-19 16:32:54", "calendarYear": "2002", "period": "FY", "revenue": 53113000, "costOfRevenue": 0, "grossProfit": 53113000, "grossProfitRatio": 1, "researchAndDevelopmentExpenses": 0, "generalAndAdministrativeExpenses": 14395000, "sellingAndMarketingExpenses": 0, "sellingGeneralAndAdministrativeExpenses": 14395000, "otherExpenses": -25116000, "operatingExpenses": -10721000, "costAndExpenses": -10721000, "interestIncome": 60913000, "interestExpense": 19441000, "depreciationAndAmortization": 1757000, "ebitda": 44149000, "ebitdaratio": 0.8312277597, "operatingIncome": 42392000, "operatingIncomeRatio": 0.7981473462, "totalOtherIncomeExpensesNet": -19441000, "incomeBeforeTax": 22951000, "incomeBeforeTaxRatio": 0.432116431, "incomeTaxExpense": 8545000, "netIncome": 14406000, "netIncomeRatio": 0.2712330315, "eps": 0.24, "epsdiluted": 0.23, "weightedAverageShsOut": 61302128, "weightedAverageShsOutDil": 62634783, "link": "https://www.sec.gov/Archives/edgar/data/1038205/000093066103001094/0000930661-03-001094-index.html", "finalLink": "https://www.sec.gov/Archives/edgar/data/1038205/000093066103001094/d10k.htm", "calculatedOtherExpenses": -3674000, "calculatedOperatingExpenses": 10721000, "calculatedNetInterest": 41472000, "calculatedOtherIncome": -60913000, "calculatedIncomeNonControlling": 0, "calculatedEbitda": 44149000}, {"date": "2001-12-31", "symbol": "OZK", "reportedCurrency": "USD", "cik": "0001569650", "fillingDate": "2002-03-21", "acceptedDate": "2002-03-21 00:00:00", "calendarYear": "2001", "period": "FY", "revenue": 37058000, "costOfRevenue": 0, "grossProfit": 37058000, "grossProfitRatio": 1, "researchAndDevelopmentExpenses": 0, "generalAndAdministrativeExpenses": 10551000, "sellingAndMarketingExpenses": 0, "sellingGeneralAndAdministrativeExpenses": 10551000, "otherExpenses": -4155000, "operatingExpenses": 6396000, "costAndExpenses": 6396000, "interestIncome": 60119000, "interestExpense": 30414000, "depreciationAndAmortization": 1736000, "ebitda": 45190000, "ebitdaratio": 1.2194397971, "operatingIncome": 43454000, "operatingIncomeRatio": 1.1725943116, "totalOtherIncomeExpensesNet": -30414000, "incomeBeforeTax": 13040000, "incomeBeforeTaxRatio": 0.3518808354, "incomeTaxExpense": 4081000, "netIncome": 8959000, "netIncomeRatio": 0.241756166, "eps": 0.15, "epsdiluted": 0.15, "weightedAverageShsOut": 60738983, "weightedAverageShsOutDil": 61258120, "link": "https://www.sec.gov/Archives/edgar/data/1038205/000093066102000802/0000930661-02-000802-index.html", "finalLink": "https://www.sec.gov/Archives/edgar/data/1038205/000093066102000802/d10k.txt", "calculatedOtherExpenses": -16947000, "calculatedOperatingExpenses": -6396000, "calculatedNetInterest": 29705000, "calculatedOtherIncome": -60119000, "calculatedIncomeNonControlling": 0, "calculatedEbitda": 45190000}, {"date": "2000-12-31", "symbol": "OZK", "reportedCurrency": "USD", "cik": "0001569650", "fillingDate": "2001-03-22", "acceptedDate": "2001-03-22 00:00:00", "calendarYear": "2000", "period": "FY", "revenue": 29205000, "costOfRevenue": 0, "grossProfit": 29205000, "grossProfitRatio": 1, "researchAndDevelopmentExpenses": 0, "generalAndAdministrativeExpenses": 8928000, "sellingAndMarketingExpenses": 0, "sellingGeneralAndAdministrativeExpenses": 8928000, "otherExpenses": -28217000, "operatingExpenses": -19289000, "costAndExpenses": -19289000, "interestIncome": 60752000, "interestExpense": 37089000, "depreciationAndAmortization": 1679000, "ebitda": 48684000, "ebitdaratio": 1.6669748331, "operatingIncome": 9916000, "operatingIncomeRatio": 0.3395309022, "totalOtherIncomeExpensesNet": 0, "incomeBeforeTax": 9916000, "incomeBeforeTaxRatio": 0.3395309022, "incomeTaxExpense": 2289000, "netIncome": 7627000, "netIncomeRatio": 0.261153912, "eps": 0.1, "epsdiluted": 0.1, "weightedAverageShsOut": 60400000, "weightedAverageShsOutDil": 60400000, "link": "https://www.sec.gov/Archives/edgar/data/1038205/000093066101000640/0000930661-01-000640-index.html", "finalLink": "https://www.sec.gov/Archives/edgar/data/1038205/000093066101000640/0000930661-01-000640-0001.txt", "calculatedOtherExpenses": 10361000, "calculatedOperatingExpenses": 19289000, "calculatedNetInterest": 23663000, "calculatedOtherIncome": -23663000, "calculatedIncomeNonControlling": 0, "calculatedEbitda": 11595000}, {"date": "1999-12-31", "symbol": "OZK", "reportedCurrency": "USD", "cik": "0001569650", "fillingDate": "2000-03-23", "acceptedDate": "2000-03-23 00:00:00", "calendarYear": "1999", "period": "FY", "revenue": 28900000, "costOfRevenue": 0, "grossProfit": 28900000, "grossProfitRatio": 1, "researchAndDevelopmentExpenses": 0, "generalAndAdministrativeExpenses": 8800000, "sellingAndMarketingExpenses": 0, "sellingGeneralAndAdministrativeExpenses": 8800000, "otherExpenses": -800000, "operatingExpenses": 8000000, "costAndExpenses": 8000000, "interestIncome": 51600000, "interestExpense": 27800000, "depreciationAndAmortization": 1600000, "ebitda": 38500000, "ebitdaratio": 1.3321799308, "operatingIncome": 36900000, "operatingIncomeRatio": 1.276816609, "totalOtherIncomeExpensesNet": -27800000, "incomeBeforeTax": 9100000, "incomeBeforeTaxRatio": 0.3148788927, "incomeTaxExpense": 2500000, "netIncome": 6600000, "netIncomeRatio": 0.2283737024, "eps": 0.11, "epsdiluted": 0.11, "weightedAverageShsOut": 60000000, "weightedAverageShsOutDil": 60342857, "link": "https://www.sec.gov/Archives/edgar/data/1038205/000093066100000655/0000930661-00-000655-index.html", "finalLink": "https://www.sec.gov/Archives/edgar/data/1038205/000093066100000655/0000930661-00-000655.txt", "calculatedOtherExpenses": -16800000, "calculatedOperatingExpenses": -8000000, "calculatedNetInterest": 23800000, "calculatedOtherIncome": -51600000, "calculatedIncomeNonControlling": 0, "calculatedEbitda": 38500000}, {"date": "1998-12-31", "symbol": "OZK", "reportedCurrency": "USD", "cik": "0001569650", "fillingDate": "1999-03-17", "acceptedDate": "1999-03-17 00:00:00", "calendarYear": "1998", "period": "FY", "revenue": 23400000, "costOfRevenue": 0, "grossProfit": 23400000, "grossProfitRatio": 1, "researchAndDevelopmentExpenses": 0, "generalAndAdministrativeExpenses": 7200000, "sellingAndMarketingExpenses": 0, "sellingGeneralAndAdministrativeExpenses": 7200000, "otherExpenses": -22300000, "operatingExpenses": -15100000, "costAndExpenses": -15100000, "interestIncome": 38900000, "interestExpense": 20500000, "depreciationAndAmortization": 1100000, "ebitda": 29800000, "ebitdaratio": 1.2735042735, "operatingIncome": 8300000, "operatingIncomeRatio": 0.3547008547, "totalOtherIncomeExpensesNet": -100000, "incomeBeforeTax": 8200000, "incomeBeforeTaxRatio": 0.3504273504, "incomeTaxExpense": 2600000, "netIncome": 5600000, "netIncomeRatio": 0.2393162393, "eps": 0.0931, "epsdiluted": 0.0919, "weightedAverageShsOut": 60134228, "weightedAverageShsOutDil": 60952381, "link": "https://www.sec.gov/Archives/edgar/data/1038205/000093066199000468/0000930661-99-000468-index.html", "finalLink": "https://www.sec.gov/Archives/edgar/data/1038205/0000930661-99-000468.txt", "calculatedOtherExpenses": 7900000, "calculatedOperatingExpenses": 15100000, "calculatedNetInterest": 18400000, "calculatedOtherIncome": -18500000, "calculatedIncomeNonControlling": 0, "calculatedEbitda": 9400000}, {"date": "1997-12-31", "symbol": "OZK", "reportedCurrency": "USD", "cik": "0001569650", "fillingDate": "1998-03-23", "acceptedDate": "1998-03-23 00:00:00", "calendarYear": "1997", "period": "FY", "revenue": 17400000, "costOfRevenue": 0, "grossProfit": 17400000, "grossProfitRatio": 1, "researchAndDevelopmentExpenses": 0, "generalAndAdministrativeExpenses": 5300000, "sellingAndMarketingExpenses": 0, "sellingGeneralAndAdministrativeExpenses": 5300000, "otherExpenses": -2700000, "operatingExpenses": 2600000, "costAndExpenses": 2600000, "interestIncome": 27500000, "interestExpense": 13000000, "depreciationAndAmortization": 600000, "ebitda": 20600000, "ebitdaratio": 1.183908046, "operatingIncome": 20000000, "operatingIncomeRatio": 1.1494252874, "totalOtherIncomeExpensesNet": -13000000, "incomeBeforeTax": 7000000, "incomeBeforeTaxRatio": 0.4022988506, "incomeTaxExpense": 2500000, "netIncome": 4500000, "netIncomeRatio": 0.2586206897, "eps": 0.0862, "epsdiluted": 0.0862, "weightedAverageShsOut": 52173913, "weightedAverageShsOutDil": 52173913, "link": "https://www.sec.gov/Archives/edgar/data/1038205/000093066198000570/0000930661-98-000570-index.html", "finalLink": "https://www.sec.gov/Archives/edgar/data/1038205/0000930661-98-000570.txt", "calculatedOtherExpenses": -7900000, "calculatedOperatingExpenses": -2600000, "calculatedNetInterest": 14500000, "calculatedOtherIncome": -27500000, "calculatedIncomeNonControlling": 0, "calculatedEbitda": 20600000}, {"date": "1996-12-31", "symbol": "OZK", "reportedCurrency": "USD", "cik": "0001569650", "fillingDate": "1996-12-31", "acceptedDate": "1996-12-30 19:00:00", "calendarYear": "1996", "period": "FY", "revenue": 13700000, "costOfRevenue": 0, "grossProfit": 13700000, "grossProfitRatio": 1, "researchAndDevelopmentExpenses": 0, "generalAndAdministrativeExpenses": 4300000, "sellingAndMarketingExpenses": 0, "sellingGeneralAndAdministrativeExpenses": 4300000, "otherExpenses": -3000000, "operatingExpenses": 1300000, "costAndExpenses": 1300000, "interestIncome": 21800000, "interestExpense": 10000000, "depreciationAndAmortization": 600000, "ebitda": 15600000, "ebitdaratio": 1.1386861314, "operatingIncome": 15000000, "operatingIncomeRatio": 1.0948905109, "totalOtherIncomeExpensesNet": -10000000, "incomeBeforeTax": 5000000, "incomeBeforeTaxRatio": 0.3649635036, "incomeTaxExpense": 2000000, "netIncome": 3000000, "netIncomeRatio": 0.2189781022, "eps": 0.0656, "epsdiluted": 0.0656, "weightedAverageShsOut": 45714286, "weightedAverageShsOutDil": 45714286, "link": "", "finalLink": "", "calculatedOtherExpenses": -5600000, "calculatedOperatingExpenses": -1300000, "calculatedNetInterest": 11800000, "calculatedOtherIncome": -21800000, "calculatedIncomeNonControlling": 0, "calculatedEbitda": 15600000}]}