{"originalCurrency": "USD", "convertedCurrency": "USD", "report": [{"date": "2023-12-31", "symbol": "PAA", "reportedCurrency": "USD", "cik": "0001070423", "fillingDate": "2024-02-29", "acceptedDate": "2024-02-28 21:28:03", "calendarYear": "2023", "period": "FY", "revenue": 48744000000, "costOfRevenue": 46959000000, "grossProfit": 1785000000, "grossProfitRatio": 0.0366198917, "researchAndDevelopmentExpenses": 0, "generalAndAdministrativeExpenses": 350000000, "sellingAndMarketingExpenses": 0, "sellingGeneralAndAdministrativeExpenses": 350000000, "otherExpenses": 29000000, "operatingExpenses": 350000000, "costAndExpenses": 47309000000, "interestIncome": 0, "interestExpense": 396000000, "depreciationAndAmortization": 1048000000, "ebitda": 2483000000, "ebitdaratio": 0.0509396028, "operatingIncome": 1435000000, "operatingIncomeRatio": 0.0294395208, "totalOtherIncomeExpensesNet": 188000000, "incomeBeforeTax": 1623000000, "incomeBeforeTaxRatio": 0.0332964057, "incomeTaxExpense": 121000000, "netIncome": 1230000000, "netIncomeRatio": 0.0252338749, "eps": 1.4, "epsdiluted": 1.4, "weightedAverageShsOut": 699000000, "weightedAverageShsOutDil": 699000000, "link": "https://www.sec.gov/Archives/edgar/data/1070423/000107042324000008/0001070423-24-000008-index.htm", "finalLink": "https://www.sec.gov/Archives/edgar/data/1070423/000107042324000008/paa-20231231.htm", "calculatedOtherExpenses": 0, "calculatedOperatingExpenses": 350000000, "calculatedNetInterest": -396000000, "calculatedOtherIncome": 584000000, "calculatedIncomeNonControlling": 272000000, "calculatedEbitda": 2483000000}, {"date": "2022-12-31", "symbol": "PAA", "reportedCurrency": "USD", "cik": "0001070423", "fillingDate": "2023-03-01", "acceptedDate": "2023-02-28 21:32:03", "calendarYear": "2022", "period": "FY", "revenue": 57342000000, "costOfRevenue": 55456000000, "grossProfit": 1886000000, "grossProfitRatio": 0.032890377, "researchAndDevelopmentExpenses": 0, "generalAndAdministrativeExpenses": 325000000, "sellingAndMarketingExpenses": 0, "sellingGeneralAndAdministrativeExpenses": 325000000, "otherExpenses": -219000000, "operatingExpenses": 325000000, "costAndExpenses": 55781000000, "interestIncome": 405000000, "interestExpense": 405000000, "depreciationAndAmortization": 965000000, "ebitda": 1745000000, "ebitdaratio": 0.0304314464, "operatingIncome": 780000000, "operatingIncomeRatio": 0.013602595, "totalOtherIncomeExpensesNet": 637000000, "incomeBeforeTax": 1417000000, "incomeBeforeTaxRatio": 0.0247113808, "incomeTaxExpense": 189000000, "netIncome": 1037000000, "netIncomeRatio": 0.0180844756, "eps": 1.19, "epsdiluted": 1.19, "weightedAverageShsOut": 701000000, "weightedAverageShsOutDil": 701000000, "link": "https://www.sec.gov/Archives/edgar/data/1070423/000107042323000006/0001070423-23-000006-index.htm", "finalLink": "https://www.sec.gov/Archives/edgar/data/1070423/000107042323000006/paa-20221231.htm", "calculatedOtherExpenses": 781000000, "calculatedOperatingExpenses": 1106000000, "calculatedNetInterest": 0, "calculatedOtherIncome": 637000000, "calculatedIncomeNonControlling": 191000000, "calculatedEbitda": 1745000000}, {"date": "2021-12-31", "symbol": "PAA", "reportedCurrency": "USD", "cik": "0001070423", "fillingDate": "2022-03-01", "acceptedDate": "2022-02-28 21:39:50", "calendarYear": "2021", "period": "FY", "revenue": 42043000000, "costOfRevenue": 40308000000, "grossProfit": 1735000000, "grossProfitRatio": 0.041267274, "researchAndDevelopmentExpenses": 0, "generalAndAdministrativeExpenses": 292000000, "sellingAndMarketingExpenses": 0, "sellingGeneralAndAdministrativeExpenses": 292000000, "otherExpenses": 19000000, "operatingExpenses": 292000000, "costAndExpenses": 40600000000, "interestIncome": 425000000, "interestExpense": 425000000, "depreciationAndAmortization": 774000000, "ebitda": 2033000000, "ebitdaratio": 0.0483552553, "operatingIncome": 1259000000, "operatingIncomeRatio": 0.029945532, "totalOtherIncomeExpensesNet": -538000000, "incomeBeforeTax": 721000000, "incomeBeforeTaxRatio": 0.0171491092, "incomeTaxExpense": 73000000, "netIncome": 593000000, "netIncomeRatio": 0.0141046072, "eps": 0.55, "epsdiluted": 0.55, "weightedAverageShsOut": 716000000, "weightedAverageShsOutDil": 716000000, "link": "https://www.sec.gov/Archives/edgar/data/1070423/000107042322000006/0001070423-22-000006-index.htm", "finalLink": "https://www.sec.gov/Archives/edgar/data/1070423/000107042322000006/paa-20211231.htm", "calculatedOtherExpenses": 184000000, "calculatedOperatingExpenses": 476000000, "calculatedNetInterest": 0, "calculatedOtherIncome": -538000000, "calculatedIncomeNonControlling": 55000000, "calculatedEbitda": 2033000000}, {"date": "2020-12-31", "symbol": "PAA", "reportedCurrency": "USD", "cik": "0001070423", "fillingDate": "2021-03-01", "acceptedDate": "2021-02-26 19:42:43", "calendarYear": "2020", "period": "FY", "revenue": 23290000000, "costOfRevenue": 22160000000, "grossProfit": 1130000000, "grossProfitRatio": 0.0485186775, "researchAndDevelopmentExpenses": 0, "generalAndAdministrativeExpenses": 271000000, "sellingAndMarketingExpenses": 0, "sellingGeneralAndAdministrativeExpenses": 271000000, "otherExpenses": 39000000, "operatingExpenses": 271000000, "costAndExpenses": 22431000000, "interestIncome": 436000000, "interestExpense": 436000000, "depreciationAndAmortization": 653000000, "ebitda": 4275000000, "ebitdaratio": 0.1835551739, "operatingIncome": 3622000000, "operatingIncomeRatio": 0.1555173894, "totalOtherIncomeExpensesNet": -6221000000, "incomeBeforeTax": -2599000000, "incomeBeforeTaxRatio": -0.1115929584, "incomeTaxExpense": -19000000, "netIncome": -2580000000, "netIncomeRatio": -0.1107771576, "eps": -3.54, "epsdiluted": -3.54, "weightedAverageShsOut": 728000000, "weightedAverageShsOutDil": 728000000, "link": "https://www.sec.gov/Archives/edgar/data/1070423/000107042321000008/0001070423-21-000008-index.htm", "finalLink": "https://www.sec.gov/Archives/edgar/data/1070423/000107042321000008/paa-20201231.htm", "calculatedOtherExpenses": -2763000000, "calculatedOperatingExpenses": -2492000000, "calculatedNetInterest": 0, "calculatedOtherIncome": -6221000000, "calculatedIncomeNonControlling": 0, "calculatedEbitda": 4275000000}, {"date": "2019-12-31", "symbol": "PAA", "reportedCurrency": "USD", "cik": "0001070423", "fillingDate": "2020-02-27", "acceptedDate": "2020-02-27 13:54:43", "calendarYear": "2019", "period": "FY", "revenue": 33669000000, "costOfRevenue": 31356000000, "grossProfit": 2313000000, "grossProfitRatio": 0.068698209, "researchAndDevelopmentExpenses": 0, "generalAndAdministrativeExpenses": 297000000, "sellingAndMarketingExpenses": 0, "sellingGeneralAndAdministrativeExpenses": 297000000, "otherExpenses": 24000000, "operatingExpenses": 297000000, "costAndExpenses": 31653000000, "interestIncome": 425000000, "interestExpense": 425000000, "depreciationAndAmortization": 601000000, "ebitda": 1773000000, "ebitdaratio": 0.0526597167, "operatingIncome": 1172000000, "operatingIncomeRatio": 0.0348094687, "totalOtherIncomeExpensesNet": 1074000000, "incomeBeforeTax": 2246000000, "incomeBeforeTaxRatio": 0.0667082479, "incomeTaxExpense": 66000000, "netIncome": 2171000000, "netIncomeRatio": 0.0644806796, "eps": 2.71, "epsdiluted": 2.65, "weightedAverageShsOut": 727000000, "weightedAverageShsOutDil": 800000000, "link": "https://www.sec.gov/Archives/edgar/data/1070423/000107042320000004/0001070423-20-000004-index.htm", "finalLink": "https://www.sec.gov/Archives/edgar/data/1070423/000107042320000004/paa-20191231.htm", "calculatedOtherExpenses": 844000000, "calculatedOperatingExpenses": 1141000000, "calculatedNetInterest": 0, "calculatedOtherIncome": 1074000000, "calculatedIncomeNonControlling": 9000000, "calculatedEbitda": 1773000000}, {"date": "2018-12-31", "symbol": "PAA", "reportedCurrency": "USD", "cik": "0001070423", "fillingDate": "2019-02-27", "acceptedDate": "2019-02-26 21:40:51", "calendarYear": "2018", "period": "FY", "revenue": 34055000000, "costOfRevenue": 31576000000, "grossProfit": 2479000000, "grossProfitRatio": 0.0727940097, "researchAndDevelopmentExpenses": 0, "generalAndAdministrativeExpenses": 316000000, "sellingAndMarketingExpenses": 0, "sellingGeneralAndAdministrativeExpenses": 316000000, "otherExpenses": -7000000, "operatingExpenses": 316000000, "costAndExpenses": 31892000000, "interestIncome": 0, "interestExpense": 431000000, "depreciationAndAmortization": 520000000, "ebitda": 2531000000, "ebitdaratio": 0.0743209514, "operatingIncome": 2277000000, "operatingIncomeRatio": 0.0668624284, "totalOtherIncomeExpensesNet": 682000000, "incomeBeforeTax": 2414000000, "incomeBeforeTaxRatio": 0.0708853326, "incomeTaxExpense": 198000000, "netIncome": 2216000000, "netIncomeRatio": 0.0650712083, "eps": 2.77, "epsdiluted": 2.77, "weightedAverageShsOut": 799000000, "weightedAverageShsOutDil": 799000000, "link": "https://www.sec.gov/Archives/edgar/data/1070423/000107042319000004/0001070423-19-000004-index.htm", "finalLink": "https://www.sec.gov/Archives/edgar/data/1070423/000107042319000004/paa201810-k.htm", "calculatedOtherExpenses": -114000000, "calculatedOperatingExpenses": 202000000, "calculatedNetInterest": -431000000, "calculatedOtherIncome": 568000000, "calculatedIncomeNonControlling": 0, "calculatedEbitda": 2797000000}, {"date": "2017-12-31", "symbol": "PAA", "reportedCurrency": "USD", "cik": "0001070423", "fillingDate": "2018-02-27", "acceptedDate": "2018-02-26 19:33:11", "calendarYear": "2017", "period": "FY", "revenue": 26223000000, "costOfRevenue": 24794000000, "grossProfit": 1429000000, "grossProfitRatio": 0.0544941464, "researchAndDevelopmentExpenses": 0, "generalAndAdministrativeExpenses": 276000000, "sellingAndMarketingExpenses": 0, "sellingGeneralAndAdministrativeExpenses": 276000000, "otherExpenses": -31000000, "operatingExpenses": 276000000, "costAndExpenses": 25070000000, "interestIncome": 0, "interestExpense": 510000000, "depreciationAndAmortization": 626000000, "ebitda": 1412000000, "ebitdaratio": 0.0538458605, "operatingIncome": 1153000000, "operatingIncomeRatio": 0.0439690348, "totalOtherIncomeExpensesNet": 259000000, "incomeBeforeTax": 902000000, "incomeBeforeTaxRatio": 0.0343972848, "incomeTaxExpense": 44000000, "netIncome": 856000000, "netIncomeRatio": 0.0326430996, "eps": 0.96, "epsdiluted": 0.95, "weightedAverageShsOut": 717000000, "weightedAverageShsOutDil": 718000000, "link": "https://www.sec.gov/Archives/edgar/data/1070423/000107042318000006/0001070423-18-000006-index.htm", "finalLink": "https://www.sec.gov/Archives/edgar/data/1070423/000107042318000006/paa201710-k.htm", "calculatedOtherExpenses": 0, "calculatedOperatingExpenses": 276000000, "calculatedNetInterest": -510000000, "calculatedOtherIncome": 259000000, "calculatedIncomeNonControlling": 2000000, "calculatedEbitda": 1779000000}, {"date": "2016-12-31", "symbol": "PAA", "reportedCurrency": "USD", "cik": "0001070423", "fillingDate": "2017-02-23", "acceptedDate": "2017-02-23 07:29:29", "calendarYear": "2016", "period": "FY", "revenue": 20182000000, "costOfRevenue": 18909000000, "grossProfit": 1273000000, "grossProfitRatio": 0.0630760083, "researchAndDevelopmentExpenses": 0, "generalAndAdministrativeExpenses": 279000000, "sellingAndMarketingExpenses": 0, "sellingGeneralAndAdministrativeExpenses": 279000000, "otherExpenses": 33000000, "operatingExpenses": 279000000, "costAndExpenses": 19188000000, "interestIncome": 0, "interestExpense": 467000000, "depreciationAndAmortization": 494000000, "ebitda": 1222000000, "ebitdaratio": 0.0605490041, "operatingIncome": 994000000, "operatingIncomeRatio": 0.0492518085, "totalOtherIncomeExpensesNet": 228000000, "incomeBeforeTax": 755000000, "incomeBeforeTaxRatio": 0.0374095729, "incomeTaxExpense": 25000000, "netIncome": 726000000, "netIncomeRatio": 0.0359726489, "eps": 0.43, "epsdiluted": 0.43, "weightedAverageShsOut": 464000000, "weightedAverageShsOutDil": 466000000, "link": "https://www.sec.gov/Archives/edgar/data/1070423/000107042317000003/0001070423-17-000003-index.htm", "finalLink": "https://www.sec.gov/Archives/edgar/data/1070423/000107042317000003/paa1231201610-k.htm", "calculatedOtherExpenses": 0, "calculatedOperatingExpenses": 279000000, "calculatedNetInterest": -467000000, "calculatedOtherIncome": 228000000, "calculatedIncomeNonControlling": 4000000, "calculatedEbitda": 1488000000}, {"date": "2015-12-31", "symbol": "PAA", "reportedCurrency": "USD", "cik": "0001070423", "fillingDate": "2016-02-25", "acceptedDate": "2016-02-25 16:43:13", "calendarYear": "2015", "period": "FY", "revenue": 23152000000, "costOfRevenue": 21612000000, "grossProfit": 1540000000, "grossProfitRatio": 0.0665169316, "researchAndDevelopmentExpenses": 0, "generalAndAdministrativeExpenses": 278000000, "sellingAndMarketingExpenses": 0, "sellingGeneralAndAdministrativeExpenses": 278000000, "otherExpenses": -7000000, "operatingExpenses": 278000000, "costAndExpenses": 21890000000, "interestIncome": 0, "interestExpense": 432000000, "depreciationAndAmortization": 432000000, "ebitda": 1438000000, "ebitdaratio": 0.0621112647, "operatingIncome": 1262000000, "operatingIncomeRatio": 0.0545093296, "totalOtherIncomeExpensesNet": 176000000, "incomeBeforeTax": 1006000000, "incomeBeforeTaxRatio": 0.0434519696, "incomeTaxExpense": 100000000, "netIncome": 903000000, "netIncomeRatio": 0.0390031099, "eps": 0.78, "epsdiluted": 0.77, "weightedAverageShsOut": 394000000, "weightedAverageShsOutDil": 396000000, "link": "https://www.sec.gov/Archives/edgar/data/1070423/000110465916100030/0001104659-16-100030-index.htm", "finalLink": "https://www.sec.gov/Archives/edgar/data/1070423/000110465916100030/a15-24557_110k.htm", "calculatedOtherExpenses": 0, "calculatedOperatingExpenses": 278000000, "calculatedNetInterest": -432000000, "calculatedOtherIncome": 176000000, "calculatedIncomeNonControlling": 3000000, "calculatedEbitda": 1694000000}, {"date": "2014-12-31", "symbol": "PAA", "reportedCurrency": "USD", "cik": "0001070423", "fillingDate": "2015-02-25", "acceptedDate": "2015-02-25 06:05:27", "calendarYear": "2014", "period": "FY", "revenue": 43464000000, "costOfRevenue": 41348000000, "grossProfit": 2116000000, "grossProfitRatio": 0.0486839683, "researchAndDevelopmentExpenses": 0, "generalAndAdministrativeExpenses": 325000000, "sellingAndMarketingExpenses": 0, "sellingGeneralAndAdministrativeExpenses": 325000000, "otherExpenses": -2000000, "operatingExpenses": 325000000, "costAndExpenses": 41673000000, "interestIncome": 0, "interestExpense": 340000000, "depreciationAndAmortization": 392000000, "ebitda": 1897000000, "ebitdaratio": 0.0436453157, "operatingIncome": 1791000000, "operatingIncomeRatio": 0.0412065157, "totalOtherIncomeExpensesNet": 106000000, "incomeBeforeTax": 1557000000, "incomeBeforeTaxRatio": 0.0358227499, "incomeTaxExpense": 171000000, "netIncome": 1384000000, "netIncomeRatio": 0.0318424443, "eps": 2.39, "epsdiluted": 2.38, "weightedAverageShsOut": 367000000, "weightedAverageShsOutDil": 369000000, "link": "https://www.sec.gov/Archives/edgar/data/1070423/000110465915013616/0001104659-15-013616-index.htm", "finalLink": "https://www.sec.gov/Archives/edgar/data/1070423/000110465915013616/a14-25277_110k.htm", "calculatedOtherExpenses": 0, "calculatedOperatingExpenses": 325000000, "calculatedNetInterest": -340000000, "calculatedOtherIncome": 106000000, "calculatedIncomeNonControlling": 2000000, "calculatedEbitda": 2183000000}, {"date": "2013-12-31", "symbol": "PAA", "reportedCurrency": "USD", "cik": "0001070423", "fillingDate": "2014-02-28", "acceptedDate": "2014-02-27 18:34:55", "calendarYear": "2013", "period": "FY", "revenue": 42249000000, "costOfRevenue": 40162000000, "grossProfit": 2087000000, "grossProfitRatio": 0.0493976189, "researchAndDevelopmentExpenses": 0, "generalAndAdministrativeExpenses": 359000000, "sellingAndMarketingExpenses": 0, "sellingGeneralAndAdministrativeExpenses": 359000000, "otherExpenses": 1000000, "operatingExpenses": 359000000, "costAndExpenses": 40521000000, "interestIncome": 0, "interestExpense": 303000000, "depreciationAndAmortization": 375000000, "ebitda": 1793000000, "ebitdaratio": 0.0424388743, "operatingIncome": 1728000000, "operatingIncomeRatio": 0.0409003763, "totalOtherIncomeExpensesNet": 65000000, "incomeBeforeTax": 1490000000, "incomeBeforeTaxRatio": 0.0352671069, "incomeTaxExpense": 99000000, "netIncome": 1361000000, "netIncomeRatio": 0.0322137802, "eps": 2.82, "epsdiluted": 2.8, "weightedAverageShsOut": 341000000, "weightedAverageShsOutDil": 343000000, "link": "https://www.sec.gov/Archives/edgar/data/1070423/000110465914014322/0001104659-14-014322-index.htm", "finalLink": "https://www.sec.gov/Archives/edgar/data/1070423/000110465914014322/a13-25941_110k.htm", "calculatedOtherExpenses": 0, "calculatedOperatingExpenses": 359000000, "calculatedNetInterest": -303000000, "calculatedOtherIncome": 65000000, "calculatedIncomeNonControlling": 30000000, "calculatedEbitda": 2103000000}, {"date": "2012-12-31", "symbol": "PAA", "reportedCurrency": "USD", "cik": "0001070423", "fillingDate": "2013-02-27", "acceptedDate": "2013-02-27 17:20:14", "calendarYear": "2012", "period": "FY", "revenue": 37797000000, "costOfRevenue": 36030000000, "grossProfit": 1767000000, "grossProfitRatio": 0.046749742, "researchAndDevelopmentExpenses": 0, "generalAndAdministrativeExpenses": 342000000, "sellingAndMarketingExpenses": 0, "sellingGeneralAndAdministrativeExpenses": 342000000, "otherExpenses": 6000000, "operatingExpenses": 342000000, "costAndExpenses": 36372000000, "interestIncome": 0, "interestExpense": 288000000, "depreciationAndAmortization": 482000000, "ebitda": 1469000000, "ebitdaratio": 0.0388655184, "operatingIncome": 1425000000, "operatingIncomeRatio": 0.0377014049, "totalOtherIncomeExpensesNet": 44000000, "incomeBeforeTax": 1181000000, "incomeBeforeTaxRatio": 0.0312458661, "incomeTaxExpense": 54000000, "netIncome": 1094000000, "netIncomeRatio": 0.0289440961, "eps": 2.41, "epsdiluted": 2.4, "weightedAverageShsOut": 325000000, "weightedAverageShsOutDil": 328000000, "link": "https://www.sec.gov/Archives/edgar/data/1070423/000110465913015163/0001104659-13-015163-index.htm", "finalLink": "https://www.sec.gov/Archives/edgar/data/1070423/000110465913015163/a12-27689_110k.htm", "calculatedOtherExpenses": 0, "calculatedOperatingExpenses": 342000000, "calculatedNetInterest": -288000000, "calculatedOtherIncome": 44000000, "calculatedIncomeNonControlling": 33000000, "calculatedEbitda": 1907000000}, {"date": "2011-12-31", "symbol": "PAA", "reportedCurrency": "USD", "cik": "0001070423", "fillingDate": "2012-02-28", "acceptedDate": "2012-02-27 21:59:58", "calendarYear": "2011", "period": "FY", "revenue": 34275000000, "costOfRevenue": 32434000000, "grossProfit": 1841000000, "grossProfitRatio": 0.0537126185, "researchAndDevelopmentExpenses": 0, "generalAndAdministrativeExpenses": 294000000, "sellingAndMarketingExpenses": 0, "sellingGeneralAndAdministrativeExpenses": 294000000, "otherExpenses": 249000000, "operatingExpenses": 543000000, "costAndExpenses": 32977000000, "interestIncome": 0, "interestExpense": 253000000, "depreciationAndAmortization": 249000000, "ebitda": 1560000000, "ebitdaratio": 0.0455142232, "operatingIncome": 1298000000, "operatingIncomeRatio": 0.0378701678, "totalOtherIncomeExpensesNet": -6000000, "incomeBeforeTax": 1039000000, "incomeBeforeTaxRatio": 0.0303136397, "incomeTaxExpense": 45000000, "netIncome": 966000000, "netIncomeRatio": 0.0281838074, "eps": 2.46, "epsdiluted": 2.44, "weightedAverageShsOut": 297000000, "weightedAverageShsOutDil": 299000000, "link": "https://www.sec.gov/Archives/edgar/data/1070423/000110465912013480/0001104659-12-013480-index.htm", "finalLink": "https://www.sec.gov/Archives/edgar/data/1070423/000110465912013480/a11-30215_110k.htm", "calculatedOtherExpenses": 249000000, "calculatedOperatingExpenses": 543000000, "calculatedNetInterest": -253000000, "calculatedOtherIncome": -6000000, "calculatedIncomeNonControlling": 28000000, "calculatedEbitda": 1547000000}, {"date": "2010-12-31", "symbol": "PAA", "reportedCurrency": "USD", "cik": "0001070423", "fillingDate": "2011-02-25", "acceptedDate": "2011-02-25 17:14:46", "calendarYear": "2010", "period": "FY", "revenue": 25893000000, "costOfRevenue": 24610000000, "grossProfit": 1283000000, "grossProfitRatio": 0.0495500714, "researchAndDevelopmentExpenses": 0, "generalAndAdministrativeExpenses": 260000000, "sellingAndMarketingExpenses": 0, "sellingGeneralAndAdministrativeExpenses": 260000000, "otherExpenses": 256000000, "operatingExpenses": 516000000, "costAndExpenses": 25126000000, "interestIncome": 0, "interestExpense": 248000000, "depreciationAndAmortization": 256000000, "ebitda": 1026000000, "ebitdaratio": 0.039624609, "operatingIncome": 767000000, "operatingIncomeRatio": 0.0296219055, "totalOtherIncomeExpensesNet": -6000000, "incomeBeforeTax": 513000000, "incomeBeforeTaxRatio": 0.0198123045, "incomeTaxExpense": -1000000, "netIncome": 505000000, "netIncomeRatio": 0.0195033407, "eps": 1.21, "epsdiluted": 1.2, "weightedAverageShsOut": 274000000, "weightedAverageShsOutDil": 276000000, "link": "https://www.sec.gov/Archives/edgar/data/1070423/000110465911010359/0001104659-11-010359-index.htm", "finalLink": "https://www.sec.gov/Archives/edgar/data/1070423/000110465911010359/a11-2319_110k.htm", "calculatedOtherExpenses": 256000000, "calculatedOperatingExpenses": 516000000, "calculatedNetInterest": -248000000, "calculatedOtherIncome": -6000000, "calculatedIncomeNonControlling": 9000000, "calculatedEbitda": 1023000000}, {"date": "2009-12-31", "symbol": "PAA", "reportedCurrency": "USD", "cik": "0001070423", "fillingDate": "2010-02-26", "acceptedDate": "2010-02-26 13:01:25", "calendarYear": "2009", "period": "FY", "revenue": 18520000000, "costOfRevenue": 17294000000, "grossProfit": 1226000000, "grossProfitRatio": 0.0661987041, "researchAndDevelopmentExpenses": 0, "generalAndAdministrativeExpenses": 211000000, "sellingAndMarketingExpenses": 0, "sellingGeneralAndAdministrativeExpenses": 211000000, "otherExpenses": 236000000, "operatingExpenses": 447000000, "costAndExpenses": 17741000000, "interestIncome": 0, "interestExpense": 224000000, "depreciationAndAmortization": 236000000, "ebitda": 1030000000, "ebitdaratio": 0.0556155508, "operatingIncome": 779000000, "operatingIncomeRatio": 0.042062635, "totalOtherIncomeExpensesNet": 31000000, "incomeBeforeTax": 586000000, "incomeBeforeTaxRatio": 0.0316414687, "incomeTaxExpense": 6000000, "netIncome": 579000000, "netIncomeRatio": 0.0312634989, "eps": 1.67, "epsdiluted": 1.66, "weightedAverageShsOut": 260000000, "weightedAverageShsOutDil": 262000000, "link": "https://www.sec.gov/Archives/edgar/data/1070423/000110465910010102/0001104659-10-010102-index.htm", "finalLink": "https://www.sec.gov/Archives/edgar/data/1070423/000110465910010102/a09-36206_110k.htm", "calculatedOtherExpenses": 236000000, "calculatedOperatingExpenses": 447000000, "calculatedNetInterest": -224000000, "calculatedOtherIncome": 31000000, "calculatedIncomeNonControlling": 1000000, "calculatedEbitda": 1015000000}, {"date": "2008-12-31", "symbol": "PAA", "reportedCurrency": "USD", "cik": "0001070423", "fillingDate": "2009-02-26", "acceptedDate": "2009-02-26 17:20:36", "calendarYear": "2008", "period": "FY", "revenue": 30061000000, "costOfRevenue": 29096000000, "grossProfit": 965000000, "grossProfitRatio": 0.0321013938, "researchAndDevelopmentExpenses": 0, "generalAndAdministrativeExpenses": 160000000, "sellingAndMarketingExpenses": 0, "sellingGeneralAndAdministrativeExpenses": 160000000, "otherExpenses": 211000000, "operatingExpenses": 371000000, "costAndExpenses": 29467000000, "interestIncome": 0, "interestExpense": -196000000, "depreciationAndAmortization": 211000000, "ebitda": 805000000, "ebitdaratio": 0.0267788829, "operatingIncome": 594000000, "operatingIncomeRatio": 0.0197598217, "totalOtherIncomeExpensesNet": 14000000, "incomeBeforeTax": 445000000, "incomeBeforeTaxRatio": 0.0148032334, "incomeTaxExpense": 8000000, "netIncome": 437000000, "netIncomeRatio": 0.0145371079, "eps": 1.33, "epsdiluted": 1.32, "weightedAverageShsOut": 240000000, "weightedAverageShsOutDil": 242000000, "link": "https://www.sec.gov/Archives/edgar/data/1070423/000104746909001897/0001047469-09-001897-index.htm", "finalLink": "https://www.sec.gov/Archives/edgar/data/1070423/000104746909001897/a2190434z10-k.htm", "calculatedOtherExpenses": 211000000, "calculatedOperatingExpenses": 371000000, "calculatedNetInterest": 196000000, "calculatedOtherIncome": -345000000, "calculatedIncomeNonControlling": 0, "calculatedEbitda": 805000000}, {"date": "2007-12-31", "symbol": "PAA", "reportedCurrency": "USD", "cik": "0001070423", "fillingDate": "2008-02-29", "acceptedDate": "2008-02-28 18:37:17", "calendarYear": "2007", "period": "FY", "revenue": 20394000000, "costOfRevenue": 19532000000, "grossProfit": 862000000, "grossProfitRatio": 0.0422673335, "researchAndDevelopmentExpenses": 0, "generalAndAdministrativeExpenses": 164000000, "sellingAndMarketingExpenses": 0, "sellingGeneralAndAdministrativeExpenses": 164000000, "otherExpenses": 180000000, "operatingExpenses": 344000000, "costAndExpenses": 19876000000, "interestIncome": 0, "interestExpense": -162000000, "depreciationAndAmortization": 181000000, "ebitda": 699000000, "ebitdaratio": 0.0342747867, "operatingIncome": 518000000, "operatingIncomeRatio": 0.0253996273, "totalOtherIncomeExpensesNet": 15000000, "incomeBeforeTax": 381000000, "incomeBeforeTaxRatio": 0.0186819653, "incomeTaxExpense": 16000000, "netIncome": 365000000, "netIncomeRatio": 0.0178974208, "eps": 1.27, "epsdiluted": 1.26, "weightedAverageShsOut": 226000000, "weightedAverageShsOutDil": 228000000, "link": "https://www.sec.gov/Archives/edgar/data/1070423/000095012908001329/0000950129-08-001329-index.htm", "finalLink": "https://www.sec.gov/Archives/edgar/data/1070423/000095012908001329/h53460e10vk.htm", "calculatedOtherExpenses": 180000000, "calculatedOperatingExpenses": 344000000, "calculatedNetInterest": 162000000, "calculatedOtherIncome": -299000000, "calculatedIncomeNonControlling": 0, "calculatedEbitda": 699000000}, {"date": "2006-12-31", "symbol": "PAA", "reportedCurrency": "USD", "cik": "0001070423", "fillingDate": "2007-03-01", "acceptedDate": "2007-03-01 16:29:59", "calendarYear": "2006", "period": "FY", "revenue": 22444400000, "costOfRevenue": 21855400000, "grossProfit": 589000000, "grossProfitRatio": 0.0262426262, "researchAndDevelopmentExpenses": 0, "generalAndAdministrativeExpenses": 133900000, "sellingAndMarketingExpenses": 0, "sellingGeneralAndAdministrativeExpenses": 133900000, "otherExpenses": 100400000, "operatingExpenses": 234300000, "costAndExpenses": 22089700000, "interestIncome": 0, "interestExpense": -85600000, "depreciationAndAmortization": 100400000, "ebitda": 455100000, "ebitdaratio": 0.0202767728, "operatingIncome": 354700000, "operatingIncomeRatio": 0.0158034966, "totalOtherIncomeExpensesNet": 7700000, "incomeBeforeTax": 279100000, "incomeBeforeTaxRatio": 0.0124351731, "incomeTaxExpense": 300000, "netIncome": 285100000, "netIncomeRatio": 0.0127025004, "eps": 1.46, "epsdiluted": 1.44, "weightedAverageShsOut": 162000000, "weightedAverageShsOutDil": 164000000, "link": "https://www.sec.gov/Archives/edgar/data/1070423/000095012907001096/0000950129-07-001096-index.htm", "finalLink": "https://www.sec.gov/Archives/edgar/data/1070423/000095012907001096/h43224e10vk.htm", "calculatedOtherExpenses": 100400000, "calculatedOperatingExpenses": 234300000, "calculatedNetInterest": 85600000, "calculatedOtherIncome": -161200000, "calculatedIncomeNonControlling": -6300000, "calculatedEbitda": 455100000}, {"date": "2005-12-31", "symbol": "PAA", "reportedCurrency": "USD", "cik": "0001070423", "fillingDate": "2006-03-02", "acceptedDate": "2006-03-02 17:30:08", "calendarYear": "2005", "period": "FY", "revenue": 31177300000, "costOfRevenue": 30715000000, "grossProfit": 462300000, "grossProfitRatio": 0.0148280961, "researchAndDevelopmentExpenses": 0, "generalAndAdministrativeExpenses": 103200000, "sellingAndMarketingExpenses": 46000000, "sellingGeneralAndAdministrativeExpenses": 103200000, "otherExpenses": 83500000, "operatingExpenses": 186700000, "costAndExpenses": 30901700000, "interestIncome": 0, "interestExpense": -59400000, "depreciationAndAmortization": 83500000, "ebitda": 359100000, "ebitdaratio": 0.0115179955, "operatingIncome": 275600000, "operatingIncomeRatio": 0.0088397648, "totalOtherIncomeExpensesNet": 1000000, "incomeBeforeTax": 217800000, "incomeBeforeTaxRatio": 0.0069858519, "incomeTaxExpense": 58800000, "netIncome": 217800000, "netIncomeRatio": 0.0069858519, "eps": 1.39, "epsdiluted": 1.36, "weightedAverageShsOut": 138600000, "weightedAverageShsOutDil": 141000000, "link": "https://www.sec.gov/Archives/edgar/data/1070423/000110465906013594/0001104659-06-013594-index.htm", "finalLink": "https://www.sec.gov/Archives/edgar/data/1070423/000110465906013594/a06-2528_110k.htm", "calculatedOtherExpenses": 83500000, "calculatedOperatingExpenses": 186700000, "calculatedNetInterest": 59400000, "calculatedOtherIncome": -117200000, "calculatedIncomeNonControlling": -58800000, "calculatedEbitda": 359100000}, {"date": "2004-12-31", "symbol": "PAA", "reportedCurrency": "USD", "cik": "0001070423", "fillingDate": "2005-03-03", "acceptedDate": "2005-03-02 17:55:16", "calendarYear": "2004", "period": "FY", "revenue": 20975470000, "costOfRevenue": 20644038000, "grossProfit": 331432000, "grossProfitRatio": 0.0158009332, "researchAndDevelopmentExpenses": 0, "generalAndAdministrativeExpenses": 82748000, "sellingAndMarketingExpenses": 0, "sellingGeneralAndAdministrativeExpenses": 82748000, "otherExpenses": 68661000, "operatingExpenses": 151409000, "costAndExpenses": 20795447000, "interestIncome": 0, "interestExpense": -46700000, "depreciationAndAmortization": 67241000, "ebitda": 248684000, "ebitdaratio": 0.0118559441, "operatingIncome": 180023000, "operatingIncomeRatio": 0.008582549, "totalOtherIncomeExpensesNet": -1420000, "incomeBeforeTax": 1940000, "incomeBeforeTaxRatio": 9.2489e-05, "incomeTaxExpense": 50017000, "netIncome": 130006000, "netIncomeRatio": 0.0061980018, "eps": 0.95, "epsdiluted": 0.95, "weightedAverageShsOut": 126600000, "weightedAverageShsOutDil": 126600000, "link": "https://www.sec.gov/Archives/edgar/data/1070423/000104746905005233/0001047469-05-005233-index.htm", "finalLink": "https://www.sec.gov/Archives/edgar/data/1070423/000104746905005233/a2151128z10-k.htm", "calculatedOtherExpenses": 68661000, "calculatedOperatingExpenses": 151409000, "calculatedNetInterest": 46700000, "calculatedOtherIncome": -224783000, "calculatedIncomeNonControlling": -178083000, "calculatedEbitda": 247264000}, {"date": "2003-12-31", "symbol": "PAA", "reportedCurrency": "USD", "cik": "0001070423", "fillingDate": "2004-03-01", "acceptedDate": "2004-02-27 21:04:27", "calendarYear": "2003", "period": "FY", "revenue": 12589849000, "costOfRevenue": 12372440000, "grossProfit": 217409000, "grossProfitRatio": 0.0172685947, "researchAndDevelopmentExpenses": 0, "generalAndAdministrativeExpenses": 73032000, "sellingAndMarketingExpenses": 0, "sellingGeneralAndAdministrativeExpenses": 73032000, "otherExpenses": 46173000, "operatingExpenses": 119205000, "costAndExpenses": 12491645000, "interestIncome": 0, "interestExpense": -35226000000, "depreciationAndAmortization": 46821000, "ebitda": 144377000, "ebitdaratio": 0.0114677309, "operatingIncome": 98204000, "operatingIncomeRatio": 0.0078002524, "totalOtherIncomeExpensesNet": 648000, "incomeBeforeTax": 59448000000, "incomeBeforeTaxRatio": 4.7218993651, "incomeTaxExpense": 38756000, "netIncome": 59448000, "netIncomeRatio": 0.0047218994, "eps": 0.51, "epsdiluted": 0.5, "weightedAverageShsOut": 106000000, "weightedAverageShsOutDil": 106000000, "link": "https://www.sec.gov/Archives/edgar/data/1070423/000104746904006022/0001047469-04-006022-index.htm", "finalLink": "https://www.sec.gov/Archives/edgar/data/1070423/000104746904006022/a2128335z10-k.htm", "calculatedOtherExpenses": 46173000, "calculatedOperatingExpenses": 119205000, "calculatedNetInterest": 35226000000, "calculatedOtherIncome": 24123796000, "calculatedIncomeNonControlling": 59349796000, "calculatedEbitda": 145025000}, {"date": "2002-12-31", "symbol": "PAA", "reportedCurrency": "USD", "cik": "0001070423", "fillingDate": "2003-02-28", "acceptedDate": "2003-02-28 16:47:34", "calendarYear": "2002", "period": "FY", "revenue": 8384223000, "costOfRevenue": 8209932000, "grossProfit": 174291000, "grossProfitRatio": 0.0207879728, "researchAndDevelopmentExpenses": 0, "generalAndAdministrativeExpenses": 45663000, "sellingAndMarketingExpenses": 0, "sellingGeneralAndAdministrativeExpenses": 45663000, "otherExpenses": 34068000, "operatingExpenses": 79731000, "costAndExpenses": 8289663000, "interestIncome": 0, "interestExpense": -29057000000, "depreciationAndAmortization": 34068000, "ebitda": 128628000, "ebitdaratio": 0.0153416721, "operatingIncome": 94560000, "operatingIncomeRatio": 0.011278326, "totalOtherIncomeExpensesNet": -29268000000, "incomeBeforeTax": 65292000000, "incomeBeforeTaxRatio": 7.787483706, "incomeTaxExpense": -29238732000, "netIncome": 65292000, "netIncomeRatio": 0.0077874837, "eps": 0.67, "epsdiluted": 0.67, "weightedAverageShsOut": 91000000, "weightedAverageShsOutDil": 91000000, "link": "https://www.sec.gov/Archives/edgar/data/1070423/000089924303000430/0000899243-03-000430-index.htm", "finalLink": "https://www.sec.gov/Archives/edgar/data/1070423/000089924303000430/d10k.htm", "calculatedOtherExpenses": 34068000, "calculatedOperatingExpenses": 79731000, "calculatedNetInterest": 29057000000, "calculatedOtherIncome": 36140440000, "calculatedIncomeNonControlling": 94465440000, "calculatedEbitda": 128628000}, {"date": "2001-12-31", "symbol": "PAA", "reportedCurrency": "USD", "cik": "0001070423", "fillingDate": "2002-03-21", "acceptedDate": "2002-03-21 00:00:00", "calendarYear": "2001", "period": "FY", "revenue": 6868215000, "costOfRevenue": 6720970000, "grossProfit": 147245000, "grossProfitRatio": 0.0214386125, "researchAndDevelopmentExpenses": 0, "generalAndAdministrativeExpenses": 46586000, "sellingAndMarketingExpenses": 0, "sellingGeneralAndAdministrativeExpenses": 46586000, "otherExpenses": 24307000, "operatingExpenses": 70893000, "costAndExpenses": 6791863000, "interestIncome": 0, "interestExpense": 0, "depreciationAndAmortization": 24307000, "ebitda": 104659000, "ebitdaratio": 0.015238166, "operatingIncome": 76352000, "operatingIncomeRatio": 0.0111167166, "totalOtherIncomeExpensesNet": -4000000, "incomeBeforeTax": 72352000, "incomeBeforeTaxRatio": 0.0105343237, "incomeTaxExpense": 32173000, "netIncome": 44179000, "netIncomeRatio": 0.0064323845, "eps": 0.56, "epsdiluted": 0.56, "weightedAverageShsOut": 75056000, "weightedAverageShsOutDil": 75056000, "link": "https://www.sec.gov/Archives/edgar/data/1070423/000089924302000675/0000899243-02-000675-index.htm", "finalLink": "https://www.sec.gov/Archives/edgar/data/1070423/000089924302000675/d10k.txt", "calculatedOtherExpenses": 24307000, "calculatedOperatingExpenses": 70893000, "calculatedNetInterest": 0, "calculatedOtherIncome": -4000000, "calculatedIncomeNonControlling": -4000000, "calculatedEbitda": 100659000}, {"date": "2000-12-31", "symbol": "PAA", "reportedCurrency": "USD", "cik": "0001070423", "fillingDate": "2001-04-02", "acceptedDate": "2001-04-02 00:00:00", "calendarYear": "2000", "period": "FY", "revenue": 6641187000, "costOfRevenue": 6506504000, "grossProfit": 134683000, "grossProfitRatio": 0.020279959, "researchAndDevelopmentExpenses": 0, "generalAndAdministrativeExpenses": 40821000, "sellingAndMarketingExpenses": 0, "sellingGeneralAndAdministrativeExpenses": 40821000, "otherExpenses": 24523000, "operatingExpenses": 65344000, "costAndExpenses": 6571848000, "interestIncome": 0, "interestExpense": 0, "depreciationAndAmortization": 24523000, "ebitda": 52637000, "ebitdaratio": 0.0079258422, "operatingIncome": 69339000, "operatingIncomeRatio": 0.010440754, "totalOtherIncomeExpensesNet": 41225000, "incomeBeforeTax": 110564000, "incomeBeforeTaxRatio": 0.0166482287, "incomeTaxExpense": -8163000, "netIncome": 77502000, "netIncomeRatio": 0.0116699018, "eps": 1.1, "epsdiluted": 1.1, "weightedAverageShsOut": 68772000, "weightedAverageShsOutDil": 68772000, "link": "https://www.sec.gov/Archives/edgar/data/1070423/000089924301000800/0000899243-01-000800-index.htm", "finalLink": "https://www.sec.gov/Archives/edgar/data/1070423/000089924301000800/0000899243-01-000800-0001.txt", "calculatedOtherExpenses": 24523000, "calculatedOperatingExpenses": 65344000, "calculatedNetInterest": 0, "calculatedOtherIncome": 41225000, "calculatedIncomeNonControlling": 41225000, "calculatedEbitda": 93862000}, {"date": "1999-12-31", "symbol": "PAA", "reportedCurrency": "USD", "cik": "0001070423", "fillingDate": "2000-03-30", "acceptedDate": "2000-03-30 00:00:00", "calendarYear": "1999", "period": "FY", "revenue": 4701900000, "costOfRevenue": 4591600000, "grossProfit": 110300000, "grossProfitRatio": 0.0234586018, "researchAndDevelopmentExpenses": 0, "generalAndAdministrativeExpenses": 22200000, "sellingAndMarketingExpenses": 0, "sellingGeneralAndAdministrativeExpenses": 22200000, "otherExpenses": 17300000, "operatingExpenses": 39500000, "costAndExpenses": 4631100000, "interestIncome": 0, "interestExpense": 0, "depreciationAndAmortization": 17300000, "ebitda": 240500000, "ebitdaratio": 0.0511495353, "operatingIncome": 70800000, "operatingIncomeRatio": 0.0150577426, "totalOtherIncomeExpensesNet": -152400000, "incomeBeforeTax": -81600000, "incomeBeforeTaxRatio": -0.0173546864, "incomeTaxExpense": 174100000, "netIncome": -103300000, "netIncomeRatio": -0.021969842, "eps": -1.63, "epsdiluted": -1.63, "weightedAverageShsOut": 63266000, "weightedAverageShsOutDil": 63266000, "link": "https://www.sec.gov/Archives/edgar/data/1070423/000089924300000663/0000899243-00-000663-index.html", "finalLink": "https://www.sec.gov/Archives/edgar/data/1070423/000089924300000663/", "calculatedOtherExpenses": 17300000, "calculatedOperatingExpenses": 39500000, "calculatedNetInterest": 0, "calculatedOtherIncome": -152400000, "calculatedIncomeNonControlling": -152400000, "calculatedEbitda": 88100000}, {"date": "1998-12-31", "symbol": "PAA", "reportedCurrency": "USD", "cik": "0001070423", "fillingDate": "1999-03-31", "acceptedDate": "1999-03-31 00:00:00", "calendarYear": "1998", "period": "FY", "revenue": 176400000, "costOfRevenue": 168900000, "grossProfit": 7500000, "grossProfitRatio": 0.0425170068, "researchAndDevelopmentExpenses": 0, "generalAndAdministrativeExpenses": 0, "sellingAndMarketingExpenses": 0, "sellingGeneralAndAdministrativeExpenses": 800000, "otherExpenses": 2000000, "operatingExpenses": 2000000, "costAndExpenses": 170900000, "interestIncome": 0, "interestExpense": 0, "depreciationAndAmortization": 1200000, "ebitda": 6700000, "ebitdaratio": 0.0379818594, "operatingIncome": 5500000, "operatingIncomeRatio": 0.0311791383, "totalOtherIncomeExpensesNet": 0, "incomeBeforeTax": 0, "incomeBeforeTaxRatio": 0, "incomeTaxExpense": 1300000, "netIncome": 4200000, "netIncomeRatio": 0.0238095238, "eps": 0.07, "epsdiluted": 0.07, "weightedAverageShsOut": 60000000, "weightedAverageShsOutDil": 60000000, "link": "https://www.sec.gov/Archives/edgar/data/1070423/000089924399000614/0000899243-99-000614-index.html", "finalLink": "https://www.sec.gov/Archives/edgar/data/1070423/", "calculatedOtherExpenses": 1200000, "calculatedOperatingExpenses": 2000000, "calculatedNetInterest": 0, "calculatedOtherIncome": -5500000, "calculatedIncomeNonControlling": -5500000, "calculatedEbitda": 6700000}, {"date": "1997-12-31", "symbol": "PAA", "reportedCurrency": "USD", "cik": "0001070423", "fillingDate": "1997-12-31", "acceptedDate": "1997-12-30 19:00:00", "calendarYear": "1997", "period": "FY", "revenue": 752522000, "costOfRevenue": 740042000, "grossProfit": 12480000, "grossProfitRatio": 0.0165842328, "researchAndDevelopmentExpenses": 0, "generalAndAdministrativeExpenses": 0, "sellingAndMarketingExpenses": 0, "sellingGeneralAndAdministrativeExpenses": 3529000, "otherExpenses": 4694000, "operatingExpenses": 4694000, "costAndExpenses": 744736000, "interestIncome": 0, "interestExpense": 0, "depreciationAndAmortization": 1165000, "ebitda": 8951000, "ebitdaratio": 0.0118946689, "operatingIncome": 7786000, "operatingIncomeRatio": 0.0103465414, "totalOtherIncomeExpensesNet": -4378000, "incomeBeforeTax": 3408000, "incomeBeforeTaxRatio": 0.0045287713, "incomeTaxExpense": 1268000, "netIncome": 2140000, "netIncomeRatio": 0.0028437707, "eps": 0.06, "epsdiluted": 0.06, "weightedAverageShsOut": 34007716, "weightedAverageShsOutDil": 34007716, "link": "", "finalLink": "", "calculatedOtherExpenses": 1165000, "calculatedOperatingExpenses": 4694000, "calculatedNetInterest": 0, "calculatedOtherIncome": -4378000, "calculatedIncomeNonControlling": 0, "calculatedEbitda": 8951000}]}