{"originalCurrency": "MXN", "convertedCurrency": "MXN", "report": [{"date": "2023-12-31", "symbol": "PAC", "reportedCurrency": "MXN", "cik": "0001347557", "fillingDate": "2024-04-29", "acceptedDate": "2024-04-29 17:31:26", "calendarYear": "2023", "period": "FY", "revenue": 33224144000, "costOfRevenue": 18071912000, "grossProfit": 15152232000, "grossProfitRatio": 0.4560608695, "researchAndDevelopmentExpenses": 0, "generalAndAdministrativeExpenses": 147907000, "sellingAndMarketingExpenses": -118512000, "sellingGeneralAndAdministrativeExpenses": 29395000, "otherExpenses": 2869000, "operatingExpenses": 29395000, "costAndExpenses": 18101307000, "interestIncome": 1138578000, "interestExpense": 3368798000, "depreciationAndAmortization": 2545702000, "ebitda": 17668539000, "ebitdaratio": 0.5317981706, "operatingIncome": 15122837000, "operatingIncomeRatio": 0.4551761213, "totalOtherIncomeExpensesNet": -2361148000, "incomeBeforeTax": 12761689000, "incomeBeforeTaxRatio": 0.3841088878, "incomeTaxExpense": 3072090000, "netIncome": 9542912000, "netIncomeRatio": 0.2872282278, "eps": 18.89, "epsdiluted": 18.89, "weightedAverageShsOut": 505277464, "weightedAverageShsOutDil": 505277464, "link": "https://www.sec.gov/Archives/edgar/data/1347557/000095017024050071/0000950170-24-050071-index.htm", "finalLink": "https://www.sec.gov/Archives/edgar/data/1347557/000095017024050071/pac-20231231.htm", "calculatedOtherExpenses": 0, "calculatedOperatingExpenses": 29395000, "calculatedNetInterest": -2230220000, "calculatedOtherIncome": -130928000, "calculatedIncomeNonControlling": 146687000, "calculatedEbitda": 17668539000}, {"date": "2022-12-31", "symbol": "PAC", "reportedCurrency": "MXN", "cik": "0001347557", "fillingDate": "2023-04-13", "acceptedDate": "2023-04-13 07:42:31", "calendarYear": "2022", "period": "FY", "revenue": 27380376000, "costOfRevenue": 12835961000, "grossProfit": 14544415000, "grossProfitRatio": 0.5311985124, "researchAndDevelopmentExpenses": 0, "generalAndAdministrativeExpenses": 92061000, "sellingAndMarketingExpenses": -50617000, "sellingGeneralAndAdministrativeExpenses": 41444000, "otherExpenses": 756648000, "operatingExpenses": 756648000, "costAndExpenses": 13592609000, "interestIncome": 787973000, "interestExpense": 2378618000, "depreciationAndAmortization": 2286894000, "ebitda": 16101088000, "ebitdaratio": 0.5880521144, "operatingIncome": 13814194000, "operatingIncomeRatio": 0.5045290101, "totalOtherIncomeExpensesNet": -1538508000, "incomeBeforeTax": 12275686000, "incomeBeforeTaxRatio": 0.4483388395, "incomeTaxExpense": 3090212000, "netIncome": 9013147000, "netIncomeRatio": 0.3291827329, "eps": 177.29, "epsdiluted": 177.29, "weightedAverageShsOut": 50837131, "weightedAverageShsOutDil": 50837131, "link": "https://www.sec.gov/Archives/edgar/data/1347557/000095017023012620/0000950170-23-012620-index.htm", "finalLink": "https://www.sec.gov/Archives/edgar/data/1347557/000095017023012620/pac-20221231.htm", "calculatedOtherExpenses": 688777000, "calculatedOperatingExpenses": 730221000, "calculatedNetInterest": -1590645000, "calculatedOtherIncome": 52137000, "calculatedIncomeNonControlling": 172327000, "calculatedEbitda": 16101088000}, {"date": "2021-12-31", "symbol": "PAC", "reportedCurrency": "MXN", "cik": "0001347557", "fillingDate": "2022-04-22", "acceptedDate": "2022-04-22 07:32:10", "calendarYear": "2021", "period": "FY", "revenue": 19014906000, "costOfRevenue": 9639725000, "grossProfit": 9375181000, "grossProfitRatio": 0.4930437731, "researchAndDevelopmentExpenses": 0, "generalAndAdministrativeExpenses": 510440000, "sellingAndMarketingExpenses": 0, "sellingGeneralAndAdministrativeExpenses": 510440000, "otherExpenses": 15780000, "operatingExpenses": 526220000, "costAndExpenses": 10165945000, "interestIncome": 364945000, "interestExpense": 1647059000, "depreciationAndAmortization": 2042308000, "ebitda": 10899500000, "ebitdaratio": 0.5732081978, "operatingIncome": 8857192000, "operatingIncomeRatio": 0.4658025656, "totalOtherIncomeExpensesNet": -1027929000, "incomeBeforeTax": 7829263000, "incomeBeforeTaxRatio": 0.4117434501, "incomeTaxExpense": 1785546000, "netIncome": 5997492000, "netIncomeRatio": 0.3154100262, "eps": 115.48, "epsdiluted": 115.48, "weightedAverageShsOut": 51937268, "weightedAverageShsOutDil": 51937268, "link": "https://www.sec.gov/Archives/edgar/data/1347557/000156459022015156/0001564590-22-015156-index.htm", "finalLink": "https://www.sec.gov/Archives/edgar/data/1347557/000156459022015156/pac-20f_20211231.htm", "calculatedOtherExpenses": 7549000, "calculatedOperatingExpenses": 517989000, "calculatedNetInterest": -1282114000, "calculatedOtherIncome": 254185000, "calculatedIncomeNonControlling": 46225000, "calculatedEbitda": 10899500000}, {"date": "2020-12-31", "symbol": "PAC", "reportedCurrency": "MXN", "cik": "0001347557", "fillingDate": "2021-04-22", "acceptedDate": "2021-04-22 17:30:27", "calendarYear": "2020", "period": "FY", "revenue": 11866373000, "costOfRevenue": 7769956000, "grossProfit": 4096417000, "grossProfitRatio": 0.3452122228, "researchAndDevelopmentExpenses": 0, "generalAndAdministrativeExpenses": 458316000, "sellingAndMarketingExpenses": -371720000, "sellingGeneralAndAdministrativeExpenses": 86596000, "otherExpenses": 276428000, "operatingExpenses": 276428000, "costAndExpenses": 8046384000, "interestIncome": 342246000, "interestExpense": 1389263000, "depreciationAndAmortization": 2000361000, "ebitda": 5820350000, "ebitdaratio": 0.4904910709, "operatingIncome": 3819989000, "operatingIncomeRatio": 0.3219171519, "totalOtherIncomeExpensesNet": -1434219000, "incomeBeforeTax": 2385770000, "incomeBeforeTaxRatio": 0.2010530092, "incomeTaxExpense": 467067000, "netIncome": 1968856000, "netIncomeRatio": 0.1659189375, "eps": 36.51, "epsdiluted": 36.51, "weightedAverageShsOut": 52557554, "weightedAverageShsOutDil": 52557554, "link": "https://www.sec.gov/Archives/edgar/data/1347557/000156459021020157/0001564590-21-020157-index.htm", "finalLink": "https://www.sec.gov/Archives/edgar/data/1347557/000156459021020157/pac-20f_20201231.htm", "calculatedOtherExpenses": 189832000, "calculatedOperatingExpenses": 276428000, "calculatedNetInterest": -1047017000, "calculatedOtherIncome": -387202000, "calculatedIncomeNonControlling": -50153000, "calculatedEbitda": 5820350000}, {"date": "2019-12-31", "symbol": "PAC", "reportedCurrency": "MXN", "cik": "0001347557", "fillingDate": "2020-05-28", "acceptedDate": "2020-05-28 17:21:53", "calendarYear": "2019", "period": "FY", "revenue": 16226021000, "costOfRevenue": 7746022000, "grossProfit": 8479999000, "grossProfitRatio": 0.5226172825, "researchAndDevelopmentExpenses": 0, "generalAndAdministrativeExpenses": 0, "sellingAndMarketingExpenses": 0, "sellingGeneralAndAdministrativeExpenses": 5299000, "otherExpenses": 462761000, "operatingExpenses": 462761000, "costAndExpenses": 8208783000, "interestIncome": 559044000, "interestExpense": 1154560000, "depreciationAndAmortization": 1776137000, "ebitda": 9793375000, "ebitdaratio": 0.6035598623, "operatingIncome": 8017238000, "operatingIncomeRatio": 0.4940975979, "totalOtherIncomeExpensesNet": -671053000, "incomeBeforeTax": 7346185000, "incomeBeforeTaxRatio": 0.4527410016, "incomeTaxExpense": 1891443000, "netIncome": 5529519000, "netIncomeRatio": 0.3407809592, "eps": 105.21, "epsdiluted": 105.21, "weightedAverageShsOut": 52557554, "weightedAverageShsOutDil": 52557554, "link": "https://www.sec.gov/Archives/edgar/data/1347557/000156459020027372/0001564590-20-027372-index.htm", "finalLink": "https://www.sec.gov/Archives/edgar/data/1347557/000156459020027372/pac-20f_20191231.htm", "calculatedOtherExpenses": 457462000, "calculatedOperatingExpenses": 462761000, "calculatedNetInterest": -595516000, "calculatedOtherIncome": -75537000, "calculatedIncomeNonControlling": -74777000, "calculatedEbitda": 9793375000}, {"date": "2018-12-31", "symbol": "PAC", "reportedCurrency": "MXN", "cik": "0001347557", "fillingDate": "2019-04-17", "acceptedDate": "2019-04-17 17:19:16", "calendarYear": "2018", "period": "FY", "revenue": 14122890000, "costOfRevenue": 6539913000, "grossProfit": 7582977000, "grossProfitRatio": 0.5369281358, "researchAndDevelopmentExpenses": 0, "generalAndAdministrativeExpenses": 0, "sellingAndMarketingExpenses": 0, "sellingGeneralAndAdministrativeExpenses": 0, "otherExpenses": 73152000, "operatingExpenses": 338325000, "costAndExpenses": 6878238000, "interestIncome": 439293000, "interestExpense": 896225000, "depreciationAndAmortization": 1569637000, "ebitda": 8814289000, "ebitdaratio": 0.6241136906, "operatingIncome": 7244652000, "operatingIncomeRatio": 0.5129723449, "totalOtherIncomeExpensesNet": -947000, "incomeBeforeTax": 7007672000, "incomeBeforeTaxRatio": 0.4961924932, "incomeTaxExpense": 1869041000, "netIncome": 5138631000, "netIncomeRatio": 0.3638512372, "eps": 97.77, "epsdiluted": 97.77, "weightedAverageShsOut": 52557554, "weightedAverageShsOutDil": 52557554, "link": "https://www.sec.gov/Archives/edgar/data/1347557/000156459019011864/0001564590-19-011864-index.htm", "finalLink": "https://www.sec.gov/Archives/edgar/data/1347557/000156459019011864/pac-20f_20181231.htm", "calculatedOtherExpenses": 338325000, "calculatedOperatingExpenses": 338325000, "calculatedNetInterest": -456932000, "calculatedOtherIncome": 219952000, "calculatedIncomeNonControlling": 0, "calculatedEbitda": 8814289000}, {"date": "2017-12-31", "symbol": "PAC", "reportedCurrency": "MXN", "cik": "0001347557", "fillingDate": "2018-04-20", "acceptedDate": "2018-04-20 17:15:10", "calendarYear": "2017", "period": "FY", "revenue": 12365918000, "costOfRevenue": 5810657000, "grossProfit": 6555261000, "grossProfitRatio": 0.5301071057, "researchAndDevelopmentExpenses": 0, "generalAndAdministrativeExpenses": 0, "sellingAndMarketingExpenses": 0, "sellingGeneralAndAdministrativeExpenses": 0, "otherExpenses": 14821000, "operatingExpenses": 273530000, "costAndExpenses": 6084187000, "interestIncome": 363230000, "interestExpense": 600813000, "depreciationAndAmortization": 1443562000, "ebitda": 7725293000, "ebitdaratio": 0.6247245858, "operatingIncome": 6281731000, "operatingIncomeRatio": 0.5079874377, "totalOtherIncomeExpensesNet": -10620000, "incomeBeforeTax": 6171722000, "incomeBeforeTaxRatio": 0.4990912927, "incomeTaxExpense": 1440641000, "netIncome": 4731081000, "netIncomeRatio": 0.3825903584, "eps": 90.02, "epsdiluted": 90.02, "weightedAverageShsOut": 52557554, "weightedAverageShsOutDil": 52557554, "link": "https://www.sec.gov/Archives/edgar/data/1347557/000156459018008605/0001564590-18-008605-index.htm", "finalLink": "https://www.sec.gov/Archives/edgar/data/1347557/000156459018008605/pac-20f_20171231.htm", "calculatedOtherExpenses": 273530000, "calculatedOperatingExpenses": 273530000, "calculatedNetInterest": -237583000, "calculatedOtherIncome": 127574000, "calculatedIncomeNonControlling": 0, "calculatedEbitda": 7725293000}, {"date": "2016-12-31", "symbol": "PAC", "reportedCurrency": "MXN", "cik": "0001347557", "fillingDate": "2017-04-12", "acceptedDate": "2017-04-12 16:36:09", "calendarYear": "2016", "period": "FY", "revenue": 11107561000, "costOfRevenue": 5571143000, "grossProfit": 5536418000, "grossProfitRatio": 0.4984368756, "researchAndDevelopmentExpenses": 0, "generalAndAdministrativeExpenses": 0, "sellingAndMarketingExpenses": 0, "sellingGeneralAndAdministrativeExpenses": 0, "otherExpenses": -1535000, "operatingExpenses": 301525000, "costAndExpenses": 5872668000, "interestIncome": 198625000, "interestExpense": 357086000, "depreciationAndAmortization": 1348387000, "ebitda": 6583280000, "ebitdaratio": 0.5926845686, "operatingIncome": 5234892000, "operatingIncomeRatio": 0.4712908621, "totalOtherIncomeExpensesNet": -11728000, "incomeBeforeTax": 4620132000, "incomeBeforeTaxRatio": 0.4159447785, "incomeTaxExpense": 1266573000, "netIncome": 3353559000, "netIncomeRatio": 0.3019167754, "eps": 63.81, "epsdiluted": 63.81, "weightedAverageShsOut": 52557554, "weightedAverageShsOutDil": 52557554, "link": "https://www.sec.gov/Archives/edgar/data/1347557/000119312517121429/0001193125-17-121429-index.htm", "finalLink": "https://www.sec.gov/Archives/edgar/data/1347557/000119312517121429/d342083d20f.htm", "calculatedOtherExpenses": 301526000, "calculatedOperatingExpenses": 301526000, "calculatedNetInterest": -158461000, "calculatedOtherIncome": -456299000, "calculatedIncomeNonControlling": 0, "calculatedEbitda": 6583279000}, {"date": "2015-12-31", "symbol": "PAC", "reportedCurrency": "MXN", "cik": "0001347557", "fillingDate": "2016-04-20", "acceptedDate": "2016-04-20 17:21:35", "calendarYear": "2015", "period": "FY", "revenue": 8106909000, "costOfRevenue": 4036414000, "grossProfit": 4070495000, "grossProfitRatio": 0.5021019725, "researchAndDevelopmentExpenses": 0, "generalAndAdministrativeExpenses": 0, "sellingAndMarketingExpenses": 0, "sellingGeneralAndAdministrativeExpenses": 0, "otherExpenses": 8277000, "operatingExpenses": 206089000, "costAndExpenses": 4242503000, "interestIncome": 84954000, "interestExpense": 198567000, "depreciationAndAmortization": 1156435000, "ebitda": 5095808000, "ebitdaratio": 0.6285759468, "operatingIncome": 4088600000, "operatingIncomeRatio": 0.5043352528, "totalOtherIncomeExpensesNet": -128147000, "incomeBeforeTax": 3618086000, "incomeBeforeTaxRatio": 0.4462966095, "incomeTaxExpense": 847309000, "netIncome": 2726020000, "netIncomeRatio": 0.3362588627, "eps": 51.87, "epsdiluted": 51.87, "weightedAverageShsOut": 52557555, "weightedAverageShsOutDil": 52557555, "link": "https://www.sec.gov/Archives/edgar/data/1347557/000119312516548441/0001193125-16-548441-index.htm", "finalLink": "https://www.sec.gov/Archives/edgar/data/1347557/000119312516548441/d144740d20f.htm", "calculatedOtherExpenses": -18105000, "calculatedOperatingExpenses": -18105000, "calculatedNetInterest": -113613000, "calculatedOtherIncome": -356901000, "calculatedIncomeNonControlling": 44757000, "calculatedEbitda": 5245035000}, {"date": "2014-12-31", "symbol": "PAC", "reportedCurrency": "MXN", "cik": "0001347557", "fillingDate": "2015-04-16", "acceptedDate": "2015-04-16 08:41:33", "calendarYear": "2014", "period": "FY", "revenue": 5546152000, "costOfRevenue": 2630259000, "grossProfit": 2915893000, "grossProfitRatio": 0.5257506466, "researchAndDevelopmentExpenses": 0, "generalAndAdministrativeExpenses": 0, "sellingAndMarketingExpenses": 0, "sellingGeneralAndAdministrativeExpenses": 0, "otherExpenses": 43424000, "operatingExpenses": 194228000, "costAndExpenses": 2824487000, "interestIncome": 55895000, "interestExpense": 65730000, "depreciationAndAmortization": 925220000, "ebitda": 3748175000, "ebitdaratio": 0.6758154122, "operatingIncome": 2765089000, "operatingIncomeRatio": 0.4985599024, "totalOtherIncomeExpensesNet": 43298000, "incomeBeforeTax": 2757099000, "incomeBeforeTaxRatio": 0.497119264, "incomeTaxExpense": 514579000, "netIncome": 2242520000, "netIncomeRatio": 0.4043379987, "eps": 42.66, "epsdiluted": 42.66, "weightedAverageShsOut": 52563674, "weightedAverageShsOutDil": 52563674, "link": "https://www.sec.gov/Archives/edgar/data/1347557/000119312515132324/0001193125-15-132324-index.htm", "finalLink": "https://www.sec.gov/Archives/edgar/data/1347557/000119312515132324/d905410d20f.htm", "calculatedOtherExpenses": 150804000, "calculatedOperatingExpenses": 150804000, "calculatedNetInterest": -9835000, "calculatedOtherIncome": 1845000, "calculatedIncomeNonControlling": 0, "calculatedEbitda": 3690309000}, {"date": "2013-12-31", "symbol": "PAC", "reportedCurrency": "MXN", "cik": "0001347557", "fillingDate": "2014-04-16", "acceptedDate": "2014-04-16 16:18:04", "calendarYear": "2013", "period": "FY", "revenue": 5227836000, "costOfRevenue": 1569679000, "grossProfit": 3658157000, "grossProfitRatio": 0.6997459369, "researchAndDevelopmentExpenses": 0, "generalAndAdministrativeExpenses": 0, "sellingAndMarketingExpenses": 0, "sellingGeneralAndAdministrativeExpenses": 0, "otherExpenses": 7453000, "operatingExpenses": 1292433000, "costAndExpenses": 2862112000, "interestIncome": 103297000, "interestExpense": 179145000, "depreciationAndAmortization": 883235000, "ebitda": 3359709000, "ebitdaratio": 0.6426576886, "operatingIncome": 2373177000, "operatingIncomeRatio": 0.4539501622, "totalOtherIncomeExpensesNet": 32142000, "incomeBeforeTax": 2322018000, "incomeBeforeTaxRatio": 0.4441642775, "incomeTaxExpense": 75788000, "netIncome": 2246230000, "netIncomeRatio": 0.4296672658, "eps": 42.38, "epsdiluted": 42.38, "weightedAverageShsOut": 53006183, "weightedAverageShsOutDil": 53006183, "link": "https://www.sec.gov/Archives/edgar/data/1347557/000119312514145875/0001193125-14-145875-index.htm", "finalLink": "https://www.sec.gov/Archives/edgar/data/1347557/000119312514145875/d709157d20f.htm", "calculatedOtherExpenses": 1284980000, "calculatedOperatingExpenses": 1284980000, "calculatedNetInterest": -75848000, "calculatedOtherIncome": 24689000, "calculatedIncomeNonControlling": 0, "calculatedEbitda": 3256412000}, {"date": "2012-12-31", "symbol": "PAC", "reportedCurrency": "MXN", "cik": "0001347557", "fillingDate": "2013-04-15", "acceptedDate": "2013-04-15 08:55:44", "calendarYear": "2012", "period": "FY", "revenue": 4944667000, "costOfRevenue": 2457465000, "grossProfit": 2487202000, "grossProfitRatio": 0.503006977, "researchAndDevelopmentExpenses": 0, "generalAndAdministrativeExpenses": 0, "sellingAndMarketingExpenses": 0, "sellingGeneralAndAdministrativeExpenses": 0, "otherExpenses": -1333000, "operatingExpenses": 372367000, "costAndExpenses": 2829832000, "interestIncome": 122078000, "interestExpense": 121319000, "depreciationAndAmortization": 827230000, "ebitda": 3062810000, "ebitdaratio": 0.6194168384, "operatingIncome": 2113502000, "operatingIncomeRatio": 0.4274306035, "totalOtherIncomeExpensesNet": -16115000, "incomeBeforeTax": 2099479000, "incomeBeforeTaxRatio": 0.4245946188, "incomeTaxExpense": 327449000, "netIncome": 1772030000, "netIncomeRatio": 0.3583719591, "eps": 33.39, "epsdiluted": 33.39, "weightedAverageShsOut": 53072060, "weightedAverageShsOutDil": 53072060, "link": "https://www.sec.gov/Archives/edgar/data/1347557/000119312513154136/0001193125-13-154136-index.htm", "finalLink": "https://www.sec.gov/Archives/edgar/data/1347557/000119312513154136/d520865d20f.htm", "calculatedOtherExpenses": 373700000, "calculatedOperatingExpenses": 373700000, "calculatedNetInterest": 759000, "calculatedOtherIncome": -14782000, "calculatedIncomeNonControlling": 0, "calculatedEbitda": 2940732000}, {"date": "2011-12-31", "symbol": "PAC", "reportedCurrency": "MXN", "cik": "0001347557", "fillingDate": "2012-03-30", "acceptedDate": "2012-03-30 16:37:30", "calendarYear": "2011", "period": "FY", "revenue": 4938734000, "costOfRevenue": 2021105000, "grossProfit": 2917629000, "grossProfitRatio": 0.5907645563, "researchAndDevelopmentExpenses": 0, "generalAndAdministrativeExpenses": 0, "sellingAndMarketingExpenses": 0, "sellingGeneralAndAdministrativeExpenses": 136191000, "otherExpenses": 13280000, "operatingExpenses": 1274087000, "costAndExpenses": 3295192000, "interestIncome": 140259000, "interestExpense": 93753000, "depreciationAndAmortization": 944094000, "ebitda": 2741175000, "ebitdaratio": 0.5550359667, "operatingIncome": 1643542000, "operatingIncomeRatio": 0.3327860946, "totalOtherIncomeExpensesNet": 7812000, "incomeBeforeTax": 1697860000, "incomeBeforeTaxRatio": 0.3437844597, "incomeTaxExpense": 213419000, "netIncome": 1484441000, "netIncomeRatio": 0.3005711585, "eps": 29.97, "epsdiluted": 29.97, "weightedAverageShsOut": 53775509, "weightedAverageShsOutDil": 53775509, "link": "https://www.sec.gov/Archives/edgar/data/1347557/000119312512143770/0001193125-12-143770-index.htm", "finalLink": "https://www.sec.gov/Archives/edgar/data/1347557/000119312512143770/d324184d20f.htm", "calculatedOtherExpenses": 1137896000, "calculatedOperatingExpenses": 1274087000, "calculatedNetInterest": 46506000, "calculatedOtherIncome": 7812000, "calculatedIncomeNonControlling": 0, "calculatedEbitda": 2587636000}, {"date": "2010-12-31", "symbol": "PAC", "reportedCurrency": "MXN", "cik": "0001347557", "fillingDate": "2011-06-15", "acceptedDate": "2011-06-15 09:26:17", "calendarYear": "2010", "period": "FY", "revenue": 4373669000, "costOfRevenue": 963872000, "grossProfit": 3409797000, "grossProfitRatio": 0.7796193539, "researchAndDevelopmentExpenses": 0, "generalAndAdministrativeExpenses": 0, "sellingAndMarketingExpenses": 0, "sellingGeneralAndAdministrativeExpenses": 128384000, "otherExpenses": -6837000, "operatingExpenses": 1850445000, "costAndExpenses": 2814317000, "interestIncome": 192874000, "interestExpense": 135268000, "depreciationAndAmortization": 879941000, "ebitda": 2610821000, "ebitdaratio": 0.5969406921, "operatingIncome": 1559352000, "operatingIncomeRatio": 0.3565317814, "totalOtherIncomeExpensesNet": -6837000, "incomeBeforeTax": 1595612000, "incomeBeforeTaxRatio": 0.3648223037, "incomeTaxExpense": -95452000, "netIncome": 1500160000, "netIncomeRatio": 0.3429980641, "eps": 26.87, "epsdiluted": 26.87, "weightedAverageShsOut": 55824561, "weightedAverageShsOutDil": 55824561, "link": "https://www.sec.gov/Archives/edgar/data/1347557/000119312511165273/0001193125-11-165273-index.htm", "finalLink": "https://www.sec.gov/Archives/edgar/data/1347557/000119312511165273/d20f.htm", "calculatedOtherExpenses": 1722061000, "calculatedOperatingExpenses": 1850445000, "calculatedNetInterest": 57606000, "calculatedOtherIncome": -21346000, "calculatedIncomeNonControlling": 190904000, "calculatedEbitda": 2439293000}, {"date": "2009-12-31", "symbol": "PAC", "reportedCurrency": "MXN", "cik": "0001347557", "fillingDate": "2010-06-29", "acceptedDate": "2010-06-29 17:21:38", "calendarYear": "2009", "period": "FY", "revenue": 3266240000, "costOfRevenue": 869315000, "grossProfit": 2396925000, "grossProfitRatio": 0.7338484006, "researchAndDevelopmentExpenses": 0, "generalAndAdministrativeExpenses": 0, "sellingAndMarketingExpenses": 0, "sellingGeneralAndAdministrativeExpenses": 111721000, "otherExpenses": -63280000, "operatingExpenses": 1103063000, "costAndExpenses": 1972378000, "interestIncome": 185343000, "interestExpense": 75564000, "depreciationAndAmortization": 828835000, "ebitda": 2244760000, "ebitdaratio": 0.6872611933, "operatingIncome": 1293862000, "operatingIncomeRatio": 0.3961319438, "totalOtherIncomeExpensesNet": -63280000, "incomeBeforeTax": 1340361000, "incomeBeforeTaxRatio": 0.4103681909, "incomeTaxExpense": 140917000, "netIncome": 1199444000, "netIncomeRatio": 0.3672246987, "eps": 21.4, "epsdiluted": 21.4, "weightedAverageShsOut": 56047397, "weightedAverageShsOutDil": 56047397, "link": "https://www.sec.gov/Archives/edgar/data/1347557/000119312510150057/0001193125-10-150057-index.htm", "finalLink": "https://www.sec.gov/Archives/edgar/data/1347557/000119312510150057/d20f.htm", "calculatedOtherExpenses": 991342000, "calculatedOperatingExpenses": 1103063000, "calculatedNetInterest": 109779000, "calculatedOtherIncome": -63280000, "calculatedIncomeNonControlling": 0, "calculatedEbitda": 2122697000}, {"date": "2008-12-31", "symbol": "PAC", "reportedCurrency": "MXN", "cik": "0001347557", "fillingDate": "2009-06-29", "acceptedDate": "2009-06-29 17:20:33", "calendarYear": "2008", "period": "FY", "revenue": 3490785000, "costOfRevenue": 1070955000, "grossProfit": 2419830000, "grossProfitRatio": 0.69320511, "researchAndDevelopmentExpenses": 0, "generalAndAdministrativeExpenses": 0, "sellingAndMarketingExpenses": 0, "sellingGeneralAndAdministrativeExpenses": 0, "otherExpenses": 971784000, "operatingExpenses": 971784000, "costAndExpenses": 2042739000, "interestIncome": 163071000, "interestExpense": 57518000, "depreciationAndAmortization": 798251000, "ebitda": 2526236000, "ebitdaratio": 0.723687079, "operatingIncome": 1448046000, "operatingIncomeRatio": 0.4148195893, "totalOtherIncomeExpensesNet": 222421000, "incomeBeforeTax": 1670467000, "incomeBeforeTaxRatio": 0.4785362032, "incomeTaxExpense": -129625000, "netIncome": 1540842000, "netIncomeRatio": 0.4414027217, "eps": 27.5, "epsdiluted": 27.5, "weightedAverageShsOut": 56059481, "weightedAverageShsOutDil": 56059481, "link": "https://www.sec.gov/Archives/edgar/data/1347557/000114420409034979/0001144204-09-034979-index.htm", "finalLink": "https://www.sec.gov/Archives/edgar/data/1347557/000114420409034979/v153173_20f.htm", "calculatedOtherExpenses": 971784000, "calculatedOperatingExpenses": 971784000, "calculatedNetInterest": 105553000, "calculatedOtherIncome": 116868000, "calculatedIncomeNonControlling": 259250000, "calculatedEbitda": 2246297000}, {"date": "2007-12-31", "symbol": "PAC", "reportedCurrency": "MXN", "cik": "0001347557", "fillingDate": "2008-06-27", "acceptedDate": "2008-06-27 15:54:21", "calendarYear": "2007", "period": "FY", "revenue": 3477324000, "costOfRevenue": 964976000, "grossProfit": 2512348000, "grossProfitRatio": 0.7224946539, "researchAndDevelopmentExpenses": 0, "generalAndAdministrativeExpenses": 0, "sellingAndMarketingExpenses": 0, "sellingGeneralAndAdministrativeExpenses": 0, "otherExpenses": 4097753000, "operatingExpenses": 4097753000, "costAndExpenses": 5062729000, "interestIncome": 20076000, "interestExpense": 172882000, "depreciationAndAmortization": 754097000, "ebitda": -753417000, "ebitdaratio": -0.2166657464, "operatingIncome": -1585405000, "operatingIncomeRatio": -0.4559267414, "totalOtherIncomeExpensesNet": -94991000, "incomeBeforeTax": -1680396000, "incomeBeforeTaxRatio": -0.4832440118, "incomeTaxExpense": -277577000, "netIncome": 1402819000, "netIncomeRatio": 0.4034191234, "eps": 25.01, "epsdiluted": 25.01, "weightedAverageShsOut": 56100000, "weightedAverageShsOutDil": 56100000, "link": "https://www.sec.gov/Archives/edgar/data/1347557/000119312508142712/0001193125-08-142712-index.htm", "finalLink": "https://www.sec.gov/Archives/edgar/data/1347557/000119312508142712/d20f.htm", "calculatedOtherExpenses": 4097753000, "calculatedOperatingExpenses": 4097753000, "calculatedNetInterest": -152806000, "calculatedOtherIncome": 57815000, "calculatedIncomeNonControlling": -2805638000, "calculatedEbitda": -831308000}, {"date": "2006-12-31", "symbol": "PAC", "reportedCurrency": "MXN", "cik": "0001347557", "fillingDate": "2007-06-29", "acceptedDate": "2007-06-29 10:30:54", "calendarYear": "2006", "period": "FY", "revenue": 2935806000, "costOfRevenue": 1540735000, "grossProfit": 1395071000, "grossProfitRatio": 0.4751918213, "researchAndDevelopmentExpenses": 0, "generalAndAdministrativeExpenses": 0, "sellingAndMarketingExpenses": 0, "sellingGeneralAndAdministrativeExpenses": 0, "otherExpenses": 1682000, "operatingExpenses": 1700.553, "costAndExpenses": 1700.553, "interestIncome": 75132000, "interestExpense": 0, "depreciationAndAmortization": 717171000, "ebitda": 3652975299, "ebitdaratio": 1.2442836139, "operatingIncome": 1235253000, "operatingIncomeRatio": 0.4207543005, "totalOtherIncomeExpensesNet": 1682000, "incomeBeforeTax": 1266030000, "incomeBeforeTaxRatio": 0.4312376226, "incomeTaxExpense": -370189000, "netIncome": 894396000, "netIncomeRatio": 0.3046509204, "eps": 16.54, "epsdiluted": 16.54, "weightedAverageShsOut": 56100000, "weightedAverageShsOutDil": 56100000, "link": "https://www.sec.gov/Archives/edgar/data/1347557/000093041307005677/0000930413-07-005677-index.htm", "finalLink": "https://www.sec.gov/Archives/edgar/data/1347557/000093041307005677/c49222_form20-f.htm", "calculatedOtherExpenses": 159818000, "calculatedOperatingExpenses": 159818000, "calculatedNetInterest": 75132000, "calculatedOtherIncome": -44355000, "calculatedIncomeNonControlling": 741823000, "calculatedEbitda": 1952424000}, {"date": "2005-12-31", "symbol": "PAC", "reportedCurrency": "MXN", "cik": "0001347557", "fillingDate": "2007-05-10", "acceptedDate": "2007-05-10 16:42:55", "calendarYear": "2005", "period": "FY", "revenue": 2696264000, "costOfRevenue": 79050000, "grossProfit": 2617214000, "grossProfitRatio": 0.9706816543, "researchAndDevelopmentExpenses": 0, "generalAndAdministrativeExpenses": 0, "sellingAndMarketingExpenses": 0, "sellingGeneralAndAdministrativeExpenses": 0, "otherExpenses": -848000, "operatingExpenses": 1549249000, "costAndExpenses": 1549249000, "interestIncome": 93464000, "interestExpense": 0, "depreciationAndAmortization": 642132000, "ebitda": 1789147000, "ebitdaratio": 0.6635652147, "operatingIncome": 1147015000, "operatingIncomeRatio": 0.4254090104, "totalOtherIncomeExpensesNet": -848000, "incomeBeforeTax": 1158199000, "incomeBeforeTaxRatio": 0.4295569722, "incomeTaxExpense": -472009000, "netIncome": 685494000, "netIncomeRatio": 0.2542384574, "eps": 12.22, "epsdiluted": 12.22, "weightedAverageShsOut": 56100000, "weightedAverageShsOutDil": 56100000, "link": "https://www.sec.gov/Archives/edgar/data/1347557/000090342307000465/0000903423-07-000465-index.htm", "finalLink": "https://www.sec.gov/Archives/edgar/data/1347557/000090342307000465/pag-20f_0504.htm", "calculatedOtherExpenses": 1470199000, "calculatedOperatingExpenses": 1470199000, "calculatedNetInterest": 93464000, "calculatedOtherIncome": -82280000, "calculatedIncomeNonControlling": 944714000, "calculatedEbitda": 1789147000}]}