{"originalCurrency": "USD", "convertedCurrency": "USD", "report": [{"date": "2023-12-31", "symbol": "PAG", "reportedCurrency": "USD", "cik": "0001019849", "fillingDate": "2024-02-16", "acceptedDate": "2024-02-16 16:44:57", "calendarYear": "2023", "period": "FY", "revenue": 29527400000, "costOfRevenue": 24734600000, "grossProfit": 4792800000, "grossProfitRatio": 0.1623170343, "researchAndDevelopmentExpenses": 0, "generalAndAdministrativeExpenses": 3264700000, "sellingAndMarketingExpenses": 135900000, "sellingGeneralAndAdministrativeExpenses": 3400600000, "otherExpenses": -133100000, "operatingExpenses": 3533700000, "costAndExpenses": 28268300000, "interestIncome": 0, "interestExpense": 92600000, "depreciationAndAmortization": 141000000, "ebitda": 1400100000, "ebitdaratio": 0.0474169754, "operatingIncome": 1259100000, "operatingIncomeRatio": 0.0426417497, "totalOtherIncomeExpensesNet": 160400000, "incomeBeforeTax": 1419500000, "incomeBeforeTaxRatio": 0.0480739923, "incomeTaxExpense": 360900000, "netIncome": 1053200000, "netIncomeRatio": 0.0356685655, "eps": 15.5, "epsdiluted": 15.5, "weightedAverageShsOut": 67963956, "weightedAverageShsOutDil": 67963956, "link": "https://www.sec.gov/Archives/edgar/data/1019849/000101984924000033/0001019849-24-000033-index.htm", "finalLink": "https://www.sec.gov/Archives/edgar/data/1019849/000101984924000033/pag-20231231.htm", "calculatedOtherExpenses": 133100000, "calculatedOperatingExpenses": 3533700000, "calculatedNetInterest": -92600000, "calculatedOtherIncome": 253000000, "calculatedIncomeNonControlling": 5400000, "calculatedEbitda": 1400100000}, {"date": "2022-12-31", "symbol": "PAG", "reportedCurrency": "USD", "cik": "0001019849", "fillingDate": "2023-02-21", "acceptedDate": "2023-02-21 16:11:04", "calendarYear": "2022", "period": "FY", "revenue": 27814800000, "costOfRevenue": 22976000000, "grossProfit": 4838800000, "grossProfitRatio": 0.1739649395, "researchAndDevelopmentExpenses": 0, "generalAndAdministrativeExpenses": 3101700000, "sellingAndMarketingExpenses": 122000000, "sellingGeneralAndAdministrativeExpenses": 3223700000, "otherExpenses": 127300000, "operatingExpenses": 3351000000, "costAndExpenses": 26327000000, "interestIncome": 122800000, "interestExpense": 122800000, "depreciationAndAmortization": 621500000, "ebitda": 2109300000, "ebitdaratio": 0.0758337288, "operatingIncome": 1487800000, "operatingIncomeRatio": 0.0534895092, "totalOtherIncomeExpensesNet": 371400000, "incomeBeforeTax": 1859200000, "incomeBeforeTaxRatio": 0.0668421128, "incomeTaxExpense": 473000000, "netIncome": 1380000000, "netIncomeRatio": 0.0496138746, "eps": 18.55, "epsdiluted": 18.55, "weightedAverageShsOut": 74394799, "weightedAverageShsOutDil": 74394799, "link": "https://www.sec.gov/Archives/edgar/data/1019849/000101984923000038/0001019849-23-000038-index.htm", "finalLink": "https://www.sec.gov/Archives/edgar/data/1019849/000101984923000038/pag-20221231.htm", "calculatedOtherExpenses": 127300000, "calculatedOperatingExpenses": 3351000000, "calculatedNetInterest": 0, "calculatedOtherIncome": 371400000, "calculatedIncomeNonControlling": 6200000, "calculatedEbitda": 2109300000}, {"date": "2021-12-31", "symbol": "PAG", "reportedCurrency": "USD", "cik": "0001019849", "fillingDate": "2022-02-18", "acceptedDate": "2022-02-18 17:05:48", "calendarYear": "2021", "period": "FY", "revenue": 25554700000, "costOfRevenue": 21113900000, "grossProfit": 4440800000, "grossProfitRatio": 0.1737762525, "researchAndDevelopmentExpenses": 0, "generalAndAdministrativeExpenses": 2843700000, "sellingAndMarketingExpenses": 119200000, "sellingGeneralAndAdministrativeExpenses": 2962900000, "otherExpenses": 121500000, "operatingExpenses": 3084400000, "costAndExpenses": 24198300000, "interestIncome": 94800000, "interestExpense": 94800000, "depreciationAndAmortization": 496000000, "ebitda": 1852400000, "ebitdaratio": 0.0724876442, "operatingIncome": 1356400000, "operatingIncomeRatio": 0.0530782987, "totalOtherIncomeExpensesNet": 251300000, "incomeBeforeTax": 1607700000, "incomeBeforeTaxRatio": 0.0629121062, "incomeTaxExpense": 416300000, "netIncome": 1187800000, "netIncomeRatio": 0.0464806865, "eps": 14.89, "epsdiluted": 14.89, "weightedAverageShsOut": 79746106, "weightedAverageShsOutDil": 79746106, "link": "https://www.sec.gov/Archives/edgar/data/1019849/000101984922000013/0001019849-22-000013-index.htm", "finalLink": "https://www.sec.gov/Archives/edgar/data/1019849/000101984922000013/pag-20211231.htm", "calculatedOtherExpenses": 121500000, "calculatedOperatingExpenses": 3084400000, "calculatedNetInterest": 0, "calculatedOtherIncome": 251300000, "calculatedIncomeNonControlling": 3600000, "calculatedEbitda": 1852400000}, {"date": "2020-12-31", "symbol": "PAG", "reportedCurrency": "USD", "cik": "0001019849", "fillingDate": "2021-02-19", "acceptedDate": "2021-02-19 16:53:30", "calendarYear": "2020", "period": "FY", "revenue": 20443900000, "costOfRevenue": 17259400000, "grossProfit": 3184500000, "grossProfitRatio": 0.1557677351, "researchAndDevelopmentExpenses": 0, "generalAndAdministrativeExpenses": 2283400000, "sellingAndMarketingExpenses": 81100000, "sellingGeneralAndAdministrativeExpenses": 2364500000, "otherExpenses": 115500000, "operatingExpenses": 2480000000, "costAndExpenses": 19739400000, "interestIncome": 157300000, "interestExpense": 165900000, "depreciationAndAmortization": 284500000, "ebitda": 989000000, "ebitdaratio": 0.0483762883, "operatingIncome": 704500000, "operatingIncomeRatio": 0.0344601568, "totalOtherIncomeExpensesNet": 3100000, "incomeBeforeTax": 707600000, "incomeBeforeTaxRatio": 0.0346117913, "incomeTaxExpense": 162700000, "netIncome": 543600000, "netIncomeRatio": 0.0265898385, "eps": 6.74, "epsdiluted": 6.74, "weightedAverageShsOut": 80594856, "weightedAverageShsOutDil": 80594856, "link": "https://www.sec.gov/Archives/edgar/data/1019849/000155837021001299/0001558370-21-001299-index.htm", "finalLink": "https://www.sec.gov/Archives/edgar/data/1019849/000155837021001299/pag-20201231x10k.htm", "calculatedOtherExpenses": 115500000, "calculatedOperatingExpenses": 2480000000, "calculatedNetInterest": -8600000, "calculatedOtherIncome": 11700000, "calculatedIncomeNonControlling": 1300000, "calculatedEbitda": 989000000}, {"date": "2019-12-31", "symbol": "PAG", "reportedCurrency": "USD", "cik": "0001019849", "fillingDate": "2020-02-21", "acceptedDate": "2020-02-21 16:47:37", "calendarYear": "2019", "period": "FY", "revenue": 23179400000, "costOfRevenue": 19723900000, "grossProfit": 3455500000, "grossProfitRatio": 0.149076335, "researchAndDevelopmentExpenses": 0, "generalAndAdministrativeExpenses": 2580600000, "sellingAndMarketingExpenses": 112600000, "sellingGeneralAndAdministrativeExpenses": 2693200000, "otherExpenses": 109600000, "operatingExpenses": 2802800000, "costAndExpenses": 22526700000, "interestIncome": 208700000, "interestExpense": 208700000, "depreciationAndAmortization": 257100000, "ebitda": 909800000, "ebitdaratio": 0.0392503689, "operatingIncome": 652700000, "operatingIncomeRatio": 0.0281586236, "totalOtherIncomeExpensesNet": -61200000, "incomeBeforeTax": 591500000, "incomeBeforeTaxRatio": 0.0255183482, "incomeTaxExpense": 156700000, "netIncome": 435800000, "netIncomeRatio": 0.0188011769, "eps": 5.28, "epsdiluted": 5.28, "weightedAverageShsOut": 82495045, "weightedAverageShsOutDil": 82495045, "link": "https://www.sec.gov/Archives/edgar/data/1019849/000155837020001163/0001558370-20-001163-index.htm", "finalLink": "https://www.sec.gov/Archives/edgar/data/1019849/000155837020001163/pag-20181231x10k724ca0.htm", "calculatedOtherExpenses": 109600000, "calculatedOperatingExpenses": 2802800000, "calculatedNetInterest": 0, "calculatedOtherIncome": -61200000, "calculatedIncomeNonControlling": -1000000, "calculatedEbitda": 909800000}, {"date": "2018-12-31", "symbol": "PAG", "reportedCurrency": "USD", "cik": "0001019849", "fillingDate": "2019-02-22", "acceptedDate": "2019-02-22 16:22:30", "calendarYear": "2018", "period": "FY", "revenue": 22785100000, "costOfRevenue": 19370200000, "grossProfit": 3414900000, "grossProfitRatio": 0.1498742599, "researchAndDevelopmentExpenses": 0, "generalAndAdministrativeExpenses": 2531000000, "sellingAndMarketingExpenses": 115300000, "sellingGeneralAndAdministrativeExpenses": 2646300000, "otherExpenses": 103700000, "operatingExpenses": 2750000000, "costAndExpenses": 22120200000, "interestIncome": 0, "interestExpense": 195600000, "depreciationAndAmortization": 103700000, "ebitda": 903400000, "ebitdaratio": 0.0396487178, "operatingIncome": 664900000, "operatingIncomeRatio": 0.029181351, "totalOtherIncomeExpensesNet": 134800000, "incomeBeforeTax": 604100000, "incomeBeforeTaxRatio": 0.0265129405, "incomeTaxExpense": 134300000, "netIncome": 471000000, "netIncomeRatio": 0.0206714037, "eps": 5.53, "epsdiluted": 5.53, "weightedAverageShsOut": 85165367, "weightedAverageShsOutDil": 85200000, "link": "https://www.sec.gov/Archives/edgar/data/1019849/000155837019000917/0001558370-19-000917-index.htm", "finalLink": "https://www.sec.gov/Archives/edgar/data/1019849/000155837019000917/pag-20181231x10k.htm", "calculatedOtherExpenses": 103700000, "calculatedOperatingExpenses": 2750000000, "calculatedNetInterest": -195600000, "calculatedOtherIncome": 134800000, "calculatedIncomeNonControlling": -1200000, "calculatedEbitda": 768600000}, {"date": "2017-12-31", "symbol": "PAG", "reportedCurrency": "USD", "cik": "0001019849", "fillingDate": "2018-02-22", "acceptedDate": "2018-02-22 16:58:21", "calendarYear": "2017", "period": "FY", "revenue": 21386900000, "costOfRevenue": 18164400000, "grossProfit": 3222500000, "grossProfitRatio": 0.1506763486, "researchAndDevelopmentExpenses": 0, "generalAndAdministrativeExpenses": 2400200000, "sellingAndMarketingExpenses": 115800000, "sellingGeneralAndAdministrativeExpenses": 2516000000, "otherExpenses": 95100000, "operatingExpenses": 2611100000, "costAndExpenses": 20775500000, "interestIncome": 0, "interestExpense": 170800000, "depreciationAndAmortization": 95100000, "ebitda": 814100000, "ebitdaratio": 0.0380653578, "operatingIncome": 611400000, "operatingIncomeRatio": 0.0285875933, "totalOtherIncomeExpensesNet": 107600000, "incomeBeforeTax": 548200000, "incomeBeforeTaxRatio": 0.0256325134, "incomeTaxExpense": -64800000, "netIncome": 613300000, "netIncomeRatio": 0.0286764328, "eps": 7.14, "epsdiluted": 7.14, "weightedAverageShsOut": 85877227, "weightedAverageShsOutDil": 85900000, "link": "https://www.sec.gov/Archives/edgar/data/1019849/000155837018000944/0001558370-18-000944-index.htm", "finalLink": "https://www.sec.gov/Archives/edgar/data/1019849/000155837018000944/pag-20171231x10k.htm", "calculatedOtherExpenses": 95100000, "calculatedOperatingExpenses": 2611100000, "calculatedNetInterest": -170800000, "calculatedOtherIncome": 107600000, "calculatedIncomeNonControlling": -300000, "calculatedEbitda": 706500000}, {"date": "2016-12-31", "symbol": "PAG", "reportedCurrency": "USD", "cik": "0001019849", "fillingDate": "2017-02-24", "acceptedDate": "2017-02-24 16:05:08", "calendarYear": "2016", "period": "FY", "revenue": 20118500000, "costOfRevenue": 17151900000, "grossProfit": 2966600000, "grossProfitRatio": 0.1474563213, "researchAndDevelopmentExpenses": 0, "generalAndAdministrativeExpenses": 2199500000, "sellingAndMarketingExpenses": 102500000, "sellingGeneralAndAdministrativeExpenses": 2302000000, "otherExpenses": 89700000, "operatingExpenses": 2391700000, "costAndExpenses": 19543600000, "interestIncome": 0, "interestExpense": 136300000, "depreciationAndAmortization": 89700000, "ebitda": 734100000, "ebitdaratio": 0.0364888038, "operatingIncome": 574900000, "operatingIncomeRatio": 0.028575689, "totalOtherIncomeExpensesNet": 69500000, "incomeBeforeTax": 508100000, "incomeBeforeTaxRatio": 0.025255362, "incomeTaxExpense": 160700000, "netIncome": 342900000, "netIncomeRatio": 0.0170440142, "eps": 3.99, "epsdiluted": 3.99, "weightedAverageShsOut": 86000000, "weightedAverageShsOutDil": 86000000, "link": "https://www.sec.gov/Archives/edgar/data/1019849/000155837017001005/0001558370-17-001005-index.htm", "finalLink": "https://www.sec.gov/Archives/edgar/data/1019849/000155837017001005/pag-20161231x10k.htm", "calculatedOtherExpenses": 89700000, "calculatedOperatingExpenses": 2391700000, "calculatedNetInterest": -136300000, "calculatedOtherIncome": 69500000, "calculatedIncomeNonControlling": 4500000, "calculatedEbitda": 664600000}, {"date": "2015-12-31", "symbol": "PAG", "reportedCurrency": "USD", "cik": "0001019849", "fillingDate": "2016-02-25", "acceptedDate": "2016-02-25 17:09:42", "calendarYear": "2015", "period": "FY", "revenue": 19284900000, "costOfRevenue": 16417400000, "grossProfit": 2867500000, "grossProfitRatio": 0.1486914633, "researchAndDevelopmentExpenses": 0, "generalAndAdministrativeExpenses": 2122000000, "sellingAndMarketingExpenses": 101000000, "sellingGeneralAndAdministrativeExpenses": 2223000000, "otherExpenses": 78000000, "operatingExpenses": 2301000000, "costAndExpenses": 18718400000, "interestIncome": 0, "interestExpense": 113900000, "depreciationAndAmortization": 78000000, "ebitda": 683800000, "ebitdaratio": 0.0354577934, "operatingIncome": 566500000, "operatingIncomeRatio": 0.0293753144, "totalOtherIncomeExpensesNet": 39300000, "incomeBeforeTax": 491900000, "incomeBeforeTaxRatio": 0.0255070029, "incomeTaxExpense": 158000000, "netIncome": 326100000, "netIncomeRatio": 0.0169096028, "eps": 3.63, "epsdiluted": 3.63, "weightedAverageShsOut": 89759626, "weightedAverageShsOutDil": 89800000, "link": "https://www.sec.gov/Archives/edgar/data/1019849/000155837016003547/0001558370-16-003547-index.htm", "finalLink": "https://www.sec.gov/Archives/edgar/data/1019849/000155837016003547/pag-20151231x10k.htm", "calculatedOtherExpenses": 78000000, "calculatedOperatingExpenses": 2301000000, "calculatedNetInterest": -113900000, "calculatedOtherIncome": 39300000, "calculatedIncomeNonControlling": 7800000, "calculatedEbitda": 644500000}, {"date": "2014-12-31", "symbol": "PAG", "reportedCurrency": "USD", "cik": "0001019849", "fillingDate": "2015-02-26", "acceptedDate": "2015-02-26 17:27:03", "calendarYear": "2014", "period": "FY", "revenue": 17177200000, "costOfRevenue": 14603500000, "grossProfit": 2573700000, "grossProfitRatio": 0.1498323359, "researchAndDevelopmentExpenses": 0, "generalAndAdministrativeExpenses": 1906400000, "sellingAndMarketingExpenses": 93200000, "sellingGeneralAndAdministrativeExpenses": 1999600000, "otherExpenses": 70000000, "operatingExpenses": 2069600000, "costAndExpenses": 16673100000, "interestIncome": 0, "interestExpense": 98900000, "depreciationAndAmortization": 70000000, "ebitda": 614900000, "ebitdaratio": 0.0357974524, "operatingIncome": 504100000, "operatingIncomeRatio": 0.0293470414, "totalOtherIncomeExpensesNet": 56800000, "incomeBeforeTax": 462000000, "incomeBeforeTaxRatio": 0.0268961181, "incomeTaxExpense": 153200000, "netIncome": 286700000, "netIncomeRatio": 0.0166907296, "eps": 3.17, "epsdiluted": 3.17, "weightedAverageShsOut": 90318860, "weightedAverageShsOutDil": 90354839, "link": "https://www.sec.gov/Archives/edgar/data/1019849/000104746915001311/0001047469-15-001311-index.htm", "finalLink": "https://www.sec.gov/Archives/edgar/data/1019849/000104746915001311/a2223139z10-k.htm", "calculatedOtherExpenses": 70000000, "calculatedOperatingExpenses": 2069600000, "calculatedNetInterest": -98900000, "calculatedOtherIncome": 56800000, "calculatedIncomeNonControlling": 22100000, "calculatedEbitda": 574100000}, {"date": "2013-12-31", "symbol": "PAG", "reportedCurrency": "USD", "cik": "0001019849", "fillingDate": "2014-03-03", "acceptedDate": "2014-03-03 13:50:42", "calendarYear": "2013", "period": "FY", "revenue": 14705400000, "costOfRevenue": 12445600000, "grossProfit": 2259800000, "grossProfitRatio": 0.1536714404, "researchAndDevelopmentExpenses": 0, "generalAndAdministrativeExpenses": 1679000000, "sellingAndMarketingExpenses": 82900000, "sellingGeneralAndAdministrativeExpenses": 1761900000, "otherExpenses": 61700000, "operatingExpenses": 1823600000, "costAndExpenses": 14269200000, "interestIncome": 0, "interestExpense": 91500000, "depreciationAndAmortization": 61700000, "ebitda": 528600000, "ebitdaratio": 0.035945979, "operatingIncome": 436200000, "operatingIncomeRatio": 0.0296625729, "totalOtherIncomeExpensesNet": 30700000, "incomeBeforeTax": 375400000, "incomeBeforeTaxRatio": 0.0255280373, "incomeTaxExpense": 124300000, "netIncome": 244200000, "netIncomeRatio": 0.0166061447, "eps": 2.7, "epsdiluted": 2.7, "weightedAverageShsOut": 90330621, "weightedAverageShsOutDil": 90330621, "link": "https://www.sec.gov/Archives/edgar/data/1019849/000104746914001666/0001047469-14-001666-index.htm", "finalLink": "https://www.sec.gov/Archives/edgar/data/1019849/000104746914001666/a2218585z10-k.htm", "calculatedOtherExpenses": 61700000, "calculatedOperatingExpenses": 1823600000, "calculatedNetInterest": -91500000, "calculatedOtherIncome": 30700000, "calculatedIncomeNonControlling": 6900000, "calculatedEbitda": 497900000}, {"date": "2012-12-31", "symbol": "PAG", "reportedCurrency": "USD", "cik": "0001019849", "fillingDate": "2013-02-28", "acceptedDate": "2013-02-28 17:09:23", "calendarYear": "2012", "period": "FY", "revenue": 13163517000, "costOfRevenue": 11150569000, "grossProfit": 2012948000, "grossProfitRatio": 0.1529187071, "researchAndDevelopmentExpenses": 0, "generalAndAdministrativeExpenses": 1514895000, "sellingAndMarketingExpenses": 79200000, "sellingGeneralAndAdministrativeExpenses": 1594095000, "otherExpenses": 53995000, "operatingExpenses": 1648090000, "costAndExpenses": 12798659000, "interestIncome": 0, "interestExpense": 85689000, "depreciationAndAmortization": 53995000, "ebitda": 446425000, "ebitdaratio": 0.0339138089, "operatingIncome": 364858000, "operatingIncomeRatio": 0.0277173646, "totalOtherIncomeExpensesNet": 9819000, "incomeBeforeTax": 288988000, "incomeBeforeTaxRatio": 0.0219537074, "incomeTaxExpense": 94330000, "netIncome": 185540000, "netIncomeRatio": 0.0140950173, "eps": 2.05, "epsdiluted": 2.05, "weightedAverageShsOut": 90342000, "weightedAverageShsOutDil": 90342000, "link": "https://www.sec.gov/Archives/edgar/data/1019849/000110465913016197/0001104659-13-016197-index.htm", "finalLink": "https://www.sec.gov/Archives/edgar/data/1019849/000110465913016197/a12-27860_110k.htm", "calculatedOtherExpenses": 53995000, "calculatedOperatingExpenses": 1648090000, "calculatedNetInterest": -85689000, "calculatedOtherIncome": 9819000, "calculatedIncomeNonControlling": 9118000, "calculatedEbitda": 418853000}, {"date": "2011-12-31", "symbol": "PAG", "reportedCurrency": "USD", "cik": "0001019849", "fillingDate": "2012-02-24", "acceptedDate": "2012-02-24 17:20:17", "calendarYear": "2011", "period": "FY", "revenue": 11556232000, "costOfRevenue": 9730842000, "grossProfit": 1825390000, "grossProfitRatio": 0.1579571957, "researchAndDevelopmentExpenses": 0, "generalAndAdministrativeExpenses": 0, "sellingAndMarketingExpenses": 0, "sellingGeneralAndAdministrativeExpenses": 1478297000, "otherExpenses": 48903000, "operatingExpenses": 1527200000, "costAndExpenses": 11258042000, "interestIncome": 0, "interestExpense": 73535000, "depreciationAndAmortization": 48903000, "ebitda": 372544000, "ebitdaratio": 0.0322374975, "operatingIncome": 298190000, "operatingIncomeRatio": 0.0258033934, "totalOtherIncomeExpensesNet": 23733000, "incomeBeforeTax": 248388000, "incomeBeforeTaxRatio": 0.0214938572, "incomeTaxExpense": 71933000, "netIncome": 176881000, "netIncomeRatio": 0.0153061136, "eps": 1.94, "epsdiluted": 1.94, "weightedAverageShsOut": 91274000, "weightedAverageShsOutDil": 91274000, "link": "https://www.sec.gov/Archives/edgar/data/1019849/000119312512078466/0001193125-12-078466-index.htm", "finalLink": "https://www.sec.gov/Archives/edgar/data/1019849/000119312512078466/d263679d10k.htm", "calculatedOtherExpenses": 48903000, "calculatedOperatingExpenses": 1527200000, "calculatedNetInterest": -73535000, "calculatedOtherIncome": 23733000, "calculatedIncomeNonControlling": -426000, "calculatedEbitda": 347093000}, {"date": "2010-12-31", "symbol": "PAG", "reportedCurrency": "USD", "cik": "0001019849", "fillingDate": "2011-02-28", "acceptedDate": "2011-02-25 18:04:53", "calendarYear": "2010", "period": "FY", "revenue": 10713585000, "costOfRevenue": 9012037000, "grossProfit": 1701548000, "grossProfitRatio": 0.1588215336, "researchAndDevelopmentExpenses": 0, "generalAndAdministrativeExpenses": 0, "sellingAndMarketingExpenses": 0, "sellingGeneralAndAdministrativeExpenses": 1411814000, "otherExpenses": 48884000, "operatingExpenses": 1460698000, "costAndExpenses": 10472735000, "interestIncome": 0, "interestExpense": 84248000, "depreciationAndAmortization": 48884000, "ebitda": 310303000, "ebitdaratio": 0.0289635075, "operatingIncome": 240850000, "operatingIncomeRatio": 0.0224808036, "totalOtherIncomeExpensesNet": 13566000, "incomeBeforeTax": 170168000, "incomeBeforeTaxRatio": 0.0158833854, "incomeTaxExpense": 57912000, "netIncome": 108281000, "netIncomeRatio": 0.0101068877, "eps": 1.18, "epsdiluted": 1.18, "weightedAverageShsOut": 92091000, "weightedAverageShsOutDil": 92091000, "link": "https://www.sec.gov/Archives/edgar/data/1019849/000095012311018964/0000950123-11-018964-index.htm", "finalLink": "https://www.sec.gov/Archives/edgar/data/1019849/000095012311018964/c11550e10vk.htm", "calculatedOtherExpenses": 48884000, "calculatedOperatingExpenses": 1460698000, "calculatedNetInterest": -84248000, "calculatedOtherIncome": 13566000, "calculatedIncomeNonControlling": 3975000, "calculatedEbitda": 289734000}, {"date": "2009-12-31", "symbol": "PAG", "reportedCurrency": "USD", "cik": "0001019849", "fillingDate": "2010-02-24", "acceptedDate": "2010-02-24 17:15:20", "calendarYear": "2009", "period": "FY", "revenue": 9523105000, "costOfRevenue": 7940794000, "grossProfit": 1582311000, "grossProfitRatio": 0.1661549463, "researchAndDevelopmentExpenses": 0, "generalAndAdministrativeExpenses": 0, "sellingAndMarketingExpenses": 0, "sellingGeneralAndAdministrativeExpenses": 1318980000, "otherExpenses": 54234000, "operatingExpenses": 1373214000, "costAndExpenses": 9314008000, "interestIncome": 0, "interestExpense": 90863000, "depreciationAndAmortization": 54234000, "ebitda": 277139000, "ebitdaratio": 0.0291017478, "operatingIncome": 209097000, "operatingIncomeRatio": 0.0219568093, "totalOtherIncomeExpensesNet": 11194000, "incomeBeforeTax": 129428000, "incomeBeforeTaxRatio": 0.0135909454, "incomeTaxExpense": 45386000, "netIncome": 76461000, "netIncomeRatio": 0.0080289989, "eps": 0.83, "epsdiluted": 0.83, "weightedAverageShsOut": 91653000, "weightedAverageShsOutDil": 91653000, "link": "https://www.sec.gov/Archives/edgar/data/1019849/000095012310016429/0000950123-10-016429-index.htm", "finalLink": "https://www.sec.gov/Archives/edgar/data/1019849/000095012310016429/c96591e10vk.htm", "calculatedOtherExpenses": 54234000, "calculatedOperatingExpenses": 1373214000, "calculatedNetInterest": -90863000, "calculatedOtherIncome": 11194000, "calculatedIncomeNonControlling": 7581000, "calculatedEbitda": 263331000}, {"date": "2008-12-31", "symbol": "PAG", "reportedCurrency": "USD", "cik": "0001019849", "fillingDate": "2009-03-11", "acceptedDate": "2009-03-10 17:39:48", "calendarYear": "2008", "period": "FY", "revenue": 11646345000, "costOfRevenue": 9854567000, "grossProfit": 1791778000, "grossProfitRatio": 0.1538489543, "researchAndDevelopmentExpenses": 0, "generalAndAdministrativeExpenses": 0, "sellingAndMarketingExpenses": 0, "sellingGeneralAndAdministrativeExpenses": 1494157000, "otherExpenses": 697281000, "operatingExpenses": 2191438000, "costAndExpenses": 12046005000, "interestIncome": 0, "interestExpense": -64495000, "depreciationAndAmortization": 53822000, "ebitda": 297621000, "ebitdaratio": 0.0255548844, "operatingIncome": -399660000, "operatingIncomeRatio": -0.0343163456, "totalOtherIncomeExpensesNet": -626946000, "incomeBeforeTax": -502512000, "incomeBeforeTaxRatio": -0.0431476141, "incomeTaxExpense": -100020000, "netIncome": -411901000, "netIncomeRatio": -0.035367405, "eps": -4.38, "epsdiluted": -4.38, "weightedAverageShsOut": 93958000, "weightedAverageShsOutDil": 93958000, "link": "https://www.sec.gov/Archives/edgar/data/1019849/000136231009003530/0001362310-09-003530-index.htm", "finalLink": "https://www.sec.gov/Archives/edgar/data/1019849/000136231009003530/c81896e10vk.htm", "calculatedOtherExpenses": 697281000, "calculatedOperatingExpenses": 2191438000, "calculatedNetInterest": 64495000, "calculatedOtherIncome": -167347000, "calculatedIncomeNonControlling": 9409000, "calculatedEbitda": -345838000}, {"date": "2007-12-31", "symbol": "PAG", "reportedCurrency": "USD", "cik": "0001019849", "fillingDate": "2008-02-26", "acceptedDate": "2008-02-25 18:52:47", "calendarYear": "2007", "period": "FY", "revenue": 12957739000, "costOfRevenue": 11032530000, "grossProfit": 1925209000, "grossProfitRatio": 0.1485759977, "researchAndDevelopmentExpenses": 0, "generalAndAdministrativeExpenses": 0, "sellingAndMarketingExpenses": 0, "sellingGeneralAndAdministrativeExpenses": 1531628000, "otherExpenses": 50957000, "operatingExpenses": 1582585000, "costAndExpenses": 12615115000, "interestIncome": 0, "interestExpense": -74749000, "depreciationAndAmortization": 50957000, "ebitda": 412215000, "ebitdaratio": 0.0318122629, "operatingIncome": 342624000, "operatingIncomeRatio": 0.02644165, "totalOtherIncomeExpensesNet": -14550000, "incomeBeforeTax": 197080000, "incomeBeforeTaxRatio": 0.0152094436, "incomeTaxExpense": 67310000, "netIncome": 127739000, "netIncomeRatio": 0.0098581242, "eps": 1.36, "epsdiluted": 1.35, "weightedAverageShsOut": 94104000, "weightedAverageShsOutDil": 94558000, "link": "https://www.sec.gov/Archives/edgar/data/1019849/000095013708002702/0000950137-08-002702-index.htm", "finalLink": "https://www.sec.gov/Archives/edgar/data/1019849/000095013708002702/k23205e10vk.htm", "calculatedOtherExpenses": 50957000, "calculatedOperatingExpenses": 1582585000, "calculatedNetInterest": 74749000, "calculatedOtherIncome": -220293000, "calculatedIncomeNonControlling": 2031000, "calculatedEbitda": 393581000}, {"date": "2006-12-31", "symbol": "PAG", "reportedCurrency": "USD", "cik": "0001019849", "fillingDate": "2007-03-01", "acceptedDate": "2007-02-28 20:01:45", "calendarYear": "2006", "period": "FY", "revenue": 11242313000, "costOfRevenue": 9537844000, "grossProfit": 1704469000, "grossProfitRatio": 0.1516119503, "researchAndDevelopmentExpenses": 0, "generalAndAdministrativeExpenses": 0, "sellingAndMarketingExpenses": 0, "sellingGeneralAndAdministrativeExpenses": 1356452000, "otherExpenses": 44863000, "operatingExpenses": 1401315000, "costAndExpenses": 10939159000, "interestIncome": 0, "interestExpense": -61565000, "depreciationAndAmortization": 44863000, "ebitda": 348017000, "ebitdaratio": 0.0309559963, "operatingIncome": 303154000, "operatingIncomeRatio": 0.0269654474, "totalOtherIncomeExpensesNet": 8201000, "incomeBeforeTax": 200617000, "incomeBeforeTaxRatio": 0.0178448154, "incomeTaxExpense": 67845000, "netIncome": 124701000, "netIncomeRatio": 0.0110921125, "eps": 1.34, "epsdiluted": 1.32, "weightedAverageShsOut": 93393000, "weightedAverageShsOutDil": 94178000, "link": "https://www.sec.gov/Archives/edgar/data/1019849/000095013707003039/0000950137-07-003039-index.htm", "finalLink": "https://www.sec.gov/Archives/edgar/data/1019849/000095013707003039/k12650e10vk.htm", "calculatedOtherExpenses": 44863000, "calculatedOperatingExpenses": 1401315000, "calculatedNetInterest": 61565000, "calculatedOtherIncome": -164102000, "calculatedIncomeNonControlling": 8071000, "calculatedEbitda": 348017000}, {"date": "2005-12-31", "symbol": "PAG", "reportedCurrency": "USD", "cik": "0001019849", "fillingDate": "2006-03-16", "acceptedDate": "2006-03-16 13:04:49", "calendarYear": "2005", "period": "FY", "revenue": 10190284000, "costOfRevenue": 8644940000, "grossProfit": 1545344000, "grossProfitRatio": 0.1516487666, "researchAndDevelopmentExpenses": 0, "generalAndAdministrativeExpenses": 0, "sellingAndMarketingExpenses": 0, "sellingGeneralAndAdministrativeExpenses": 1213259000, "otherExpenses": 39388000, "operatingExpenses": 1252647000, "costAndExpenses": 9897587000, "interestIncome": 0, "interestExpense": -50922000, "depreciationAndAmortization": 42599000, "ebitda": 335296000, "ebitdaratio": 0.0329034991, "operatingIncome": 292697000, "operatingIncomeRatio": 0.0287231445, "totalOtherIncomeExpensesNet": -100462000, "incomeBeforeTax": 192235000, "incomeBeforeTaxRatio": 0.018864538, "incomeTaxExpense": 69760000, "netIncome": 118973000, "netIncomeRatio": 0.0116751408, "eps": 0.64, "epsdiluted": 0.64, "weightedAverageShsOut": 185664000, "weightedAverageShsOutDil": 187864000, "link": "https://www.sec.gov/Archives/edgar/data/1019849/000095012406001258/0000950124-06-001258-index.htm", "finalLink": "https://www.sec.gov/Archives/edgar/data/1019849/000095012406001258/k02511e10vk.htm", "calculatedOtherExpenses": 39388000, "calculatedOperatingExpenses": 1252647000, "calculatedNetInterest": 50922000, "calculatedOtherIncome": -151384000, "calculatedIncomeNonControlling": 3502000, "calculatedEbitda": 335296000}, {"date": "2004-12-31", "symbol": "PAG", "reportedCurrency": "USD", "cik": "0001019849", "fillingDate": "2005-03-15", "acceptedDate": "2005-03-14 21:20:15", "calendarYear": "2004", "period": "FY", "revenue": 9886211000, "costOfRevenue": 8436153000, "grossProfit": 1450058000, "grossProfitRatio": 0.1466747979, "researchAndDevelopmentExpenses": 0, "generalAndAdministrativeExpenses": 0, "sellingAndMarketingExpenses": 0, "sellingGeneralAndAdministrativeExpenses": 1144207000, "otherExpenses": 42146000, "operatingExpenses": 1186353000, "costAndExpenses": 9622506000, "interestIncome": 0, "interestExpense": -49723000, "depreciationAndAmortization": 44974000, "ebitda": 297210000, "ebitdaratio": 0.0300630848, "operatingIncome": 263705000, "operatingIncomeRatio": 0.026674021, "totalOtherIncomeExpensesNet": 11469000, "incomeBeforeTax": 182478000, "incomeBeforeTaxRatio": 0.0184578298, "incomeTaxExpense": 67880000, "netIncome": 111687000, "netIncomeRatio": 0.0112972503, "eps": 1.2, "epsdiluted": 0.61, "weightedAverageShsOut": 89108000, "weightedAverageShsOutDil": 182400000, "link": "https://www.sec.gov/Archives/edgar/data/1019849/000095013705003007/0000950137-05-003007-index.htm", "finalLink": "https://www.sec.gov/Archives/edgar/data/1019849/000095013705003007/k91941e10vk.htm", "calculatedOtherExpenses": 42146000, "calculatedOperatingExpenses": 1186353000, "calculatedNetInterest": 49723000, "calculatedOtherIncome": -130950000, "calculatedIncomeNonControlling": 2911000, "calculatedEbitda": 308679000}, {"date": "2003-12-31", "symbol": "PAG", "reportedCurrency": "USD", "cik": "0001019849", "fillingDate": "2004-03-15", "acceptedDate": "2004-03-15 15:38:50", "calendarYear": "2003", "period": "FY", "revenue": 8671485000, "costOfRevenue": 7428065000, "grossProfit": 1243420000, "grossProfitRatio": 0.1433918181, "researchAndDevelopmentExpenses": 0, "generalAndAdministrativeExpenses": 0, "sellingAndMarketingExpenses": 0, "sellingGeneralAndAdministrativeExpenses": 980011000, "otherExpenses": 31583000, "operatingExpenses": 1011594000, "costAndExpenses": 8439659000, "interestIncome": 0, "interestExpense": -43527000, "depreciationAndAmortization": 33078000, "ebitda": 264904000, "ebitdaratio": 0.0305488622, "operatingIncome": 231826000, "operatingIncomeRatio": 0.0267342906, "totalOtherIncomeExpensesNet": -88679000, "incomeBeforeTax": 143147000, "incomeBeforeTaxRatio": 0.0165077838, "incomeTaxExpense": 57456000, "netIncome": 82929000, "netIncomeRatio": 0.0095634139, "eps": 0.99, "epsdiluted": 0.5, "weightedAverageShsOut": 81364000, "weightedAverageShsOutDil": 165800000, "link": "https://www.sec.gov/Archives/edgar/data/1019849/000095012404000939/0000950124-04-000939-index.htm", "finalLink": "https://www.sec.gov/Archives/edgar/data/1019849/000095012404000939/k82530e10vk.htm", "calculatedOtherExpenses": 31583000, "calculatedOperatingExpenses": 1011594000, "calculatedNetInterest": 43527000, "calculatedOtherIncome": -132206000, "calculatedIncomeNonControlling": 2762000, "calculatedEbitda": 264904000}, {"date": "2002-12-31", "symbol": "PAG", "reportedCurrency": "USD", "cik": "0001019849", "fillingDate": "2003-03-31", "acceptedDate": "2003-03-31 11:48:15", "calendarYear": "2002", "period": "FY", "revenue": 7434866000, "costOfRevenue": 6372656000, "grossProfit": 1062210000, "grossProfitRatio": 0.1428687484, "researchAndDevelopmentExpenses": 0, "generalAndAdministrativeExpenses": 0, "sellingAndMarketingExpenses": 0, "sellingGeneralAndAdministrativeExpenses": 882230000, "otherExpenses": 0, "operatingExpenses": 882230000, "costAndExpenses": 7254886000, "interestIncome": 0, "interestExpense": -35652000, "depreciationAndAmortization": 22304000, "ebitda": 202284000, "ebitdaratio": 0.0272074843, "operatingIncome": 179980000, "operatingIncomeRatio": 0.0242075647, "totalOtherIncomeExpensesNet": -74184000, "incomeBeforeTax": 105796000, "incomeBeforeTaxRatio": 0.0142297117, "incomeTaxExpense": 42617000, "netIncome": 62241000, "netIncomeRatio": 0.0083715026, "eps": 0.72, "epsdiluted": 0.38, "weightedAverageShsOut": 73164000, "weightedAverageShsOutDil": 82336000, "link": "https://www.sec.gov/Archives/edgar/data/1019849/000095012403001005/0000950124-03-001005-index.htm", "finalLink": "https://www.sec.gov/Archives/edgar/data/1019849/000095012403001005/k74179e10vk.htm", "calculatedOtherExpenses": 0, "calculatedOperatingExpenses": 882230000, "calculatedNetInterest": 35652000, "calculatedOtherIncome": -109836000, "calculatedIncomeNonControlling": 938000, "calculatedEbitda": 202284000}, {"date": "2001-12-31", "symbol": "PAG", "reportedCurrency": "USD", "cik": "0001019849", "fillingDate": "2002-02-26", "acceptedDate": "2002-02-26 00:00:00", "calendarYear": "2001", "period": "FY", "revenue": 6220663000, "costOfRevenue": 5369505000, "grossProfit": 851158000, "grossProfitRatio": 0.1368275375, "researchAndDevelopmentExpenses": 0, "generalAndAdministrativeExpenses": 0, "sellingAndMarketingExpenses": 0, "sellingGeneralAndAdministrativeExpenses": 693303000, "otherExpenses": 0, "operatingExpenses": 693303000, "costAndExpenses": 6062808000, "interestIncome": 0, "interestExpense": -42430000000, "depreciationAndAmortization": 33625000, "ebitda": 191480000, "ebitdaratio": 0.0307812849, "operatingIncome": 157855000, "operatingIncomeRatio": 0.0253759125, "totalOtherIncomeExpensesNet": -78035000, "incomeBeforeTax": 79820000, "incomeBeforeTaxRatio": 0.0128314297, "incomeTaxExpense": 35075000, "netIncome": 44745000, "netIncomeRatio": 0.0071929632, "eps": 0.78, "epsdiluted": 0.66, "weightedAverageShsOut": 46184000, "weightedAverageShsOutDil": 55656489, "link": "https://www.sec.gov/Archives/edgar/data/1019849/000095012402000556/0000950124-02-000556-index.htm", "finalLink": "https://www.sec.gov/Archives/edgar/data/1019849/000095012402000556/k66280e10-k405.htm", "calculatedOtherExpenses": 0, "calculatedOperatingExpenses": 693303000, "calculatedNetInterest": 42430000000, "calculatedOtherIncome": -42508035000, "calculatedIncomeNonControlling": 0, "calculatedEbitda": 191480000}, {"date": "2000-12-31", "symbol": "PAG", "reportedCurrency": "USD", "cik": "0001019849", "fillingDate": "2001-03-29", "acceptedDate": "2001-03-29 00:00:00", "calendarYear": "2000", "period": "FY", "revenue": 4883989000, "costOfRevenue": 4181858000, "grossProfit": 702131000, "grossProfitRatio": 0.1437617898, "researchAndDevelopmentExpenses": 0, "generalAndAdministrativeExpenses": 0, "sellingAndMarketingExpenses": 0, "sellingGeneralAndAdministrativeExpenses": 539704000, "otherExpenses": 24174000, "operatingExpenses": 563878000, "costAndExpenses": 4745736000, "interestIncome": 0, "interestExpense": 0, "depreciationAndAmortization": 24174000, "ebitda": 162427000, "ebitdaratio": 0.0332570364, "operatingIncome": 138253000, "operatingIncomeRatio": 0.0283073938, "totalOtherIncomeExpensesNet": -77695000, "incomeBeforeTax": 60558000, "incomeBeforeTaxRatio": 0.0123992908, "incomeTaxExpense": 26558000, "netIncome": 30031000, "netIncomeRatio": 0.0061488672, "eps": 0.63, "epsdiluted": 0.51, "weightedAverageShsOut": 40414000, "weightedAverageShsOutDil": 58830000, "link": "https://www.sec.gov/Archives/edgar/data/1019849/000095012401001784/0000950124-01-001784-index.htm", "finalLink": "https://www.sec.gov/Archives/edgar/data/1019849/000095012401001784/k58011e10-k.htm", "calculatedOtherExpenses": 24174000, "calculatedOperatingExpenses": 563878000, "calculatedNetInterest": 0, "calculatedOtherIncome": -77695000, "calculatedIncomeNonControlling": 3969000, "calculatedEbitda": 162427000}, {"date": "1999-12-31", "symbol": "PAG", "reportedCurrency": "USD", "cik": "0001019849", "fillingDate": "2000-03-29", "acceptedDate": "2000-03-29 00:00:00", "calendarYear": "1999", "period": "FY", "revenue": 4022517000, "costOfRevenue": 3453949000, "grossProfit": 568568000, "grossProfitRatio": 0.1413463262, "researchAndDevelopmentExpenses": 0, "generalAndAdministrativeExpenses": 0, "sellingAndMarketingExpenses": 0, "sellingGeneralAndAdministrativeExpenses": 445142000, "otherExpenses": 19131000, "operatingExpenses": 464273000, "costAndExpenses": 3918222000, "interestIncome": 0, "interestExpense": 0, "depreciationAndAmortization": 19131000, "ebitda": 120855000, "ebitdaratio": 0.0300446213, "operatingIncome": 104295000, "operatingIncomeRatio": 0.025927796, "totalOtherIncomeExpensesNet": 2571000, "incomeBeforeTax": 48124000, "incomeBeforeTaxRatio": 0.0119636536, "incomeTaxExpense": 21414000, "netIncome": 27488000, "netIncomeRatio": 0.0068335323, "eps": 0.57, "epsdiluted": 0.52, "weightedAverageShsOut": 43900000, "weightedAverageShsOutDil": 53052000, "link": "https://www.sec.gov/Archives/edgar/data/1019849/000095012400001702/0000950124-00-001702-index.html", "finalLink": "https://www.sec.gov/Archives/edgar/data/1019849/000095012400001702/0000950124-00-001702-d1.html", "calculatedOtherExpenses": 19131000, "calculatedOperatingExpenses": 464273000, "calculatedNetInterest": 0, "calculatedOtherIncome": -56171000, "calculatedIncomeNonControlling": -778000, "calculatedEbitda": 123426000}, {"date": "1998-12-31", "symbol": "PAG", "reportedCurrency": "USD", "cik": "0001019849", "fillingDate": "1999-03-31", "acceptedDate": "1999-03-31 00:00:00", "calendarYear": "1998", "period": "FY", "revenue": 3343100000, "costOfRevenue": 2899700000, "grossProfit": 443400000, "grossProfitRatio": 0.13263139, "researchAndDevelopmentExpenses": 0, "generalAndAdministrativeExpenses": 0, "sellingAndMarketingExpenses": 0, "sellingGeneralAndAdministrativeExpenses": 375000000, "otherExpenses": 16500000, "operatingExpenses": 391500000, "costAndExpenses": 3291200000, "interestIncome": 0, "interestExpense": 0, "depreciationAndAmortization": 16500000, "ebitda": 63600000, "ebitdaratio": 0.0190242589, "operatingIncome": 51900000, "operatingIncomeRatio": 0.0155245132, "totalOtherIncomeExpensesNet": 4800000, "incomeBeforeTax": 25000000, "incomeBeforeTaxRatio": 0.0074780892, "incomeTaxExpense": 11600000, "netIncome": -700000, "netIncomeRatio": -0.0002093865, "eps": -0.0178, "epsdiluted": -0.0176, "weightedAverageShsOut": 39380000, "weightedAverageShsOutDil": 39850000, "link": "https://www.sec.gov/Archives/edgar/data/1019849/000095013699000433/0000950136-99-000433-index.html", "finalLink": "https://www.sec.gov/Archives/edgar/data/1019849/", "calculatedOtherExpenses": 16500000, "calculatedOperatingExpenses": 391500000, "calculatedNetInterest": 0, "calculatedOtherIncome": -26900000, "calculatedIncomeNonControlling": 14100000, "calculatedEbitda": 68400000}, {"date": "1997-12-31", "symbol": "PAG", "reportedCurrency": "USD", "cik": "0001019849", "fillingDate": "1998-04-14", "acceptedDate": "1998-04-14 00:00:00", "calendarYear": "1997", "period": "FY", "revenue": 2089800000, "costOfRevenue": 1820400000, "grossProfit": 269400000, "grossProfitRatio": 0.1289118576, "researchAndDevelopmentExpenses": 0, "generalAndAdministrativeExpenses": 0, "sellingAndMarketingExpenses": 0, "sellingGeneralAndAdministrativeExpenses": 255100000, "otherExpenses": 9700000, "operatingExpenses": 264800000, "costAndExpenses": 2085200000, "interestIncome": 0, "interestExpense": 0, "depreciationAndAmortization": 9700000, "ebitda": 19300000, "ebitdaratio": 0.0092353335, "operatingIncome": 4600000, "operatingIncomeRatio": 0.0022011676, "totalOtherIncomeExpensesNet": -5000000, "incomeBeforeTax": -15600000, "incomeBeforeTaxRatio": -0.0074648292, "incomeTaxExpense": -5500000, "netIncome": -10100000, "netIncomeRatio": -0.0048329984, "eps": -0.14, "epsdiluted": -0.14, "weightedAverageShsOut": 72908000, "weightedAverageShsOutDil": 74428000, "link": "https://www.sec.gov/Archives/edgar/data/1019849/000095013698000682/0000950136-98-000682-index.html", "finalLink": "https://www.sec.gov/Archives/edgar/data/1019849/", "calculatedOtherExpenses": 9700000, "calculatedOperatingExpenses": 264800000, "calculatedNetInterest": 0, "calculatedOtherIncome": -20200000, "calculatedIncomeNonControlling": 0, "calculatedEbitda": 14300000}, {"date": "1996-12-31", "symbol": "PAG", "reportedCurrency": "USD", "cik": "0001019849", "fillingDate": "1997-03-18", "acceptedDate": "1997-03-18 00:00:00", "calendarYear": "1996", "period": "FY", "revenue": 1303800000, "costOfRevenue": 1152500000, "grossProfit": 151300000, "grossProfitRatio": 0.1160454057, "researchAndDevelopmentExpenses": 0, "generalAndAdministrativeExpenses": 0, "sellingAndMarketingExpenses": 0, "sellingGeneralAndAdministrativeExpenses": 124200000, "otherExpenses": 7800000, "operatingExpenses": 132000000, "costAndExpenses": 1284500000, "interestIncome": 0, "interestExpense": 0, "depreciationAndAmortization": 7800000, "ebitda": 29000000, "ebitdaratio": 0.0222426753, "operatingIncome": 19300000, "operatingIncomeRatio": 0.0148028839, "totalOtherIncomeExpensesNet": -1900000, "incomeBeforeTax": 13800000, "incomeBeforeTaxRatio": 0.0105844455, "incomeTaxExpense": 6300000, "netIncome": 2500000, "netIncomeRatio": 0.001917472, "eps": 0.075, "epsdiluted": 0.07, "weightedAverageShsOut": 40000000, "weightedAverageShsOutDil": 42857143, "link": "https://www.sec.gov/Archives/edgar/data/1019849/000095013697000272/0000950136-97-000272-index.html", "finalLink": "https://www.sec.gov/Archives/edgar/data/1019849/", "calculatedOtherExpenses": 7800000, "calculatedOperatingExpenses": 132000000, "calculatedNetInterest": 0, "calculatedOtherIncome": -5500000, "calculatedIncomeNonControlling": 5000000, "calculatedEbitda": 27100000}, {"date": "1995-12-31", "symbol": "PAG", "reportedCurrency": "USD", "cik": "0001019849", "fillingDate": "1995-12-31", "acceptedDate": "1995-12-30 19:00:00", "calendarYear": "1995", "period": "FY", "revenue": 805600000, "costOfRevenue": 717500000, "grossProfit": 88100000, "grossProfitRatio": 0.1093594836, "researchAndDevelopmentExpenses": 0, "generalAndAdministrativeExpenses": 0, "sellingAndMarketingExpenses": 0, "sellingGeneralAndAdministrativeExpenses": 90600000, "otherExpenses": 2800000, "operatingExpenses": 93400000, "costAndExpenses": 810900000, "interestIncome": 0, "interestExpense": 0, "depreciationAndAmortization": 2800000, "ebitda": -3300000, "ebitdaratio": -0.0040963257, "operatingIncome": -5300000, "operatingIncomeRatio": -0.0065789474, "totalOtherIncomeExpensesNet": 800000, "incomeBeforeTax": -5600000, "incomeBeforeTaxRatio": -0.0069513406, "incomeTaxExpense": -2100000, "netIncome": -3500000, "netIncomeRatio": -0.0043445879, "eps": -0.18, "epsdiluted": -0.17, "weightedAverageShsOut": 18918919, "weightedAverageShsOutDil": 20895522, "link": "", "finalLink": "", "calculatedOtherExpenses": 2800000, "calculatedOperatingExpenses": 93400000, "calculatedNetInterest": 0, "calculatedOtherIncome": -300000, "calculatedIncomeNonControlling": 0, "calculatedEbitda": -2500000}]}