{"originalCurrency": "USD", "convertedCurrency": "USD", "report": [{"date": "2023-12-31", "symbol": "PARA", "reportedCurrency": "USD", "cik": "0000813828", "fillingDate": "2023-12-31", "acceptedDate": "2023-12-30 19:00:00", "calendarYear": "2023", "period": "FY", "revenue": 29652000000, "costOfRevenue": 22388000000, "grossProfit": 7264000000, "grossProfitRatio": 0.2449750438, "researchAndDevelopmentExpenses": 0, "generalAndAdministrativeExpenses": 7398000000, "sellingAndMarketingExpenses": 0, "sellingGeneralAndAdministrativeExpenses": 7398000000, "otherExpenses": 3000000, "operatingExpenses": 7816000000, "costAndExpenses": 30204000000, "interestIncome": 137000000, "interestExpense": 920000000, "depreciationAndAmortization": 418000000, "ebitda": 6000000, "ebitdaratio": 0.0002023472, "operatingIncome": -451000000, "operatingIncomeRatio": -0.0152097666, "totalOtherIncomeExpensesNet": 82000000, "incomeBeforeTax": -1253000000, "incomeBeforeTaxRatio": -0.0422568461, "incomeTaxExpense": -361000000, "netIncome": -608000000, "netIncomeRatio": -0.0205045191, "eps": -0.93, "epsdiluted": -0.93, "weightedAverageShsOut": 652000000, "weightedAverageShsOutDil": 652000000, "link": null, "finalLink": null, "calculatedOtherExpenses": 317000000, "calculatedOperatingExpenses": 7715000000, "calculatedNetInterest": -783000000, "calculatedOtherIncome": -19000000, "calculatedIncomeNonControlling": -284000000, "calculatedEbitda": -33000000}, {"date": "2022-12-31", "symbol": "PARA", "reportedCurrency": "USD", "cik": "0000813828", "fillingDate": "2023-02-16", "acceptedDate": "2023-02-16 12:12:27", "calendarYear": "2022", "period": "FY", "revenue": 30154000000, "costOfRevenue": 19845000000, "grossProfit": 10309000000, "grossProfitRatio": 0.3418783578, "researchAndDevelopmentExpenses": 0, "generalAndAdministrativeExpenses": 7098000000, "sellingAndMarketingExpenses": -65000000, "sellingGeneralAndAdministrativeExpenses": 7098000000, "otherExpenses": 405000000, "operatingExpenses": 7503000000, "costAndExpenses": 27348000000, "interestIncome": 108000000, "interestExpense": 931000000, "depreciationAndAmortization": 976000000, "ebitda": 3318000000, "ebitdaratio": 0.1100351529, "operatingIncome": 2342000000, "operatingIncomeRatio": 0.0776679711, "totalOtherIncomeExpensesNet": -1076000000, "incomeBeforeTax": 1266000000, "incomeBeforeTaxRatio": 0.0419844797, "incomeTaxExpense": 227000000, "netIncome": 1104000000, "netIncomeRatio": 0.0366120581, "eps": 1.61, "epsdiluted": 1.61, "weightedAverageShsOut": 649000000, "weightedAverageShsOutDil": 650000000, "link": "https://www.sec.gov/Archives/edgar/data/813828/000081382823000005/0000813828-23-000005-index.htm", "finalLink": "https://www.sec.gov/Archives/edgar/data/813828/000081382823000005/para-20221231.htm", "calculatedOtherExpenses": 869000000, "calculatedOperatingExpenses": 7967000000, "calculatedNetInterest": -823000000, "calculatedOtherIncome": -253000000, "calculatedIncomeNonControlling": -65000000, "calculatedEbitda": 3318000000}, {"date": "2021-12-31", "symbol": "PARA", "reportedCurrency": "USD", "cik": "0000813828", "fillingDate": "2022-02-15", "acceptedDate": "2022-02-15 16:25:14", "calendarYear": "2021", "period": "FY", "revenue": 28586000000, "costOfRevenue": 17744000000, "grossProfit": 10842000000, "grossProfitRatio": 0.3792765689, "researchAndDevelopmentExpenses": 0, "generalAndAdministrativeExpenses": 6441000000, "sellingAndMarketingExpenses": 0, "sellingGeneralAndAdministrativeExpenses": 6441000000, "otherExpenses": 390000000, "operatingExpenses": 6831000000, "costAndExpenses": 24575000000, "interestIncome": 53000000, "interestExpense": 986000000, "depreciationAndAmortization": 390000000, "ebitda": 4446000000, "ebitdaratio": 0.1555306794, "operatingIncome": 4056000000, "operatingIncomeRatio": 0.1418876373, "totalOtherIncomeExpensesNet": 1150000000, "incomeBeforeTax": 5206000000, "incomeBeforeTaxRatio": 0.1821171203, "incomeTaxExpense": 646000000, "netIncome": 4543000000, "netIncomeRatio": 0.1589239488, "eps": 7.02, "epsdiluted": 6.87, "weightedAverageShsOut": 641000000, "weightedAverageShsOutDil": 655000000, "link": "https://www.sec.gov/Archives/edgar/data/813828/000081382822000005/0000813828-22-000005-index.htm", "finalLink": "https://www.sec.gov/Archives/edgar/data/813828/000081382822000005/viac-20211231.htm", "calculatedOtherExpenses": 345000000, "calculatedOperatingExpenses": 6786000000, "calculatedNetInterest": -933000000, "calculatedOtherIncome": 2083000000, "calculatedIncomeNonControlling": 17000000, "calculatedEbitda": 4446000000}, {"date": "2020-12-31", "symbol": "PARA", "reportedCurrency": "USD", "cik": "0000813828", "fillingDate": "2021-02-24", "acceptedDate": "2021-02-24 17:14:03", "calendarYear": "2020", "period": "FY", "revenue": 25285000000, "costOfRevenue": 14992000000, "grossProfit": 10293000000, "grossProfitRatio": 0.407079296, "researchAndDevelopmentExpenses": 0, "generalAndAdministrativeExpenses": 5389000000, "sellingAndMarketingExpenses": 0, "sellingGeneralAndAdministrativeExpenses": 5389000000, "otherExpenses": 216000000, "operatingExpenses": 5605000000, "costAndExpenses": 20597000000, "interestIncome": 60000000, "interestExpense": 1031000000, "depreciationAndAmortization": 1042000000, "ebitda": 5181000000, "ebitdaratio": 0.2049040933, "operatingIncome": 4139000000, "operatingIncomeRatio": 0.1636938897, "totalOtherIncomeExpensesNet": -992000000, "incomeBeforeTax": 3147000000, "incomeBeforeTaxRatio": 0.124461143, "incomeTaxExpense": 535000000, "netIncome": 2422000000, "netIncomeRatio": 0.0957880166, "eps": 3.93, "epsdiluted": 3.92, "weightedAverageShsOut": 616000000, "weightedAverageShsOutDil": 618000000, "link": "https://www.sec.gov/Archives/edgar/data/813828/000081382821000005/0000813828-21-000005-index.htm", "finalLink": "https://www.sec.gov/Archives/edgar/data/813828/000081382821000005/viac-20201231.htm", "calculatedOtherExpenses": 765000000, "calculatedOperatingExpenses": 6154000000, "calculatedNetInterest": -971000000, "calculatedOtherIncome": -21000000, "calculatedIncomeNonControlling": 190000000, "calculatedEbitda": 5181000000}, {"date": "2019-12-31", "symbol": "PARA", "reportedCurrency": "USD", "cik": "0000813828", "fillingDate": "2020-02-20", "acceptedDate": "2020-02-20 17:33:38", "calendarYear": "2019", "period": "FY", "revenue": 27812000000, "costOfRevenue": 17223000000, "grossProfit": 10589000000, "grossProfitRatio": 0.3807349346, "researchAndDevelopmentExpenses": 0, "generalAndAdministrativeExpenses": 5647000000, "sellingAndMarketingExpenses": 0, "sellingGeneralAndAdministrativeExpenses": 5647000000, "otherExpenses": 443000000, "operatingExpenses": 6090000000, "costAndExpenses": 23313000000, "interestIncome": 66000000, "interestExpense": 962000000, "depreciationAndAmortization": 590000000, "ebitda": 4863000000, "ebitdaratio": 0.1748525816, "operatingIncome": 4273000000, "operatingIncomeRatio": 0.1536387171, "totalOtherIncomeExpensesNet": -928000000, "incomeBeforeTax": 3345000000, "incomeBeforeTaxRatio": 0.1202718251, "incomeTaxExpense": -9000000, "netIncome": 3308000000, "netIncomeRatio": 0.1189414641, "eps": 5.38, "epsdiluted": 5.36, "weightedAverageShsOut": 615000000, "weightedAverageShsOutDil": 617000000, "link": "https://www.sec.gov/Archives/edgar/data/813828/000081382820000013/0000813828-20-000013-index.htm", "finalLink": "https://www.sec.gov/Archives/edgar/data/813828/000081382820000013/a2019k.htm", "calculatedOtherExpenses": 669000000, "calculatedOperatingExpenses": 6316000000, "calculatedNetInterest": -896000000, "calculatedOtherIncome": -32000000, "calculatedIncomeNonControlling": 46000000, "calculatedEbitda": 4863000000}, {"date": "2018-12-31", "symbol": "PARA", "reportedCurrency": "USD", "cik": "0000813828", "fillingDate": "2019-02-15", "acceptedDate": "2019-02-15 17:31:44", "calendarYear": "2018", "period": "FY", "revenue": 14514000000, "costOfRevenue": 9111000000, "grossProfit": 5403000000, "grossProfitRatio": 0.372261265, "researchAndDevelopmentExpenses": 0, "generalAndAdministrativeExpenses": 2217000000, "sellingAndMarketingExpenses": 0, "sellingGeneralAndAdministrativeExpenses": 2217000000, "otherExpenses": -69000000, "operatingExpenses": 2440000000, "costAndExpenses": 11551000000, "interestIncome": 57000000, "interestExpense": 467000000, "depreciationAndAmortization": 223000000, "ebitda": 2979000000, "ebitdaratio": 0.2052501033, "operatingIncome": 2768000000, "operatingIncomeRatio": 0.1907124156, "totalOtherIncomeExpensesNet": -264000000, "incomeBeforeTax": 2289000000, "incomeBeforeTaxRatio": 0.1577097974, "incomeTaxExpense": 273000000, "netIncome": 1960000000, "netIncomeRatio": 0.1350420284, "eps": 5.2, "epsdiluted": 5.14, "weightedAverageShsOut": 377000000, "weightedAverageShsOutDil": 381000000, "link": "https://www.sec.gov/Archives/edgar/data/813828/000081382819000006/0000813828-19-000006-index.htm", "finalLink": "https://www.sec.gov/Archives/edgar/data/813828/000081382819000006/cbs_10k-123118.htm", "calculatedOtherExpenses": 418000000, "calculatedOperatingExpenses": 2635000000, "calculatedNetInterest": -410000000, "calculatedOtherIncome": -69000000, "calculatedIncomeNonControlling": 56000000, "calculatedEbitda": 2991000000}, {"date": "2017-12-31", "symbol": "PARA", "reportedCurrency": "USD", "cik": "0000813828", "fillingDate": "2018-02-20", "acceptedDate": "2018-02-16 17:51:35", "calendarYear": "2017", "period": "FY", "revenue": 13692000000, "costOfRevenue": 8438000000, "grossProfit": 5254000000, "grossProfitRatio": 0.3837277242, "researchAndDevelopmentExpenses": 0, "generalAndAdministrativeExpenses": 2478000000, "sellingAndMarketingExpenses": 0, "sellingGeneralAndAdministrativeExpenses": 2478000000, "otherExpenses": -88000000, "operatingExpenses": 2682000000, "costAndExpenses": 11120000000, "interestIncome": 64000000, "interestExpense": 457000000, "depreciationAndAmortization": 223000000, "ebitda": 2771000000, "ebitdaratio": 0.2023809524, "operatingIncome": 2861000000, "operatingIncomeRatio": 0.2089541338, "totalOtherIncomeExpensesNet": -200000000, "incomeBeforeTax": 1979000000, "incomeBeforeTaxRatio": 0.1445369559, "incomeTaxExpense": 633000000, "netIncome": 357000000, "netIncomeRatio": 0.0260736196, "eps": 0.89, "epsdiluted": 0.88, "weightedAverageShsOut": 401000000, "weightedAverageShsOutDil": 407000000, "link": "https://www.sec.gov/Archives/edgar/data/813828/000081382818000018/0000813828-18-000018-index.htm", "finalLink": "https://www.sec.gov/Archives/edgar/data/813828/000081382818000018/cbs_10k-123117.htm", "calculatedOtherExpenses": -85000000, "calculatedOperatingExpenses": 2393000000, "calculatedNetInterest": -393000000, "calculatedOtherIncome": -489000000, "calculatedIncomeNonControlling": 989000000, "calculatedEbitda": 3084000000}, {"date": "2016-12-31", "symbol": "PARA", "reportedCurrency": "USD", "cik": "0000813828", "fillingDate": "2017-02-17", "acceptedDate": "2017-02-17 17:32:36", "calendarYear": "2016", "period": "FY", "revenue": 13166000000, "costOfRevenue": 7956000000, "grossProfit": 5210000000, "grossProfitRatio": 0.3957162388, "researchAndDevelopmentExpenses": 0, "generalAndAdministrativeExpenses": 2335000000, "sellingAndMarketingExpenses": 0, "sellingGeneralAndAdministrativeExpenses": 2335000000, "otherExpenses": -12000000, "operatingExpenses": 2551000000, "costAndExpenses": 10507000000, "interestIncome": 32000000, "interestExpense": 411000000, "depreciationAndAmortization": 225000000, "ebitda": 2866000000, "ebitdaratio": 0.2176819079, "operatingIncome": 2621000000, "operatingIncomeRatio": 0.1990733708, "totalOtherIncomeExpensesNet": -50000000, "incomeBeforeTax": 2230000000, "incomeBeforeTaxRatio": 0.1693756646, "incomeTaxExpense": 628000000, "netIncome": 1261000000, "netIncomeRatio": 0.0957770014, "eps": 2.84, "epsdiluted": 2.81, "weightedAverageShsOut": 444000000, "weightedAverageShsOutDil": 448000000, "link": "https://www.sec.gov/Archives/edgar/data/813828/000081382817000005/0000813828-17-000005-index.htm", "finalLink": "https://www.sec.gov/Archives/edgar/data/813828/000081382817000005/cbs_10k-123116.htm", "calculatedOtherExpenses": 254000000, "calculatedOperatingExpenses": 2589000000, "calculatedNetInterest": -379000000, "calculatedOtherIncome": -12000000, "calculatedIncomeNonControlling": 341000000, "calculatedEbitda": 2846000000}, {"date": "2015-12-31", "symbol": "PARA", "reportedCurrency": "USD", "cik": "0000813828", "fillingDate": "2016-02-16", "acceptedDate": "2016-02-12 19:57:12", "calendarYear": "2015", "period": "FY", "revenue": 13886000000, "costOfRevenue": 8324000000, "grossProfit": 5562000000, "grossProfitRatio": 0.4005473138, "researchAndDevelopmentExpenses": 0, "generalAndAdministrativeExpenses": 2455000000, "sellingAndMarketingExpenses": 0, "sellingGeneralAndAdministrativeExpenses": 2455000000, "otherExpenses": -26000000, "operatingExpenses": 2719000000, "costAndExpenses": 11043000000, "interestIncome": 24000000, "interestExpense": 392000000, "depreciationAndAmortization": 264000000, "ebitda": 2679000000, "ebitdaratio": 0.1929281291, "operatingIncome": 2417000000, "operatingIncomeRatio": 0.1740602045, "totalOtherIncomeExpensesNet": -452000000, "incomeBeforeTax": 2023000000, "incomeBeforeTaxRatio": 0.1456863028, "incomeTaxExpense": 587000000, "netIncome": 1413000000, "netIncomeRatio": 0.1017571655, "eps": 2.92, "epsdiluted": 2.89, "weightedAverageShsOut": 484000000, "weightedAverageShsOutDil": 489000000, "link": "https://www.sec.gov/Archives/edgar/data/813828/000081382816000065/0000813828-16-000065-index.htm", "finalLink": "https://www.sec.gov/Archives/edgar/data/813828/000081382816000065/cbs_10k-123115.htm", "calculatedOtherExpenses": 690000000, "calculatedOperatingExpenses": 3145000000, "calculatedNetInterest": -368000000, "calculatedOtherIncome": -26000000, "calculatedIncomeNonControlling": 23000000, "calculatedEbitda": 2681000000}, {"date": "2014-12-31", "symbol": "PARA", "reportedCurrency": "USD", "cik": "0000813828", "fillingDate": "2015-02-13", "acceptedDate": "2015-02-13 17:04:31", "calendarYear": "2014", "period": "FY", "revenue": 13806000000, "costOfRevenue": 8089000000, "grossProfit": 5717000000, "grossProfitRatio": 0.4140953209, "researchAndDevelopmentExpenses": 0, "generalAndAdministrativeExpenses": 2462000000, "sellingAndMarketingExpenses": 0, "sellingGeneralAndAdministrativeExpenses": 2462000000, "otherExpenses": -30000000, "operatingExpenses": 2743000000, "costAndExpenses": 10832000000, "interestIncome": 13000000, "interestExpense": 363000000, "depreciationAndAmortization": 281000000, "ebitda": 2808000000, "ebitdaratio": 0.2033898305, "operatingIncome": 2896000000, "operatingIncomeRatio": 0.2097638708, "totalOtherIncomeExpensesNet": -460000000, "incomeBeforeTax": 2164000000, "incomeBeforeTaxRatio": 0.1567434449, "incomeTaxExpense": 762000000, "netIncome": 2959000000, "netIncomeRatio": 0.2143271042, "eps": 5.38, "epsdiluted": 5.27, "weightedAverageShsOut": 550000000, "weightedAverageShsOutDil": 561000000, "link": "https://www.sec.gov/Archives/edgar/data/813828/000081382815000009/0000813828-15-000009-index.htm", "finalLink": "https://www.sec.gov/Archives/edgar/data/813828/000081382815000009/cbs_10k-123114.htm", "calculatedOtherExpenses": 359000000, "calculatedOperatingExpenses": 2821000000, "calculatedNetInterest": -350000000, "calculatedOtherIncome": -382000000, "calculatedIncomeNonControlling": -1557000000, "calculatedEbitda": 3177000000}, {"date": "2013-12-31", "symbol": "PARA", "reportedCurrency": "USD", "cik": "0000813828", "fillingDate": "2014-02-14", "acceptedDate": "2014-02-14 17:17:39", "calendarYear": "2013", "period": "FY", "revenue": 15284000000, "costOfRevenue": 8813000000, "grossProfit": 6471000000, "grossProfitRatio": 0.4233839309, "researchAndDevelopmentExpenses": 0, "generalAndAdministrativeExpenses": 2735000000, "sellingAndMarketingExpenses": 0, "sellingGeneralAndAdministrativeExpenses": 2735000000, "otherExpenses": 6000000, "operatingExpenses": 3192000000, "costAndExpenses": 12005000000, "interestIncome": 8000000, "interestExpense": 376000000, "depreciationAndAmortization": 457000000, "ebitda": 3730000000, "ebitdaratio": 0.2440460612, "operatingIncome": 3259000000, "operatingIncomeRatio": 0.2132295211, "totalOtherIncomeExpensesNet": -14000000, "incomeBeforeTax": 2897000000, "incomeBeforeTaxRatio": 0.1895446218, "incomeTaxExpense": 978000000, "netIncome": 1879000000, "netIncomeRatio": 0.1229390212, "eps": 3.09, "epsdiluted": 3.01, "weightedAverageShsOut": 608000000, "weightedAverageShsOutDil": 624000000, "link": "https://www.sec.gov/Archives/edgar/data/813828/000104746914000934/0001047469-14-000934-index.htm", "finalLink": "https://www.sec.gov/Archives/edgar/data/813828/000104746914000934/a2218239z10-k.htm", "calculatedOtherExpenses": 477000000, "calculatedOperatingExpenses": 3212000000, "calculatedNetInterest": -368000000, "calculatedOtherIncome": 6000000, "calculatedIncomeNonControlling": 40000000, "calculatedEbitda": 3716000000}, {"date": "2012-12-21", "symbol": "PARA", "reportedCurrency": "USD", "cik": "0000813828", "fillingDate": "2013-02-15", "acceptedDate": "2013-02-15 16:42:53", "calendarYear": "2012", "period": "FY", "revenue": 14089000000, "costOfRevenue": 7967000000, "grossProfit": 6122000000, "grossProfitRatio": 0.434523387, "researchAndDevelopmentExpenses": 0, "generalAndAdministrativeExpenses": 2634000000, "sellingAndMarketingExpenses": 0, "sellingGeneralAndAdministrativeExpenses": 2634000000, "otherExpenses": 6000000, "operatingExpenses": 3109000000, "costAndExpenses": 11076000000, "interestIncome": 6000000, "interestExpense": 402000000, "depreciationAndAmortization": 475000000, "ebitda": 3438000000, "ebitdaratio": 0.2440201576, "operatingIncome": 2983000000, "operatingIncomeRatio": 0.2117254596, "totalOtherIncomeExpensesNet": -56000000, "incomeBeforeTax": 2561000000, "incomeBeforeTaxRatio": 0.1817730144, "incomeTaxExpense": 892000000, "netIncome": 1574000000, "netIncomeRatio": 0.1117183618, "eps": 2.45, "epsdiluted": 2.39, "weightedAverageShsOut": 642000000, "weightedAverageShsOutDil": 659000000, "link": "https://www.sec.gov/Archives/edgar/data/813828/000104746913001192/0001047469-13-001192-index.htm", "finalLink": "https://www.sec.gov/Archives/edgar/data/813828/000104746913001192/a2212776z10-k.htm", "calculatedOtherExpenses": 505000000, "calculatedOperatingExpenses": 3139000000, "calculatedNetInterest": -396000000, "calculatedOtherIncome": -26000000, "calculatedIncomeNonControlling": 95000000, "calculatedEbitda": 3458000000}, {"date": "2011-12-31", "symbol": "PARA", "reportedCurrency": "USD", "cik": "0000813828", "fillingDate": "2012-02-23", "acceptedDate": "2012-02-23 16:21:02", "calendarYear": "2011", "period": "FY", "revenue": 14245000000, "costOfRevenue": 8367000000, "grossProfit": 5878000000, "grossProfitRatio": 0.4126360126, "researchAndDevelopmentExpenses": 0, "generalAndAdministrativeExpenses": 0, "sellingAndMarketingExpenses": 0, "sellingGeneralAndAdministrativeExpenses": 2755000000, "otherExpenses": 548000000, "operatingExpenses": 3303000000, "costAndExpenses": 11670000000, "interestIncome": 7000000, "interestExpense": 436000000, "depreciationAndAmortization": 548000000, "ebitda": 3084000000, "ebitdaratio": 0.2164970165, "operatingIncome": 2529000000, "operatingIncomeRatio": 0.1775359775, "totalOtherIncomeExpensesNet": -17000000, "incomeBeforeTax": 2083000000, "incomeBeforeTaxRatio": 0.1462267462, "incomeTaxExpense": 755000000, "netIncome": 1305000000, "netIncomeRatio": 0.0916110916, "eps": 1.97, "epsdiluted": 1.92, "weightedAverageShsOut": 664000000, "weightedAverageShsOutDil": 681000000, "link": "https://www.sec.gov/Archives/edgar/data/813828/000104746912001373/0001047469-12-001373-index.htm", "finalLink": "https://www.sec.gov/Archives/edgar/data/813828/000104746912001373/a2207377z10-k.htm", "calculatedOtherExpenses": 594000000, "calculatedOperatingExpenses": 3349000000, "calculatedNetInterest": -429000000, "calculatedOtherIncome": -17000000, "calculatedIncomeNonControlling": 23000000, "calculatedEbitda": 3077000000}, {"date": "2010-12-31", "symbol": "PARA", "reportedCurrency": "USD", "cik": "0000813828", "fillingDate": "2011-02-25", "acceptedDate": "2011-02-25 16:59:21", "calendarYear": "2010", "period": "FY", "revenue": 14059800000, "costOfRevenue": 8985300000, "grossProfit": 5074500000, "grossProfitRatio": 0.3609226305, "researchAndDevelopmentExpenses": 0, "generalAndAdministrativeExpenses": 0, "sellingAndMarketingExpenses": 0, "sellingGeneralAndAdministrativeExpenses": 2615300000, "otherExpenses": 562300000, "operatingExpenses": 3177600000, "costAndExpenses": 12162900000, "interestIncome": 5500000, "interestExpense": 528800000, "depreciationAndAmortization": 562300000, "ebitda": 2464700000, "ebitdaratio": 0.1753012134, "operatingIncome": 1816300000, "operatingIncomeRatio": 0.1291839144, "totalOtherIncomeExpensesNet": -152100000, "incomeBeforeTax": 1221500000, "incomeBeforeTaxRatio": 0.086878903, "incomeTaxExpense": 462700000, "netIncome": 724200000, "netIncomeRatio": 0.0515085563, "eps": 1.07, "epsdiluted": 1.04, "weightedAverageShsOut": 679000000, "weightedAverageShsOutDil": 694000000, "link": "https://www.sec.gov/Archives/edgar/data/813828/000104746911001419/0001047469-11-001419-index.htm", "finalLink": "https://www.sec.gov/Archives/edgar/data/813828/000104746911001419/a2202111z10-k.htm", "calculatedOtherExpenses": 642900000, "calculatedOperatingExpenses": 3258200000, "calculatedNetInterest": -523300000, "calculatedOtherIncome": -71500000, "calculatedIncomeNonControlling": 34600000, "calculatedEbitda": 2378600000}, {"date": "2009-12-31", "symbol": "PARA", "reportedCurrency": "USD", "cik": "0000813828", "fillingDate": "2010-02-25", "acceptedDate": "2010-02-25 17:10:49", "calendarYear": "2009", "period": "FY", "revenue": 13014600000, "costOfRevenue": 8699700000, "grossProfit": 4314900000, "grossProfitRatio": 0.3315430363, "researchAndDevelopmentExpenses": 0, "generalAndAdministrativeExpenses": 0, "sellingAndMarketingExpenses": 0, "sellingGeneralAndAdministrativeExpenses": 2488400000, "otherExpenses": 582300000, "operatingExpenses": 3070700000, "costAndExpenses": 11770400000, "interestIncome": 6000000, "interestExpense": 542000000, "depreciationAndAmortization": 582300000, "ebitda": 1599700000, "ebitdaratio": 0.1229158023, "operatingIncome": 1011400000, "operatingIncomeRatio": 0.0777127226, "totalOtherIncomeExpensesNet": -32400000, "incomeBeforeTax": 443000000, "incomeBeforeTaxRatio": 0.034038695, "incomeTaxExpense": 182800000, "netIncome": 226500000, "netIncomeRatio": 0.0174035314, "eps": 0.34, "epsdiluted": 0.33, "weightedAverageShsOut": 673600000, "weightedAverageShsOutDil": 682900000, "link": "https://www.sec.gov/Archives/edgar/data/813828/000104746910001402/0001047469-10-001402-index.htm", "finalLink": "https://www.sec.gov/Archives/edgar/data/813828/000104746910001402/a2196637z10-k.htm", "calculatedOtherExpenses": 815100000, "calculatedOperatingExpenses": 3303500000, "calculatedNetInterest": -536000000, "calculatedOtherIncome": -32400000, "calculatedIncomeNonControlling": 33700000, "calculatedEbitda": 1593700000}, {"date": "2008-12-31", "symbol": "PARA", "reportedCurrency": "USD", "cik": "0000813828", "fillingDate": "2009-02-25", "acceptedDate": "2009-02-25 17:03:41", "calendarYear": "2008", "period": "FY", "revenue": 13950400000, "costOfRevenue": 8650700000, "grossProfit": 5299700000, "grossProfitRatio": 0.379895917, "researchAndDevelopmentExpenses": 0, "generalAndAdministrativeExpenses": 0, "sellingAndMarketingExpenses": 0, "sellingGeneralAndAdministrativeExpenses": 2608700000, "otherExpenses": 531600000, "operatingExpenses": 26109100000, "costAndExpenses": 26109100000, "interestIncome": 42200000, "interestExpense": 546600000, "depreciationAndAmortization": 531600000, "ebitda": -11496900000, "ebitdaratio": -0.8241269068, "operatingIncome": -12158700000, "operatingIncomeRatio": -0.8715664067, "totalOtherIncomeExpensesNet": -17600000, "incomeBeforeTax": -12575100000, "incomeBeforeTaxRatio": -0.9014150132, "incomeTaxExpense": -919300000, "netIncome": -11673400000, "netIncomeRatio": -0.8367788737, "eps": -17.43, "epsdiluted": -17.43, "weightedAverageShsOut": 669800000, "weightedAverageShsOutDil": 669800000, "link": "https://www.sec.gov/Archives/edgar/data/813828/000104746909001824/0001047469-09-001824-index.htm", "finalLink": "https://www.sec.gov/Archives/edgar/data/813828/000104746909001824/a2190706z10-k.htm", "calculatedOtherExpenses": 14849700000, "calculatedOperatingExpenses": 17458400000, "calculatedNetInterest": -504400000, "calculatedOtherIncome": 88000000, "calculatedIncomeNonControlling": 17600000, "calculatedEbitda": -11627100000}, {"date": "2007-12-31", "symbol": "PARA", "reportedCurrency": "USD", "cik": "0000813828", "fillingDate": "2008-02-28", "acceptedDate": "2008-02-28 17:15:34", "calendarYear": "2007", "period": "FY", "revenue": 14072900000, "costOfRevenue": 8329300000, "grossProfit": 5743600000, "grossProfitRatio": 0.4081319415, "researchAndDevelopmentExpenses": 0, "generalAndAdministrativeExpenses": 0, "sellingAndMarketingExpenses": 0, "sellingGeneralAndAdministrativeExpenses": 2666100000, "otherExpenses": 455700000, "operatingExpenses": 3121800000, "costAndExpenses": 11451100000, "interestIncome": 116100000, "interestExpense": -570900000, "depreciationAndAmortization": 460700000, "ebitda": 3116500000, "ebitdaratio": 0.2214540002, "operatingIncome": 2621800000, "operatingIncomeRatio": 0.1863013309, "totalOtherIncomeExpensesNet": -114600000, "incomeBeforeTax": 2133000000, "incomeBeforeTaxRatio": 0.1515679071, "incomeTaxExpense": 821500000, "netIncome": 1247000000, "netIncomeRatio": 0.0886100235, "eps": 1.75, "epsdiluted": 1.73, "weightedAverageShsOut": 713800000, "weightedAverageShsOutDil": 721900000, "link": "https://www.sec.gov/Archives/edgar/data/813828/000104746908001936/0001047469-08-001936-index.htm", "finalLink": "https://www.sec.gov/Archives/edgar/data/813828/000104746908001936/a2182958z10-k.htm", "calculatedOtherExpenses": 455700000, "calculatedOperatingExpenses": 3121800000, "calculatedNetInterest": 687000000, "calculatedOtherIncome": -1175800000, "calculatedIncomeNonControlling": 64500000, "calculatedEbitda": 3082500000}, {"date": "2006-12-31", "symbol": "PARA", "reportedCurrency": "USD", "cik": "0000813828", "fillingDate": "2007-03-01", "acceptedDate": "2007-03-01 13:53:10", "calendarYear": "2006", "period": "FY", "revenue": 14320200000, "costOfRevenue": 8424800000, "grossProfit": 5895400000, "grossProfitRatio": 0.4116841944, "researchAndDevelopmentExpenses": 0, "generalAndAdministrativeExpenses": 0, "sellingAndMarketingExpenses": 0, "sellingGeneralAndAdministrativeExpenses": 2784300000, "otherExpenses": 504700000, "operatingExpenses": 3289000000, "costAndExpenses": 11713800000, "interestIncome": 112100000, "interestExpense": -565500000, "depreciationAndAmortization": 444900000, "ebitda": 3136800000, "ebitdaratio": 0.21904722, "operatingIncome": 2606400000, "operatingIncomeRatio": 0.1820086312, "totalOtherIncomeExpensesNet": -182500000, "incomeBeforeTax": 2132700000, "incomeBeforeTaxRatio": 0.1489294842, "incomeTaxExpense": 652200000, "netIncome": 1660500000, "netIncomeRatio": 0.1159550844, "eps": 2.17, "epsdiluted": 2.15, "weightedAverageShsOut": 765200000, "weightedAverageShsOutDil": 771800000, "link": "https://www.sec.gov/Archives/edgar/data/813828/000104746907001525/0001047469-07-001525-index.htm", "finalLink": "https://www.sec.gov/Archives/edgar/data/813828/000104746907001525/a2176368z10-k.htm", "calculatedOtherExpenses": 504700000, "calculatedOperatingExpenses": 3289000000, "calculatedNetInterest": 677600000, "calculatedOtherIncome": -1151300000, "calculatedIncomeNonControlling": -180000000, "calculatedEbitda": 3051300000}, {"date": "2005-12-31", "symbol": "PARA", "reportedCurrency": "USD", "cik": "0000813828", "fillingDate": "2006-03-16", "acceptedDate": "2006-03-16 16:18:02", "calendarYear": "2005", "period": "FY", "revenue": 14536400000, "costOfRevenue": 8671800000, "grossProfit": 5864600000, "grossProfitRatio": 0.4034423929, "researchAndDevelopmentExpenses": 0, "generalAndAdministrativeExpenses": 0, "sellingAndMarketingExpenses": 0, "sellingGeneralAndAdministrativeExpenses": 2699400000, "otherExpenses": 9983100000, "operatingExpenses": 12682500000, "costAndExpenses": 21354300000, "interestIncome": 21400000, "interestExpense": -720500000, "depreciationAndAmortization": 507100000, "ebitda": 3168300000, "ebitdaratio": 0.2179563028, "operatingIncome": -6817900000, "operatingIncomeRatio": -0.4690225916, "totalOtherIncomeExpensesNet": -9480600000, "incomeBeforeTax": -7511700000, "incomeBeforeTaxRatio": -0.5167510525, "incomeTaxExpense": 808100000, "netIncome": -7089100000, "netIncomeRatio": -0.4876792053, "eps": -8.98, "epsdiluted": -8.98, "weightedAverageShsOut": 789700000, "weightedAverageShsOutDil": 789700000, "link": "https://www.sec.gov/Archives/edgar/data/813828/000104746906003576/0001047469-06-003576-index.htm", "finalLink": "https://www.sec.gov/Archives/edgar/data/813828/000104746906003576/a2168282z10-k.htm", "calculatedOtherExpenses": 9983100000, "calculatedOperatingExpenses": 12682500000, "calculatedNetInterest": 741900000, "calculatedOtherIncome": -1435700000, "calculatedIncomeNonControlling": -1230700000, "calculatedEbitda": -6310800000}, {"date": "2004-12-31", "symbol": "PARA", "reportedCurrency": "USD", "cik": "0000813828", "fillingDate": "2005-03-16", "acceptedDate": "2005-03-16 16:32:33", "calendarYear": "2004", "period": "FY", "revenue": 22525900000, "costOfRevenue": 12545800000, "grossProfit": 9980100000, "grossProfitRatio": 0.4430500002, "researchAndDevelopmentExpenses": 0, "generalAndAdministrativeExpenses": 0, "sellingAndMarketingExpenses": 0, "sellingGeneralAndAdministrativeExpenses": 4142100000, "otherExpenses": 18807000000, "operatingExpenses": 22949100000, "costAndExpenses": 35494900000, "interestIncome": 25300000, "interestExpense": -718900000, "depreciationAndAmortization": 809900000, "ebitda": -12159100000, "ebitdaratio": -0.5397830941, "operatingIncome": -12969000000, "operatingIncomeRatio": -0.5757372624, "totalOtherIncomeExpensesNet": -686000000, "incomeBeforeTax": -13655000000, "incomeBeforeTaxRatio": -0.6061910956, "incomeTaxExpense": 1378600000, "netIncome": -17462200000, "netIncomeRatio": -0.7752054302, "eps": -20.37, "epsdiluted": -20.37, "weightedAverageShsOut": 857250859, "weightedAverageShsOutDil": 857250859, "link": "https://www.sec.gov/Archives/edgar/data/813828/000104746905006777/0001047469-05-006777-index.htm", "finalLink": "https://www.sec.gov/Archives/edgar/data/813828/000104746905006777/a2153214z10-k.htm", "calculatedOtherExpenses": 18807000000, "calculatedOperatingExpenses": 22949100000, "calculatedNetInterest": 744200000, "calculatedOtherIncome": -1430200000, "calculatedIncomeNonControlling": 2428600000, "calculatedEbitda": -12159100000}, {"date": "2003-12-31", "symbol": "PARA", "reportedCurrency": "USD", "cik": "0000813828", "fillingDate": "2004-03-15", "acceptedDate": "2004-03-15 07:48:55", "calendarYear": "2003", "period": "FY", "revenue": 26585300000, "costOfRevenue": 16253700000, "grossProfit": 10331600000, "grossProfitRatio": 0.3886207792, "researchAndDevelopmentExpenses": 0, "generalAndAdministrativeExpenses": 0, "sellingAndMarketingExpenses": 0, "sellingGeneralAndAdministrativeExpenses": 4374700000, "otherExpenses": 2331100000, "operatingExpenses": 6705800000, "costAndExpenses": 22959500000, "interestIncome": 14800000, "interestExpense": -776000000, "depreciationAndAmortization": 999800000, "ebitda": 4625600000, "ebitdaratio": 0.1739908897, "operatingIncome": 3625800000, "operatingIncomeRatio": 0.1363836406, "totalOtherIncomeExpensesNet": -764600000, "incomeBeforeTax": 2861200000, "incomeBeforeTaxRatio": 0.1076233859, "incomeTaxExpense": 1599000000, "netIncome": 1416900000, "netIncomeRatio": 0.0532963706, "eps": 1.62, "epsdiluted": 1.61, "weightedAverageShsOut": 874629630, "weightedAverageShsOutDil": 880062112, "link": "https://www.sec.gov/Archives/edgar/data/813828/000104746904007840/0001047469-04-007840-index.htm", "finalLink": "https://www.sec.gov/Archives/edgar/data/813828/000104746904007840/a2129816z10-k.htm", "calculatedOtherExpenses": 2331100000, "calculatedOperatingExpenses": 6705800000, "calculatedNetInterest": 790800000, "calculatedOtherIncome": -1555400000, "calculatedIncomeNonControlling": -154700000, "calculatedEbitda": 4625600000}, {"date": "2002-12-31", "symbol": "PARA", "reportedCurrency": "USD", "cik": "0000813828", "fillingDate": "2003-03-27", "acceptedDate": "2003-03-27 10:12:07", "calendarYear": "2002", "period": "FY", "revenue": 24605700000, "costOfRevenue": 14865100000, "grossProfit": 9740600000, "grossProfitRatio": 0.3958676242, "researchAndDevelopmentExpenses": 0, "generalAndAdministrativeExpenses": 0, "sellingAndMarketingExpenses": 0, "sellingGeneralAndAdministrativeExpenses": 4198300000, "otherExpenses": 945600000, "operatingExpenses": 5143900000, "costAndExpenses": 20009000000, "interestIncome": 15800000, "interestExpense": -848300000, "depreciationAndAmortization": 945600000, "ebitda": 5542300000, "ebitdaratio": 0.2252445572, "operatingIncome": 4596700000, "operatingIncomeRatio": 0.1868144373, "totalOtherIncomeExpensesNet": -862500000, "incomeBeforeTax": 3734200000, "incomeBeforeTaxRatio": 0.1517615837, "incomeTaxExpense": 1448900000, "netIncome": 725700000, "netIncomeRatio": 0.0294931662, "eps": 1.66, "epsdiluted": 1.64, "weightedAverageShsOut": 877050000, "weightedAverageShsOutDil": 888450000, "link": "https://www.sec.gov/Archives/edgar/data/813828/000104746903010441/0001047469-03-010441-index.htm", "finalLink": "https://www.sec.gov/Archives/edgar/data/813828/000104746903010441/a2105801z10-k.htm", "calculatedOtherExpenses": 945600000, "calculatedOperatingExpenses": 5143900000, "calculatedNetInterest": 864100000, "calculatedOtherIncome": -1726600000, "calculatedIncomeNonControlling": 1559600000, "calculatedEbitda": 5542300000}, {"date": "2001-12-31", "symbol": "PARA", "reportedCurrency": "USD", "cik": "0000813828", "fillingDate": "2002-03-29", "acceptedDate": "2002-03-29 00:00:00", "calendarYear": "2001", "period": "FY", "revenue": 23222800000, "costOfRevenue": 14137000000, "grossProfit": 9085800000, "grossProfitRatio": 0.3912448111, "researchAndDevelopmentExpenses": 0, "generalAndAdministrativeExpenses": 0, "sellingAndMarketingExpenses": 0, "sellingGeneralAndAdministrativeExpenses": 4419200000, "otherExpenses": 3087000000, "operatingExpenses": 7506200000, "costAndExpenses": 21643200000, "interestIncome": 30600000, "interestExpense": -962700000, "depreciationAndAmortization": 3087000000, "ebitda": 4786000000, "ebitdaratio": 0.2060905662, "operatingIncome": 1460200000, "operatingIncomeRatio": 0.0628778614, "totalOtherIncomeExpensesNet": -119400000, "incomeBeforeTax": 782800000, "incomeBeforeTaxRatio": 0.0337082522, "incomeTaxExpense": 922500000, "netIncome": -223500000, "netIncomeRatio": -0.0096241625, "eps": -0.26, "epsdiluted": -0.26, "weightedAverageShsOut": 865800000, "weightedAverageShsOutDil": 865800000, "link": "https://www.sec.gov/Archives/edgar/data/813828/000091205702012516/0000912057-02-012516-index.htm", "finalLink": "https://www.sec.gov/Archives/edgar/data/813828/000091205702012516/a2073981z10-k405.htm", "calculatedOtherExpenses": 3206400000, "calculatedOperatingExpenses": 7625600000, "calculatedNetInterest": 993300000, "calculatedOtherIncome": -1670700000, "calculatedIncomeNonControlling": 83800000, "calculatedEbitda": 4547200000}, {"date": "2000-12-31", "symbol": "PARA", "reportedCurrency": "USD", "cik": "0000813828", "fillingDate": "2001-03-28", "acceptedDate": "2001-03-28 00:00:00", "calendarYear": "2000", "period": "FY", "revenue": 20043700000, "costOfRevenue": 11707100000, "grossProfit": 8336600000, "grossProfitRatio": 0.4159212122, "researchAndDevelopmentExpenses": 0, "generalAndAdministrativeExpenses": 0, "sellingAndMarketingExpenses": 0, "sellingGeneralAndAdministrativeExpenses": 4093700000, "otherExpenses": 2922000000, "operatingExpenses": 7015700000, "costAndExpenses": 18722800000, "interestIncome": 0, "interestExpense": 0, "depreciationAndAmortization": 2223500000, "ebitda": 3544400000, "ebitdaratio": 0.1768336185, "operatingIncome": 1320900000, "operatingIncomeRatio": 0.0659010063, "totalOtherIncomeExpensesNet": -760300000, "incomeBeforeTax": 560600000, "incomeBeforeTaxRatio": 0.027968888, "incomeTaxExpense": 729800000, "netIncome": -816100000, "netIncomeRatio": -0.0407160355, "eps": -1.34, "epsdiluted": -1.34, "weightedAverageShsOut": 609029851, "weightedAverageShsOutDil": 609029851, "link": "https://www.sec.gov/Archives/edgar/data/813828/000095013001500372/0000950130-01-500372-index.htm", "finalLink": "https://www.sec.gov/Archives/edgar/data/813828/000095013001500372/d10k.txt", "calculatedOtherExpenses": 2922000000, "calculatedOperatingExpenses": 7015700000, "calculatedNetInterest": 0, "calculatedOtherIncome": -760300000, "calculatedIncomeNonControlling": 646900000, "calculatedEbitda": 3544400000}, {"date": "1999-12-31", "symbol": "PARA", "reportedCurrency": "USD", "cik": "0000813828", "fillingDate": "2000-03-24", "acceptedDate": "2000-03-24 00:00:00", "calendarYear": "1999", "period": "FY", "revenue": 12858800000, "costOfRevenue": 8337900000, "grossProfit": 4520900000, "grossProfitRatio": 0.3515802408, "researchAndDevelopmentExpenses": 0, "generalAndAdministrativeExpenses": 0, "sellingAndMarketingExpenses": 0, "sellingGeneralAndAdministrativeExpenses": 2358600000, "otherExpenses": 844700000, "operatingExpenses": 3203300000, "costAndExpenses": 11541200000, "interestIncome": 0, "interestExpense": 0, "depreciationAndAmortization": 844700000, "ebitda": 2232600000, "ebitdaratio": 0.1736242884, "operatingIncome": 1247300000, "operatingIncomeRatio": 0.09699972, "totalOtherIncomeExpensesNet": -70300000, "incomeBeforeTax": 843900000, "incomeBeforeTaxRatio": 0.0656282079, "incomeTaxExpense": 411400000, "netIncome": 334000000, "netIncomeRatio": 0.02597443, "eps": 0.92, "epsdiluted": 0.9, "weightedAverageShsOut": 347600000, "weightedAverageShsOutDil": 354750000, "link": "https://www.sec.gov/Archives/edgar/data/813828/000095013000001551/0000950130-00-001551-index.html", "finalLink": "https://www.sec.gov/Archives/edgar/data/813828/000095013000001551/", "calculatedOtherExpenses": 915000000, "calculatedOperatingExpenses": 3273600000, "calculatedNetInterest": 0, "calculatedOtherIncome": -403400000, "calculatedIncomeNonControlling": 98500000, "calculatedEbitda": 2092000000}, {"date": "1998-12-31", "symbol": "PARA", "reportedCurrency": "USD", "cik": "0000813828", "fillingDate": "1999-03-31", "acceptedDate": "1999-03-31 00:00:00", "calendarYear": "1998", "period": "FY", "revenue": 12096100000, "costOfRevenue": 8506300000, "grossProfit": 3589800000, "grossProfitRatio": 0.2967733402, "researchAndDevelopmentExpenses": 0, "generalAndAdministrativeExpenses": 0, "sellingAndMarketingExpenses": 0, "sellingGeneralAndAdministrativeExpenses": 2060900000, "otherExpenses": 777300000, "operatingExpenses": 2838200000, "costAndExpenses": 11344500000, "interestIncome": 0, "interestExpense": 0, "depreciationAndAmortization": 777300000, "ebitda": 1544200000, "ebitdaratio": 0.1276609816, "operatingIncome": 751600000, "operatingIncomeRatio": 0.0621357297, "totalOtherIncomeExpensesNet": -15300000, "incomeBeforeTax": 137300000, "incomeBeforeTaxRatio": 0.0113507659, "incomeTaxExpense": 138700000, "netIncome": -122400000, "netIncomeRatio": -0.010118964, "eps": -0.35, "epsdiluted": -0.35, "weightedAverageShsOut": 354350000, "weightedAverageShsOutDil": 354350000, "link": "https://www.sec.gov/Archives/edgar/data/813828/000100547799001528/0001005477-99-001528-index.html", "finalLink": "https://www.sec.gov/Archives/edgar/data/813828/", "calculatedOtherExpenses": 777300000, "calculatedOperatingExpenses": 2838200000, "calculatedNetInterest": 0, "calculatedOtherIncome": -614300000, "calculatedIncomeNonControlling": 121000000, "calculatedEbitda": 1528900000}, {"date": "1997-12-31", "symbol": "PARA", "reportedCurrency": "USD", "cik": "0000813828", "fillingDate": "1998-03-31", "acceptedDate": "1998-03-31 00:00:00", "calendarYear": "1997", "period": "FY", "revenue": 13206100000, "costOfRevenue": 8863300000, "grossProfit": 4342800000, "grossProfitRatio": 0.3288480323, "researchAndDevelopmentExpenses": 0, "generalAndAdministrativeExpenses": 0, "sellingAndMarketingExpenses": 0, "sellingGeneralAndAdministrativeExpenses": 2646700000, "otherExpenses": 943300000, "operatingExpenses": 3590000000, "costAndExpenses": 12453300000, "interestIncome": 0, "interestExpense": 0, "depreciationAndAmortization": 943300000, "ebitda": 463200000, "ebitdaratio": 0.0350747003, "operatingIncome": 752800000, "operatingIncomeRatio": 0.0570039603, "totalOtherIncomeExpensesNet": 1232900000, "incomeBeforeTax": 1222700000, "incomeBeforeTaxRatio": 0.0925860019, "incomeTaxExpense": 689600000, "netIncome": 793600000, "netIncomeRatio": 0.0600934417, "eps": 2.08, "epsdiluted": 2.08, "weightedAverageShsOut": 352900000, "weightedAverageShsOutDil": 354250000, "link": "https://www.sec.gov/Archives/edgar/data/813828/000104746998013110/0001047469-98-013110-index.html", "finalLink": "https://www.sec.gov/Archives/edgar/data/813828/", "calculatedOtherExpenses": 943300000, "calculatedOperatingExpenses": 3590000000, "calculatedNetInterest": 0, "calculatedOtherIncome": 469900000, "calculatedIncomeNonControlling": -260500000, "calculatedEbitda": 1696100000}, {"date": "1996-12-31", "symbol": "PARA", "reportedCurrency": "USD", "cik": "0000813828", "fillingDate": "1997-03-31", "acceptedDate": "1997-03-31 00:00:00", "calendarYear": "1996", "period": "FY", "revenue": 12084200000, "costOfRevenue": 7605300000, "grossProfit": 4478900000, "grossProfitRatio": 0.3706410023, "researchAndDevelopmentExpenses": 0, "generalAndAdministrativeExpenses": 0, "sellingAndMarketingExpenses": 0, "sellingGeneralAndAdministrativeExpenses": 2298100000, "otherExpenses": 817600000, "operatingExpenses": 3115700000, "costAndExpenses": 10721000000, "interestIncome": 0, "interestExpense": 0, "depreciationAndAmortization": 817600000, "ebitda": 2265500000, "ebitdaratio": 0.1874762086, "operatingIncome": 1274300000, "operatingIncomeRatio": 0.1054517469, "totalOtherIncomeExpensesNet": -84700000, "incomeBeforeTax": 480500000, "incomeBeforeTaxRatio": 0.0397626653, "incomeTaxExpense": 295500000, "netIncome": 1247900000, "netIncomeRatio": 0.103267076, "eps": 6.46, "epsdiluted": 6.46, "weightedAverageShsOut": 183700000, "weightedAverageShsOutDil": 183750000, "link": "https://www.sec.gov/Archives/edgar/data/813828/000100547797000969/0001005477-97-000969-index.html", "finalLink": "https://www.sec.gov/Archives/edgar/data/813828/", "calculatedOtherExpenses": 906500000, "calculatedOperatingExpenses": 3204600000, "calculatedNetInterest": 0, "calculatedOtherIncome": -793800000, "calculatedIncomeNonControlling": -1062900000, "calculatedEbitda": 2091900000}, {"date": "1995-12-31", "symbol": "PARA", "reportedCurrency": "USD", "cik": "0000813828", "fillingDate": "1996-04-01", "acceptedDate": "1996-04-01 00:00:00", "calendarYear": "1995", "period": "FY", "revenue": 11688700000, "costOfRevenue": 7072700000, "grossProfit": 4616000000, "grossProfitRatio": 0.3949113246, "researchAndDevelopmentExpenses": 0, "generalAndAdministrativeExpenses": 0, "sellingAndMarketingExpenses": 0, "sellingGeneralAndAdministrativeExpenses": 2302300000, "otherExpenses": 820400000, "operatingExpenses": 3122700000, "costAndExpenses": 10195400000, "interestIncome": 0, "interestExpense": 0, "depreciationAndAmortization": 820400000, "ebitda": 2296400000, "ebitdaratio": 0.1964632508, "operatingIncome": 1493300000, "operatingIncomeRatio": 0.1277558668, "totalOtherIncomeExpensesNet": 17300000, "incomeBeforeTax": 689200000, "incomeBeforeTaxRatio": 0.05896293, "incomeTaxExpense": 417000000, "netIncome": 222500000, "netIncomeRatio": 0.0190354787, "eps": 0.86, "epsdiluted": 0.86, "weightedAverageShsOut": 187550000, "weightedAverageShsOutDil": 187750000, "link": "https://www.sec.gov/Archives/edgar/data/813828/000095011296001003/0000950112-96-001003-index.html", "finalLink": "https://www.sec.gov/Archives/edgar/data/813828/", "calculatedOtherExpenses": 820400000, "calculatedOperatingExpenses": 3122700000, "calculatedNetInterest": 0, "calculatedOtherIncome": -804100000, "calculatedIncomeNonControlling": 49700000, "calculatedEbitda": 2313700000}, {"date": "1994-12-31", "symbol": "PARA", "reportedCurrency": "USD", "cik": "0000813828", "fillingDate": "1995-03-31", "acceptedDate": "1995-03-31 00:00:00", "calendarYear": "1994", "period": "FY", "revenue": 7363200000, "costOfRevenue": 4401000000, "grossProfit": 2962200000, "grossProfitRatio": 0.402297914, "researchAndDevelopmentExpenses": 0, "generalAndAdministrativeExpenses": 0, "sellingAndMarketingExpenses": 0, "sellingGeneralAndAdministrativeExpenses": 1888200000, "otherExpenses": 465700000, "operatingExpenses": 2353900000, "costAndExpenses": 6754900000, "interestIncome": 0, "interestExpense": 0, "depreciationAndAmortization": 465700000, "ebitda": 811500000, "ebitdaratio": 0.1102102347, "operatingIncome": 608300000, "operatingIncomeRatio": 0.0826135376, "totalOtherIncomeExpensesNet": 262500000, "incomeBeforeTax": 376700000, "incomeBeforeTaxRatio": 0.0511598218, "incomeTaxExpense": 279700000, "netIncome": 89600000, "netIncomeRatio": 0.0121686223, "eps": 0.14, "epsdiluted": 0.13, "weightedAverageShsOut": 110000000, "weightedAverageShsOutDil": 110200000, "link": "https://www.sec.gov/Archives/edgar/data/813828/000095011295000860/0000950112-95-000860-index.html", "finalLink": "https://www.sec.gov/Archives/edgar/data/813828/", "calculatedOtherExpenses": 465700000, "calculatedOperatingExpenses": 2353900000, "calculatedNetInterest": 0, "calculatedOtherIncome": -231600000, "calculatedIncomeNonControlling": 7400000, "calculatedEbitda": 1074000000}, {"date": "1991-12-31", "symbol": "PARA", "reportedCurrency": "USD", "cik": "0000813828", "fillingDate": "1991-12-31", "acceptedDate": "1991-12-30 19:00:00", "calendarYear": "1991", "period": "FY", "revenue": 0, "costOfRevenue": 0, "grossProfit": 0, "grossProfitRatio": 0, "researchAndDevelopmentExpenses": 0, "generalAndAdministrativeExpenses": 0, "sellingAndMarketingExpenses": 0, "sellingGeneralAndAdministrativeExpenses": 0, "otherExpenses": -3100000, "operatingExpenses": -3100000, "costAndExpenses": -3100000, "interestIncome": 0, "interestExpense": 0, "depreciationAndAmortization": 0, "ebitda": -3100000, "ebitdaratio": 0, "operatingIncome": -3100000, "operatingIncomeRatio": 0, "totalOtherIncomeExpensesNet": 0, "incomeBeforeTax": 0, "incomeBeforeTaxRatio": 0, "incomeTaxExpense": 3100000, "netIncome": -3100000, "netIncomeRatio": 0, "eps": -0.0048, "epsdiluted": -0.0048, "weightedAverageShsOut": 651769060, "weightedAverageShsOutDil": 651769060, "link": "", "finalLink": "", "calculatedOtherExpenses": 3100000, "calculatedOperatingExpenses": 3100000, "calculatedNetInterest": 0, "calculatedOtherIncome": 3100000, "calculatedIncomeNonControlling": 0, "calculatedEbitda": -3100000}, {"date": "1989-12-31", "symbol": "PARA", "reportedCurrency": "USD", "cik": "0000813828", "fillingDate": "1989-12-31", "acceptedDate": "1989-12-30 19:00:00", "calendarYear": "1989", "period": "FY", "revenue": 1436200000, "costOfRevenue": 712800000, "grossProfit": 723400000, "grossProfitRatio": 0.5036902938, "researchAndDevelopmentExpenses": 0, "generalAndAdministrativeExpenses": 0, "sellingAndMarketingExpenses": 0, "sellingGeneralAndAdministrativeExpenses": 444000000, "otherExpenses": 135800000, "operatingExpenses": 579800000, "costAndExpenses": 1292600000, "interestIncome": 0, "interestExpense": 0, "depreciationAndAmortization": -135800000, "ebitda": -41000000, "ebitdaratio": -0.0285475561, "operatingIncome": 143600000, "operatingIncomeRatio": 0.0999860744, "totalOtherIncomeExpensesNet": 320400000, "incomeBeforeTax": 151800000, "incomeBeforeTaxRatio": 0.1056955856, "incomeTaxExpense": 20700000, "netIncome": 131100000, "netIncomeRatio": 0.0912825512, "eps": 0.2, "epsdiluted": 0.2, "weightedAverageShsOut": 651769026, "weightedAverageShsOutDil": 651769026, "link": "", "finalLink": "", "calculatedOtherExpenses": 135800000, "calculatedOperatingExpenses": 579800000, "calculatedNetInterest": 0, "calculatedOtherIncome": 8200000, "calculatedIncomeNonControlling": 0, "calculatedEbitda": 7800000}, {"date": "1988-12-31", "symbol": "PARA", "reportedCurrency": "USD", "cik": "0000813828", "fillingDate": "1988-12-31", "acceptedDate": "1988-12-30 19:00:00", "calendarYear": "1988", "period": "FY", "revenue": 1258500000, "costOfRevenue": 599900000, "grossProfit": 658600000, "grossProfitRatio": 0.5233214144, "researchAndDevelopmentExpenses": 0, "generalAndAdministrativeExpenses": 0, "sellingAndMarketingExpenses": 0, "sellingGeneralAndAdministrativeExpenses": 373800000, "otherExpenses": 140200000, "operatingExpenses": 514000000, "costAndExpenses": 1113900000, "interestIncome": 0, "interestExpense": 0, "depreciationAndAmortization": 140200000, "ebitda": 265900000, "ebitdaratio": 0.2112832737, "operatingIncome": 144600000, "operatingIncomeRatio": 0.1148986889, "totalOtherIncomeExpensesNet": 18900000, "incomeBeforeTax": -111700000, "incomeBeforeTaxRatio": -0.0887564561, "incomeTaxExpense": 11400000, "netIncome": -123100000, "netIncomeRatio": -0.097814859, "eps": -0.19, "epsdiluted": -0.19, "weightedAverageShsOut": 651769019, "weightedAverageShsOutDil": 651769019, "link": "", "finalLink": "", "calculatedOtherExpenses": 140200000, "calculatedOperatingExpenses": 514000000, "calculatedNetInterest": 0, "calculatedOtherIncome": -256300000, "calculatedIncomeNonControlling": 0, "calculatedEbitda": 284800000}, {"date": "1987-12-31", "symbol": "PARA", "reportedCurrency": "USD", "cik": "0000813828", "fillingDate": "1987-12-31", "acceptedDate": "1987-12-30 19:00:00", "calendarYear": "1987", "period": "FY", "revenue": 1010700000, "costOfRevenue": 477600000, "grossProfit": 533100000, "grossProfitRatio": 0.5274562185, "researchAndDevelopmentExpenses": 0, "generalAndAdministrativeExpenses": 0, "sellingAndMarketingExpenses": 0, "sellingGeneralAndAdministrativeExpenses": 286900000, "otherExpenses": 114500000, "operatingExpenses": 401400000, "costAndExpenses": 879000000, "interestIncome": 0, "interestExpense": 0, "depreciationAndAmortization": 114500000, "ebitda": 290100000, "ebitdaratio": 0.2870287919, "operatingIncome": 131700000, "operatingIncomeRatio": 0.1303057287, "totalOtherIncomeExpensesNet": -43900000, "incomeBeforeTax": -107800000, "incomeBeforeTaxRatio": -0.1066587514, "incomeTaxExpense": 15700000, "netIncome": -123500000, "netIncomeRatio": -0.1221925398, "eps": -0.19, "epsdiluted": -0.19, "weightedAverageShsOut": 651769041, "weightedAverageShsOutDil": 651769041, "link": "", "finalLink": "", "calculatedOtherExpenses": 114500000, "calculatedOperatingExpenses": 401400000, "calculatedNetInterest": 0, "calculatedOtherIncome": -239500000, "calculatedIncomeNonControlling": 0, "calculatedEbitda": 246200000}, {"date": "1986-12-31", "symbol": "PARA", "reportedCurrency": "USD", "cik": "0000813828", "fillingDate": "1986-12-31", "acceptedDate": "1986-12-30 19:00:00", "calendarYear": "1986", "period": "FY", "revenue": 919200000, "costOfRevenue": 446400000, "grossProfit": 472800000, "grossProfitRatio": 0.5143603133, "researchAndDevelopmentExpenses": 0, "generalAndAdministrativeExpenses": 0, "sellingAndMarketingExpenses": 0, "sellingGeneralAndAdministrativeExpenses": 272700000, "otherExpenses": 77800000, "operatingExpenses": 350500000, "costAndExpenses": 796900000, "interestIncome": 0, "interestExpense": 0, "depreciationAndAmortization": 77800000, "ebitda": 224900000, "ebitdaratio": 0.2446692776, "operatingIncome": 122300000, "operatingIncomeRatio": 0.1330504787, "totalOtherIncomeExpensesNet": -24800000, "incomeBeforeTax": 17600000, "incomeBeforeTaxRatio": 0.0191470844, "incomeTaxExpense": 27500000, "netIncome": -9900000, "netIncomeRatio": -0.010770235, "eps": -0.0152, "epsdiluted": -0.0152, "weightedAverageShsOut": 651769010, "weightedAverageShsOutDil": 651769010, "link": "", "finalLink": "", "calculatedOtherExpenses": 77800000, "calculatedOperatingExpenses": 350500000, "calculatedNetInterest": 0, "calculatedOtherIncome": -104700000, "calculatedIncomeNonControlling": 0, "calculatedEbitda": 200100000}]}