{"originalCurrency": "USD", "convertedCurrency": "USD", "report": [{"date": "2023-12-31", "symbol": "PATK", "reportedCurrency": "USD", "cik": "0000076605", "fillingDate": "2024-02-29", "acceptedDate": "2024-02-29 08:01:11", "calendarYear": "2023", "period": "FY", "revenue": 3468045000, "costOfRevenue": 2764506000, "grossProfit": 703539000, "grossProfitRatio": 0.2028632846, "researchAndDevelopmentExpenses": 0, "generalAndAdministrativeExpenses": 299418000, "sellingAndMarketingExpenses": 143921000, "sellingGeneralAndAdministrativeExpenses": 443339000, "otherExpenses": 222615000, "operatingExpenses": 443339000, "costAndExpenses": 3207845000, "interestIncome": 0, "interestExpense": 68942000, "depreciationAndAmortization": 144543000, "ebitda": 404743000, "ebitdaratio": 0.1167063865, "operatingIncome": 260200000, "operatingIncomeRatio": 0.0750278615, "totalOtherIncomeExpensesNet": -68942000, "incomeBeforeTax": 191258000, "incomeBeforeTaxRatio": 0.05514865, "incomeTaxExpense": 48361000, "netIncome": 142897000, "netIncomeRatio": 0.0412039059, "eps": 6.64, "epsdiluted": 6.5, "weightedAverageShsOut": 21519000, "weightedAverageShsOutDil": 22025000, "link": "https://www.sec.gov/Archives/edgar/data/76605/000007660524000078/0000076605-24-000078-index.htm", "finalLink": "https://www.sec.gov/Archives/edgar/data/76605/000007660524000078/patk-20231231.htm", "calculatedOtherExpenses": 0, "calculatedOperatingExpenses": 443339000, "calculatedNetInterest": -68942000, "calculatedOtherIncome": 0, "calculatedIncomeNonControlling": 0, "calculatedEbitda": 404743000}, {"date": "2022-12-31", "symbol": "PATK", "reportedCurrency": "USD", "cik": "0000076605", "fillingDate": "2023-02-24", "acceptedDate": "2023-02-24 16:03:15", "calendarYear": "2022", "period": "FY", "revenue": 4881872000, "costOfRevenue": 3821934000, "grossProfit": 1059938000, "grossProfitRatio": 0.2171171223, "researchAndDevelopmentExpenses": 0, "generalAndAdministrativeExpenses": 327513000, "sellingAndMarketingExpenses": 163026000, "sellingGeneralAndAdministrativeExpenses": 490539000, "otherExpenses": 73229000, "operatingExpenses": 563768000, "costAndExpenses": 4385702000, "interestIncome": 60760000, "interestExpense": 60760000, "depreciationAndAmortization": 130757000, "ebitda": 626927000, "ebitdaratio": 0.128419385, "operatingIncome": 496170000, "operatingIncomeRatio": 0.1016351924, "totalOtherIncomeExpensesNet": -60760000, "incomeBeforeTax": 435410000, "incomeBeforeTaxRatio": 0.0891891471, "incomeTaxExpense": 107214000, "netIncome": 328196000, "netIncomeRatio": 0.0672274898, "eps": 14.82, "epsdiluted": 13.41, "weightedAverageShsOut": 22140000, "weightedAverageShsOutDil": 24471000, "link": "https://www.sec.gov/Archives/edgar/data/76605/000007660523000050/0000076605-23-000050-index.htm", "finalLink": "https://www.sec.gov/Archives/edgar/data/76605/000007660523000050/patk-20221231.htm", "calculatedOtherExpenses": 73229000, "calculatedOperatingExpenses": 563768000, "calculatedNetInterest": 0, "calculatedOtherIncome": -60760000, "calculatedIncomeNonControlling": 0, "calculatedEbitda": 626927000}, {"date": "2021-12-31", "symbol": "PATK", "reportedCurrency": "USD", "cik": "0000076605", "fillingDate": "2022-02-25", "acceptedDate": "2022-02-25 16:03:15", "calendarYear": "2021", "period": "FY", "revenue": 4078092000, "costOfRevenue": 3276898000, "grossProfit": 801194000, "grossProfitRatio": 0.1964629538, "researchAndDevelopmentExpenses": 0, "generalAndAdministrativeExpenses": 253547000, "sellingAndMarketingExpenses": 139606000, "sellingGeneralAndAdministrativeExpenses": 393153000, "otherExpenses": 56329000, "operatingExpenses": 449482000, "costAndExpenses": 3726380000, "interestIncome": 57890000, "interestExpense": 57890000, "depreciationAndAmortization": 104808000, "ebitda": 456520000, "ebitdaratio": 0.1119445074, "operatingIncome": 351712000, "operatingIncomeRatio": 0.0862442534, "totalOtherIncomeExpensesNet": -57890000, "incomeBeforeTax": 293822000, "incomeBeforeTaxRatio": 0.0720488895, "incomeTaxExpense": 68907000, "netIncome": 224915000, "netIncomeRatio": 0.0551520172, "eps": 9.87, "epsdiluted": 9.63, "weightedAverageShsOut": 22780000, "weightedAverageShsOutDil": 23355000, "link": "https://www.sec.gov/Archives/edgar/data/76605/000007660522000047/0000076605-22-000047-index.htm", "finalLink": "https://www.sec.gov/Archives/edgar/data/76605/000007660522000047/patk-20211231.htm", "calculatedOtherExpenses": 56329000, "calculatedOperatingExpenses": 449482000, "calculatedNetInterest": 0, "calculatedOtherIncome": -57890000, "calculatedIncomeNonControlling": 0, "calculatedEbitda": 456520000}, {"date": "2020-12-31", "symbol": "PATK", "reportedCurrency": "USD", "cik": "0000076605", "fillingDate": "2021-02-26", "acceptedDate": "2021-02-26 16:01:10", "calendarYear": "2020", "period": "FY", "revenue": 2486597000, "costOfRevenue": 2027580000, "grossProfit": 459017000, "grossProfitRatio": 0.1845964585, "researchAndDevelopmentExpenses": 0, "generalAndAdministrativeExpenses": 146376000, "sellingAndMarketingExpenses": 98400000, "sellingGeneralAndAdministrativeExpenses": 244776000, "otherExpenses": 40868000, "operatingExpenses": 285644000, "costAndExpenses": 2313224000, "interestIncome": 43001000, "interestExpense": 43001000, "depreciationAndAmortization": 73270000, "ebitda": 246643000, "ebitdaratio": 0.0991889719, "operatingIncome": 173373000, "operatingIncomeRatio": 0.0697229989, "totalOtherIncomeExpensesNet": -43001000, "incomeBeforeTax": 130372000, "incomeBeforeTaxRatio": 0.0524298871, "incomeTaxExpense": 33311000, "netIncome": 97061000, "netIncomeRatio": 0.0390336673, "eps": 4.27, "epsdiluted": 4.2, "weightedAverageShsOut": 22730000, "weightedAverageShsOutDil": 23087000, "link": "https://www.sec.gov/Archives/edgar/data/76605/000007660521000059/0000076605-21-000059-index.htm", "finalLink": "https://www.sec.gov/Archives/edgar/data/76605/000007660521000059/patk-20201231.htm", "calculatedOtherExpenses": 40868000, "calculatedOperatingExpenses": 285644000, "calculatedNetInterest": 0, "calculatedOtherIncome": -43001000, "calculatedIncomeNonControlling": 0, "calculatedEbitda": 246643000}, {"date": "2019-12-31", "symbol": "PATK", "reportedCurrency": "USD", "cik": "0000076605", "fillingDate": "2020-02-27", "acceptedDate": "2020-02-27 17:03:21", "calendarYear": "2019", "period": "FY", "revenue": 2337082000, "costOfRevenue": 1914211000, "grossProfit": 422871000, "grossProfitRatio": 0.180939736, "researchAndDevelopmentExpenses": 0, "generalAndAdministrativeExpenses": 134466000, "sellingAndMarketingExpenses": 98055000, "sellingGeneralAndAdministrativeExpenses": 232521000, "otherExpenses": 35908000, "operatingExpenses": 268429000, "costAndExpenses": 2182640000, "interestIncome": 36616000, "interestExpense": 36616000, "depreciationAndAmortization": 62795000, "ebitda": 217237000, "ebitdaratio": 0.092952237, "operatingIncome": 154442000, "operatingIncomeRatio": 0.0660832611, "totalOtherIncomeExpensesNet": -36616000, "incomeBeforeTax": 117826000, "incomeBeforeTaxRatio": 0.0504158605, "incomeTaxExpense": 28260000, "netIncome": 89566000, "netIncomeRatio": 0.0383238586, "eps": 3.88, "epsdiluted": 3.85, "weightedAverageShsOut": 23058000, "weightedAverageShsOutDil": 23280000, "link": "https://www.sec.gov/Archives/edgar/data/76605/000007660520000046/0000076605-20-000046-index.htm", "finalLink": "https://www.sec.gov/Archives/edgar/data/76605/000007660520000046/patk12-31x1910xk.htm", "calculatedOtherExpenses": 35908000, "calculatedOperatingExpenses": 268429000, "calculatedNetInterest": 0, "calculatedOtherIncome": -36616000, "calculatedIncomeNonControlling": 0, "calculatedEbitda": 217237000}, {"date": "2018-12-31", "symbol": "PATK", "reportedCurrency": "USD", "cik": "0000076605", "fillingDate": "2019-02-28", "acceptedDate": "2019-02-28 16:59:21", "calendarYear": "2018", "period": "FY", "revenue": 2263061000, "costOfRevenue": 1847195000, "grossProfit": 415866000, "grossProfitRatio": 0.1837626118, "researchAndDevelopmentExpenses": 0, "generalAndAdministrativeExpenses": 128242000, "sellingAndMarketingExpenses": 74996000, "sellingGeneralAndAdministrativeExpenses": 203238000, "otherExpenses": 34213000, "operatingExpenses": 237451000, "costAndExpenses": 2084646000, "interestIncome": 0, "interestExpense": 26436000, "depreciationAndAmortization": 34213000, "ebitda": 212628000, "ebitdaratio": 0.0939559296, "operatingIncome": 178415000, "operatingIncomeRatio": 0.0788379102, "totalOtherIncomeExpensesNet": -26436000, "incomeBeforeTax": 151979000, "incomeBeforeTaxRatio": 0.0671563869, "incomeTaxExpense": 32147000, "netIncome": 119832000, "netIncomeRatio": 0.0529512903, "eps": 4.99, "epsdiluted": 4.93, "weightedAverageShsOut": 23995000, "weightedAverageShsOutDil": 24317000, "link": "https://www.sec.gov/Archives/edgar/data/76605/000007660519000040/0000076605-19-000040-index.htm", "finalLink": "https://www.sec.gov/Archives/edgar/data/76605/000007660519000040/patk12-31x1810xk.htm", "calculatedOtherExpenses": 34213000, "calculatedOperatingExpenses": 237451000, "calculatedNetInterest": -26436000, "calculatedOtherIncome": 0, "calculatedIncomeNonControlling": 0, "calculatedEbitda": 212628000}, {"date": "2017-12-31", "symbol": "PATK", "reportedCurrency": "USD", "cik": "0000076605", "fillingDate": "2018-02-28", "acceptedDate": "2018-02-28 17:25:48", "calendarYear": "2017", "period": "FY", "revenue": 1635653000, "costOfRevenue": 1356738000, "grossProfit": 278915000, "grossProfitRatio": 0.1705221095, "researchAndDevelopmentExpenses": 0, "generalAndAdministrativeExpenses": 90736000, "sellingAndMarketingExpenses": 46905000, "sellingGeneralAndAdministrativeExpenses": 137641000, "otherExpenses": 19374000, "operatingExpenses": 157015000, "costAndExpenses": 1513753000, "interestIncome": 0, "interestExpense": 8790000, "depreciationAndAmortization": 19374000, "ebitda": 141274000, "ebitdaratio": 0.0863716204, "operatingIncome": 121900000, "operatingIncomeRatio": 0.0745268098, "totalOtherIncomeExpensesNet": -8790000, "incomeBeforeTax": 113110000, "incomeBeforeTaxRatio": 0.0691528093, "incomeTaxExpense": 27392000, "netIncome": 85718000, "netIncomeRatio": 0.052405981, "eps": 3.54, "epsdiluted": 3.48, "weightedAverageShsOut": 24230000, "weightedAverageShsOutDil": 24643000, "link": "https://www.sec.gov/Archives/edgar/data/76605/000007660518000045/0000076605-18-000045-index.htm", "finalLink": "https://www.sec.gov/Archives/edgar/data/76605/000007660518000045/patk2017-12x31x10k.htm", "calculatedOtherExpenses": 19374000, "calculatedOperatingExpenses": 157015000, "calculatedNetInterest": -8790000, "calculatedOtherIncome": 0, "calculatedIncomeNonControlling": 0, "calculatedEbitda": 141274000}, {"date": "2016-12-31", "symbol": "PATK", "reportedCurrency": "USD", "cik": "0000076605", "fillingDate": "2017-02-28", "acceptedDate": "2017-02-28 17:01:38", "calendarYear": "2016", "period": "FY", "revenue": 1221887000, "costOfRevenue": 1019418000, "grossProfit": 202469000, "grossProfitRatio": 0.1657019021, "researchAndDevelopmentExpenses": 0, "generalAndAdministrativeExpenses": 62183000, "sellingAndMarketingExpenses": 36081000, "sellingGeneralAndAdministrativeExpenses": 98264000, "otherExpenses": 13368000, "operatingExpenses": 111632000, "costAndExpenses": 1131050000, "interestIncome": 0, "interestExpense": 7185000, "depreciationAndAmortization": 13368000, "ebitda": 104205000, "ebitdaratio": 0.0852820269, "operatingIncome": 90837000, "operatingIncomeRatio": 0.0743415717, "totalOtherIncomeExpensesNet": -7185000, "incomeBeforeTax": 83652000, "incomeBeforeTaxRatio": 0.0684613225, "incomeTaxExpense": 28075000, "netIncome": 55577000, "netIncomeRatio": 0.0454845661, "eps": 2.47, "epsdiluted": 2.43, "weightedAverageShsOut": 22519500, "weightedAverageShsOutDil": 22896000, "link": "https://www.sec.gov/Archives/edgar/data/76605/000007660517000036/0000076605-17-000036-index.htm", "finalLink": "https://www.sec.gov/Archives/edgar/data/76605/000007660517000036/patk2016-12x31x10k.htm", "calculatedOtherExpenses": 13368000, "calculatedOperatingExpenses": 111632000, "calculatedNetInterest": -7185000, "calculatedOtherIncome": 0, "calculatedIncomeNonControlling": 0, "calculatedEbitda": 104205000}, {"date": "2015-12-31", "symbol": "PATK", "reportedCurrency": "USD", "cik": "0000076605", "fillingDate": "2016-03-14", "acceptedDate": "2016-03-14 16:43:54", "calendarYear": "2015", "period": "FY", "revenue": 920333000, "costOfRevenue": 768054000, "grossProfit": 152279000, "grossProfitRatio": 0.1654607626, "researchAndDevelopmentExpenses": 0, "generalAndAdministrativeExpenses": 46417000, "sellingAndMarketingExpenses": 27106000, "sellingGeneralAndAdministrativeExpenses": 73523000, "otherExpenses": 8787000, "operatingExpenses": 82310000, "costAndExpenses": 850364000, "interestIncome": 0, "interestExpense": 4319000, "depreciationAndAmortization": 8787000, "ebitda": 78756000, "ebitdaratio": 0.085573374, "operatingIncome": 69918000, "operatingIncomeRatio": 0.0759703281, "totalOtherIncomeExpensesNet": -51000, "incomeBeforeTax": 65599000, "incomeBeforeTaxRatio": 0.0712774615, "incomeTaxExpense": 23380000, "netIncome": 42219000, "netIncomeRatio": 0.0458736131, "eps": 1.84, "epsdiluted": 1.81, "weightedAverageShsOut": 22984500, "weightedAverageShsOutDil": 23254500, "link": "https://www.sec.gov/Archives/edgar/data/76605/000143774916027616/0001437749-16-027616-index.htm", "finalLink": "https://www.sec.gov/Archives/edgar/data/76605/000143774916027616/patk20151231_10k.htm", "calculatedOtherExpenses": 8838000, "calculatedOperatingExpenses": 82361000, "calculatedNetInterest": -4319000, "calculatedOtherIncome": 0, "calculatedIncomeNonControlling": 0, "calculatedEbitda": 78705000}, {"date": "2014-12-31", "symbol": "PATK", "reportedCurrency": "USD", "cik": "0000076605", "fillingDate": "2015-03-13", "acceptedDate": "2015-03-13 16:59:51", "calendarYear": "2014", "period": "FY", "revenue": 735717000, "costOfRevenue": 617214000, "grossProfit": 118503000, "grossProfitRatio": 0.1610714446, "researchAndDevelopmentExpenses": 0, "generalAndAdministrativeExpenses": 36362000, "sellingAndMarketingExpenses": 26163000, "sellingGeneralAndAdministrativeExpenses": 62525000, "otherExpenses": 4477000, "operatingExpenses": 67002000, "costAndExpenses": 684216000, "interestIncome": 0, "interestExpense": 2393000, "depreciationAndAmortization": 4477000, "ebitda": 55978000, "ebitdaratio": 0.0760863212, "operatingIncome": 51471000, "operatingIncomeRatio": 0.0699603244, "totalOtherIncomeExpensesNet": -30000, "incomeBeforeTax": 49078000, "incomeBeforeTaxRatio": 0.0667077151, "incomeTaxExpense": 18404000, "netIncome": 30674000, "netIncomeRatio": 0.0416926617, "eps": 1.28, "epsdiluted": 1.28, "weightedAverageShsOut": 23926500, "weightedAverageShsOutDil": 24059250, "link": "https://www.sec.gov/Archives/edgar/data/76605/000143774915005055/0001437749-15-005055-index.htm", "finalLink": "https://www.sec.gov/Archives/edgar/data/76605/000143774915005055/patk20141231_10k.htm", "calculatedOtherExpenses": 4507000, "calculatedOperatingExpenses": 67032000, "calculatedNetInterest": -2393000, "calculatedOtherIncome": 0, "calculatedIncomeNonControlling": 0, "calculatedEbitda": 55948000}, {"date": "2013-12-31", "symbol": "PATK", "reportedCurrency": "USD", "cik": "0000076605", "fillingDate": "2014-03-14", "acceptedDate": "2014-03-14 17:07:38", "calendarYear": "2013", "period": "FY", "revenue": 594931000, "costOfRevenue": 503908000, "grossProfit": 91023000, "grossProfitRatio": 0.1529975745, "researchAndDevelopmentExpenses": 0, "generalAndAdministrativeExpenses": 27979000, "sellingAndMarketingExpenses": 20158000, "sellingGeneralAndAdministrativeExpenses": 48137000, "otherExpenses": 2371000, "operatingExpenses": 50508000, "costAndExpenses": 554416000, "interestIncome": 0, "interestExpense": 2171000, "depreciationAndAmortization": 2371000, "ebitda": 42886000, "ebitdaratio": 0.0720856704, "operatingIncome": 40945000, "operatingIncomeRatio": 0.0688231072, "totalOtherIncomeExpensesNet": 430000, "incomeBeforeTax": 38774000, "incomeBeforeTaxRatio": 0.0651739445, "incomeTaxExpense": 14734000, "netIncome": 24040000, "netIncomeRatio": 0.0404080473, "eps": 1, "epsdiluted": 0.99, "weightedAverageShsOut": 24149250, "weightedAverageShsOutDil": 24268500, "link": "https://www.sec.gov/Archives/edgar/data/76605/000143774914004258/0001437749-14-004258-index.htm", "finalLink": "https://www.sec.gov/Archives/edgar/data/76605/000143774914004258/patk20131231_10k.htm", "calculatedOtherExpenses": 1941000, "calculatedOperatingExpenses": 50078000, "calculatedNetInterest": -2171000, "calculatedOtherIncome": 0, "calculatedIncomeNonControlling": 0, "calculatedEbitda": 43316000}, {"date": "2012-12-31", "symbol": "PATK", "reportedCurrency": "USD", "cik": "0000076605", "fillingDate": "2013-03-29", "acceptedDate": "2013-03-29 16:36:23", "calendarYear": "2012", "period": "FY", "revenue": 437367000, "costOfRevenue": 371623000, "grossProfit": 65744000, "grossProfitRatio": 0.1503176966, "researchAndDevelopmentExpenses": 0, "generalAndAdministrativeExpenses": 21637000, "sellingAndMarketingExpenses": 15782000, "sellingGeneralAndAdministrativeExpenses": 37419000, "otherExpenses": 1523000, "operatingExpenses": 38942000, "costAndExpenses": 410565000, "interestIncome": 0, "interestExpense": 4037000, "depreciationAndAmortization": 1523000, "ebitda": 28325000, "ebitdaratio": 0.064762545, "operatingIncome": 27040000, "operatingIncomeRatio": 0.0618245089, "totalOtherIncomeExpensesNet": -1493000, "incomeBeforeTax": 21272000, "incomeBeforeTaxRatio": 0.0486364998, "incomeTaxExpense": -6823000, "netIncome": 28095000, "netIncomeRatio": 0.0642366708, "eps": 1.18, "epsdiluted": 1.17, "weightedAverageShsOut": 23755500, "weightedAverageShsOutDil": 23933250, "link": "https://www.sec.gov/Archives/edgar/data/76605/000114036113014593/0001140361-13-014593-index.htm", "finalLink": "https://www.sec.gov/Archives/edgar/data/76605/000114036113014593/form10k.htm", "calculatedOtherExpenses": 1285000, "calculatedOperatingExpenses": 38704000, "calculatedNetInterest": -4037000, "calculatedOtherIncome": -1731000, "calculatedIncomeNonControlling": 0, "calculatedEbitda": 28563000}, {"date": "2011-12-31", "symbol": "PATK", "reportedCurrency": "USD", "cik": "0000076605", "fillingDate": "2012-03-29", "acceptedDate": "2012-03-29 15:44:32", "calendarYear": "2011", "period": "FY", "revenue": 307822000, "costOfRevenue": 263514000, "grossProfit": 44308000, "grossProfitRatio": 0.1439403292, "researchAndDevelopmentExpenses": 0, "generalAndAdministrativeExpenses": 16603000, "sellingAndMarketingExpenses": 13645000, "sellingGeneralAndAdministrativeExpenses": 30248000, "otherExpenses": 829000, "operatingExpenses": 31077000, "costAndExpenses": 294591000, "interestIncome": 0, "interestExpense": 4469000, "depreciationAndAmortization": 4916000, "ebitda": 18147000, "ebitdaratio": 0.0589529014, "operatingIncome": 13475000, "operatingIncomeRatio": 0.0437752987, "totalOtherIncomeExpensesNet": -455000, "incomeBeforeTax": 8307000, "incomeBeforeTaxRatio": 0.0269863752, "incomeTaxExpense": -163000, "netIncome": 8470000, "netIncomeRatio": 0.027515902, "eps": 0.39, "epsdiluted": 0.37, "weightedAverageShsOut": 21953250, "weightedAverageShsOutDil": 22851000, "link": "https://www.sec.gov/Archives/edgar/data/76605/000114036112018064/0001140361-12-018064-index.htm", "finalLink": "https://www.sec.gov/Archives/edgar/data/76605/000114036112018064/form10k.htm", "calculatedOtherExpenses": 585000, "calculatedOperatingExpenses": 30833000, "calculatedNetInterest": -4469000, "calculatedOtherIncome": -699000, "calculatedIncomeNonControlling": 0, "calculatedEbitda": 18391000}, {"date": "2010-12-31", "symbol": "PATK", "reportedCurrency": "USD", "cik": "0000076605", "fillingDate": "2011-03-30", "acceptedDate": "2011-03-30 16:57:35", "calendarYear": "2010", "period": "FY", "revenue": 278232000, "costOfRevenue": 248594000, "grossProfit": 29638000, "grossProfitRatio": 0.1065226142, "researchAndDevelopmentExpenses": 0, "generalAndAdministrativeExpenses": 13835000, "sellingAndMarketingExpenses": 11699000, "sellingGeneralAndAdministrativeExpenses": 25534000, "otherExpenses": 564000, "operatingExpenses": 26098000, "costAndExpenses": 274692000, "interestIncome": 0, "interestExpense": 5522000, "depreciationAndAmortization": 4970000, "ebitda": 8510000, "ebitdaratio": 0.0305859858, "operatingIncome": 6406000, "operatingIncomeRatio": 0.0230239512, "totalOtherIncomeExpensesNet": 3127000, "incomeBeforeTax": 1145000, "incomeBeforeTaxRatio": 0.0041152707, "incomeTaxExpense": -81000, "netIncome": 1226000, "netIncomeRatio": 0.0044063947, "eps": 0.0578, "epsdiluted": 0.0533, "weightedAverageShsOut": 21039750, "weightedAverageShsOutDil": 22191750, "link": "https://www.sec.gov/Archives/edgar/data/76605/000114036111019493/0001140361-11-019493-index.htm", "finalLink": "https://www.sec.gov/Archives/edgar/data/76605/000114036111019493/form10k.htm", "calculatedOtherExpenses": -2302000, "calculatedOperatingExpenses": 23232000, "calculatedNetInterest": -5522000, "calculatedOtherIncome": 261000, "calculatedIncomeNonControlling": 0, "calculatedEbitda": 11376000}, {"date": "2009-12-31", "symbol": "PATK", "reportedCurrency": "USD", "cik": "0000076605", "fillingDate": "2010-03-30", "acceptedDate": "2010-03-30 17:00:39", "calendarYear": "2009", "period": "FY", "revenue": 212522000, "costOfRevenue": 189643000, "grossProfit": 22879000, "grossProfitRatio": 0.1076547369, "researchAndDevelopmentExpenses": 0, "generalAndAdministrativeExpenses": 0, "sellingAndMarketingExpenses": 0, "sellingGeneralAndAdministrativeExpenses": 22380000, "otherExpenses": -848000, "operatingExpenses": 21532000, "costAndExpenses": 211175000, "interestIncome": 0, "interestExpense": 6442000, "depreciationAndAmortization": 353000, "ebitda": 1700000, "ebitdaratio": 0.0079991719, "operatingIncome": 1347000, "operatingIncomeRatio": 0.0063381673, "totalOtherIncomeExpensesNet": -817000, "incomeBeforeTax": -5912000, "incomeBeforeTaxRatio": -0.0278182965, "incomeTaxExpense": -469000, "netIncome": -4521000, "netIncomeRatio": -0.0212730917, "eps": -0.22, "epsdiluted": -0.22, "weightedAverageShsOut": 20695500, "weightedAverageShsOutDil": 20695500, "link": "https://www.sec.gov/Archives/edgar/data/76605/000091476010000037/0000914760-10-000037-index.htm", "finalLink": "https://www.sec.gov/Archives/edgar/data/76605/000091476010000037/p02534_x10k09.htm", "calculatedOtherExpenses": -848000, "calculatedOperatingExpenses": 21532000, "calculatedNetInterest": -6442000, "calculatedOtherIncome": -817000, "calculatedIncomeNonControlling": -922000, "calculatedEbitda": 1700000}, {"date": "2008-12-31", "symbol": "PATK", "reportedCurrency": "USD", "cik": "0000076605", "fillingDate": "2009-04-15", "acceptedDate": "2009-04-15 17:16:56", "calendarYear": "2008", "period": "FY", "revenue": 325151000, "costOfRevenue": 297912000, "grossProfit": 27239000, "grossProfitRatio": 0.0837733853, "researchAndDevelopmentExpenses": 0, "generalAndAdministrativeExpenses": 0, "sellingAndMarketingExpenses": 0, "sellingGeneralAndAdministrativeExpenses": 43392000, "otherExpenses": 53877000, "operatingExpenses": 97269000, "costAndExpenses": 395181000, "interestIncome": 0, "interestExpense": 6377000, "depreciationAndAmortization": 8073000, "ebitda": -9594000, "ebitdaratio": -0.0295062909, "operatingIncome": -70232000, "operatingIncomeRatio": -0.2159981055, "totalOtherIncomeExpensesNet": -52363000, "incomeBeforeTax": -76609000, "incomeBeforeTaxRatio": -0.2356105317, "incomeTaxExpense": -9952000, "netIncome": -71507000, "netIncomeRatio": -0.2199193605, "eps": -3.97, "epsdiluted": -3.97, "weightedAverageShsOut": 18020250, "weightedAverageShsOutDil": 18020250, "link": "https://www.sec.gov/Archives/edgar/data/76605/000091476009000078/0000914760-09-000078-index.htm", "finalLink": "https://www.sec.gov/Archives/edgar/data/76605/000091476009000078/p02534_k2008.htm", "calculatedOtherExpenses": 54079000, "calculatedOperatingExpenses": 97471000, "calculatedNetInterest": -6377000, "calculatedOtherIncome": 0, "calculatedIncomeNonControlling": 4850000, "calculatedEbitda": -62159000}, {"date": "2007-12-31", "symbol": "PATK", "reportedCurrency": "USD", "cik": "0000076605", "fillingDate": "2008-03-31", "acceptedDate": "2008-03-31 17:28:03", "calendarYear": "2007", "period": "FY", "revenue": 435203000, "costOfRevenue": 384743000, "grossProfit": 50460000, "grossProfitRatio": 0.1159458919, "researchAndDevelopmentExpenses": 0, "generalAndAdministrativeExpenses": 0, "sellingAndMarketingExpenses": 0, "sellingGeneralAndAdministrativeExpenses": 49223000, "otherExpenses": -1180000, "operatingExpenses": 48043000, "costAndExpenses": 432786000, "interestIncome": 0, "interestExpense": 6529000, "depreciationAndAmortization": 6748000, "ebitda": 11529000, "ebitdaratio": 0.0264910858, "operatingIncome": -2128000, "operatingIncomeRatio": -0.0048896722, "totalOtherIncomeExpensesNet": -2364000, "incomeBeforeTax": -8657000, "incomeBeforeTaxRatio": -0.0198918666, "incomeTaxExpense": -2814000, "netIncome": -5843000, "netIncomeRatio": -0.0134259185, "eps": -0.46, "epsdiluted": -0.46, "weightedAverageShsOut": 12719250, "weightedAverageShsOutDil": 12719250, "link": "https://www.sec.gov/Archives/edgar/data/76605/000091476008000059/0000914760-08-000059-index.htm", "finalLink": "https://www.sec.gov/Archives/edgar/data/76605/000091476008000059/p02534_k08a.htm", "calculatedOtherExpenses": 3365000, "calculatedOperatingExpenses": 52588000, "calculatedNetInterest": -6529000, "calculatedOtherIncome": 0, "calculatedIncomeNonControlling": 0, "calculatedEbitda": 4620000}, {"date": "2006-12-31", "symbol": "PATK", "reportedCurrency": "USD", "cik": "0000076605", "fillingDate": "2007-04-02", "acceptedDate": "2007-04-02 17:06:33", "calendarYear": "2006", "period": "FY", "revenue": 347629000, "costOfRevenue": 305566000, "grossProfit": 42063000, "grossProfitRatio": 0.1209996864, "researchAndDevelopmentExpenses": 0, "generalAndAdministrativeExpenses": 0, "sellingAndMarketingExpenses": 0, "sellingGeneralAndAdministrativeExpenses": 35909000, "otherExpenses": 0, "operatingExpenses": 35909000, "costAndExpenses": 341475000, "interestIncome": 0, "interestExpense": 1631000, "depreciationAndAmortization": 4086000, "ebitda": 10240000, "ebitdaratio": 0.0294566909, "operatingIncome": 6154000, "operatingIncomeRatio": 0.0177027808, "totalOtherIncomeExpensesNet": -1631000, "incomeBeforeTax": 4523000, "incomeBeforeTaxRatio": 0.0130109974, "incomeTaxExpense": 1894000, "netIncome": 2629000, "netIncomeRatio": 0.0075626602, "eps": 0.24, "epsdiluted": 0.24, "weightedAverageShsOut": 10954167, "weightedAverageShsOutDil": 11160849, "link": "https://www.sec.gov/Archives/edgar/data/76605/000091476007000050/0000914760-07-000050-index.htm", "finalLink": "https://www.sec.gov/Archives/edgar/data/76605/000091476007000050/p02534_k07.htm", "calculatedOtherExpenses": 0, "calculatedOperatingExpenses": 35909000, "calculatedNetInterest": -1631000, "calculatedOtherIncome": 0, "calculatedIncomeNonControlling": 0, "calculatedEbitda": 10240000}, {"date": "2005-12-31", "symbol": "PATK", "reportedCurrency": "USD", "cik": "0000076605", "fillingDate": "2006-03-28", "acceptedDate": "2006-03-28 10:03:27", "calendarYear": "2005", "period": "FY", "revenue": 323400000, "costOfRevenue": 285260000, "grossProfit": 38140000, "grossProfitRatio": 0.1179344465, "researchAndDevelopmentExpenses": 0, "generalAndAdministrativeExpenses": 0, "sellingAndMarketingExpenses": 0, "sellingGeneralAndAdministrativeExpenses": 34304000, "otherExpenses": 0, "operatingExpenses": 34304000, "costAndExpenses": 319564000, "interestIncome": 0, "interestExpense": 0, "depreciationAndAmortization": 4412000, "ebitda": 8248000, "ebitdaratio": 0.0255040198, "operatingIncome": 3836000, "operatingIncomeRatio": 0.0118614719, "totalOtherIncomeExpensesNet": -1396000, "incomeBeforeTax": 2440000, "incomeBeforeTaxRatio": 0.0075448361, "incomeTaxExpense": 1016000, "netIncome": 1424000, "netIncomeRatio": 0.0044032158, "eps": 0.13, "epsdiluted": 0.13, "weightedAverageShsOut": 10680000, "weightedAverageShsOutDil": 10680000, "link": "https://www.sec.gov/Archives/edgar/data/76605/000091476006000072/0000914760-06-000072-index.htm", "finalLink": "https://www.sec.gov/Archives/edgar/data/76605/000091476006000072/p02534_10k06.htm", "calculatedOtherExpenses": 0, "calculatedOperatingExpenses": 34304000, "calculatedNetInterest": 0, "calculatedOtherIncome": -1396000, "calculatedIncomeNonControlling": 0, "calculatedEbitda": 8248000}, {"date": "2004-12-31", "symbol": "PATK", "reportedCurrency": "USD", "cik": "0000076605", "fillingDate": "2005-03-31", "acceptedDate": "2005-03-31 15:47:11", "calendarYear": "2004", "period": "FY", "revenue": 301554460, "costOfRevenue": 265674780, "grossProfit": 35879680, "grossProfitRatio": 0.1189824219, "researchAndDevelopmentExpenses": 0, "generalAndAdministrativeExpenses": 0, "sellingAndMarketingExpenses": 0, "sellingGeneralAndAdministrativeExpenses": 34207620, "otherExpenses": 0, "operatingExpenses": 34207620, "costAndExpenses": 299882400, "interestIncome": 0, "interestExpense": 0, "depreciationAndAmortization": 4941831, "ebitda": 6613891, "ebitdaratio": 0.0219326585, "operatingIncome": 1672060, "operatingIncomeRatio": 0.0055448028, "totalOtherIncomeExpensesNet": -670245, "incomeBeforeTax": 1001815, "incomeBeforeTaxRatio": 0.0033221694, "incomeTaxExpense": 400000, "netIncome": 600815, "netIncomeRatio": 0.001992393, "eps": 0.0578, "epsdiluted": 0.0578, "weightedAverageShsOut": 10401923, "weightedAverageShsOutDil": 10401923, "link": "https://www.sec.gov/Archives/edgar/data/76605/000091476005000095/0000914760-05-000095-index.htm", "finalLink": "https://www.sec.gov/Archives/edgar/data/76605/000091476005000095/p02534_10k.txt", "calculatedOtherExpenses": 0, "calculatedOperatingExpenses": 34207620, "calculatedNetInterest": 0, "calculatedOtherIncome": -670245, "calculatedIncomeNonControlling": 1000, "calculatedEbitda": 6613891}, {"date": "2003-12-31", "symbol": "PATK", "reportedCurrency": "USD", "cik": "0000076605", "fillingDate": "2004-03-29", "acceptedDate": "2004-03-29 16:18:57", "calendarYear": "2003", "period": "FY", "revenue": 274681995, "costOfRevenue": 242498880, "grossProfit": 32183115, "grossProfitRatio": 0.1171649966, "researchAndDevelopmentExpenses": 0, "generalAndAdministrativeExpenses": 0, "sellingAndMarketingExpenses": 0, "sellingGeneralAndAdministrativeExpenses": 31359120, "otherExpenses": 0, "operatingExpenses": 31359120, "costAndExpenses": 273858000, "interestIncome": 0, "interestExpense": 0, "depreciationAndAmortization": 5897051, "ebitda": 6956046, "ebitdaratio": 0.0253239969, "operatingIncome": 588995, "operatingIncomeRatio": 0.0021442796, "totalOtherIncomeExpensesNet": -235000, "incomeBeforeTax": -90650, "incomeBeforeTaxRatio": -0.000330018, "incomeTaxExpense": -35200, "netIncome": -55450, "netIncomeRatio": -0.0002018698, "eps": -0.0044, "epsdiluted": -0.0044, "weightedAverageShsOut": 12476250, "weightedAverageShsOutDil": 12476250, "link": "https://www.sec.gov/Archives/edgar/data/76605/000091476004000051/0000914760-04-000051-index.htm", "finalLink": "https://www.sec.gov/Archives/edgar/data/76605/000091476004000051/p02534_10k04.txt", "calculatedOtherExpenses": 235000, "calculatedOperatingExpenses": 31594120, "calculatedNetInterest": 0, "calculatedOtherIncome": -679645, "calculatedIncomeNonControlling": 0, "calculatedEbitda": 6486046}, {"date": "2002-12-31", "symbol": "PATK", "reportedCurrency": "USD", "cik": "0000076605", "fillingDate": "2003-03-31", "acceptedDate": "2003-03-31 16:01:37", "calendarYear": "2002", "period": "FY", "revenue": 308754982, "costOfRevenue": 269561768, "grossProfit": 39193214, "grossProfitRatio": 0.1269395355, "researchAndDevelopmentExpenses": 0, "generalAndAdministrativeExpenses": 0, "sellingAndMarketingExpenses": 0, "sellingGeneralAndAdministrativeExpenses": 37875155, "otherExpenses": 0, "operatingExpenses": 37875155, "costAndExpenses": 307436923, "interestIncome": 0, "interestExpense": 0, "depreciationAndAmortization": 6295388, "ebitda": 7882627, "ebitdaratio": 0.0255303637, "operatingIncome": 1048879, "operatingIncomeRatio": 0.0033971241, "totalOtherIncomeExpensesNet": -269180, "incomeBeforeTax": 157620, "incomeBeforeTaxRatio": 0.0005105019, "incomeTaxExpense": 63100, "netIncome": 94520, "netIncomeRatio": 0.0003061327, "eps": 0.0089, "epsdiluted": 0.0089, "weightedAverageShsOut": 10633500, "weightedAverageShsOutDil": 10633500, "link": "https://www.sec.gov/Archives/edgar/data/76605/000091476003000054/0000914760-03-000054-index.htm", "finalLink": "https://www.sec.gov/Archives/edgar/data/76605/000091476003000054/p02534_k02.txt", "calculatedOtherExpenses": 269180, "calculatedOperatingExpenses": 38144335, "calculatedNetInterest": 0, "calculatedOtherIncome": -891259, "calculatedIncomeNonControlling": 0, "calculatedEbitda": 7344267}, {"date": "2001-12-31", "symbol": "PATK", "reportedCurrency": "USD", "cik": "0000076605", "fillingDate": "2002-03-29", "acceptedDate": "2002-03-29 00:00:00", "calendarYear": "2001", "period": "FY", "revenue": 293070216, "costOfRevenue": 259057716, "grossProfit": 34012500, "grossProfitRatio": 0.1160558055, "researchAndDevelopmentExpenses": 0, "generalAndAdministrativeExpenses": 42167493, "sellingAndMarketingExpenses": 0, "sellingGeneralAndAdministrativeExpenses": 42167493, "otherExpenses": 0, "operatingExpenses": 42167493, "costAndExpenses": 301225209, "interestIncome": 0, "interestExpense": 0, "depreciationAndAmortization": 7512286, "ebitda": -219090, "ebitdaratio": -0.0007475683, "operatingIncome": -8578610, "operatingIncomeRatio": -0.0292715176, "totalOtherIncomeExpensesNet": -423617, "incomeBeforeTax": -9540410, "incomeBeforeTaxRatio": -0.032553325, "incomeTaxExpense": -3769000, "netIncome": -5771410, "netIncomeRatio": -0.0196929257, "eps": -0.57, "epsdiluted": -0.57, "weightedAverageShsOut": 10145057, "weightedAverageShsOutDil": 10145057, "link": "https://www.sec.gov/Archives/edgar/data/76605/000091476002000044/0000914760-02-000044-index.htm", "finalLink": "https://www.sec.gov/Archives/edgar/data/76605/000091476002000044/p02534k02.txt", "calculatedOtherExpenses": 423617, "calculatedOperatingExpenses": 42591110, "calculatedNetInterest": 0, "calculatedOtherIncome": -961800, "calculatedIncomeNonControlling": 0, "calculatedEbitda": -1066324}, {"date": "2000-12-31", "symbol": "PATK", "reportedCurrency": "USD", "cik": "0000076605", "fillingDate": "2001-04-02", "acceptedDate": "2001-04-02 00:00:00", "calendarYear": "2000", "period": "FY", "revenue": 361620206, "costOfRevenue": 311478189, "grossProfit": 50142017, "grossProfitRatio": 0.1386593342, "researchAndDevelopmentExpenses": 0, "generalAndAdministrativeExpenses": 40380956, "sellingAndMarketingExpenses": 0, "sellingGeneralAndAdministrativeExpenses": 40380956, "otherExpenses": 8237025, "operatingExpenses": 48617981, "costAndExpenses": 360096170, "interestIncome": 0, "interestExpense": 0, "depreciationAndAmortization": 8237025, "ebitda": 17415822, "ebitdaratio": 0.0481605334, "operatingIncome": 1524036, "operatingIncomeRatio": 0.0042144658, "totalOtherIncomeExpensesNet": -7654761, "incomeBeforeTax": -7354870, "incomeBeforeTaxRatio": -0.0203386588, "incomeTaxExpense": -2821000, "netIncome": -4533870, "netIncomeRatio": -0.0125376567, "eps": -0.4, "epsdiluted": -0.4, "weightedAverageShsOut": 11462031, "weightedAverageShsOutDil": 11462031, "link": "https://www.sec.gov/Archives/edgar/data/76605/000091476001000057/0000914760-01-000057-index.htm", "finalLink": "https://www.sec.gov/Archives/edgar/data/76605/000091476001000057/0000914760-01-000057-0001.txt", "calculatedOtherExpenses": 8237025, "calculatedOperatingExpenses": 48617981, "calculatedNetInterest": 0, "calculatedOtherIncome": -8878906, "calculatedIncomeNonControlling": 0, "calculatedEbitda": 9761061}, {"date": "1999-12-31", "symbol": "PATK", "reportedCurrency": "USD", "cik": "0000076605", "fillingDate": "2000-03-30", "acceptedDate": "2000-03-30 00:00:00", "calendarYear": "1999", "period": "FY", "revenue": 457356260, "costOfRevenue": 391113228, "grossProfit": 66243032, "grossProfitRatio": 0.1448390189, "researchAndDevelopmentExpenses": 0, "generalAndAdministrativeExpenses": 43772337, "sellingAndMarketingExpenses": 0, "sellingGeneralAndAdministrativeExpenses": 43772337, "otherExpenses": 8904059, "operatingExpenses": 52676396, "costAndExpenses": 443789624, "interestIncome": 0, "interestExpense": 0, "depreciationAndAmortization": 8904059, "ebitda": 22470695, "ebitdaratio": 0.0491317097, "operatingIncome": 13566636, "operatingIncomeRatio": 0.0296631689, "totalOtherIncomeExpensesNet": -1393346, "incomeBeforeTax": 12173290, "incomeBeforeTaxRatio": 0.0266166467, "incomeTaxExpense": 4769000, "netIncome": 7404290, "netIncomeRatio": 0.0161893269, "eps": 0.58, "epsdiluted": 0.57, "weightedAverageShsOut": 12815117, "weightedAverageShsOutDil": 12914459, "link": "https://www.sec.gov/Archives/edgar/data/76605/000091476000000077/0000914760-00-000077-index.html", "finalLink": "https://www.sec.gov/Archives/edgar/data/76605/000091476000000077/", "calculatedOtherExpenses": 8904059, "calculatedOperatingExpenses": 52676396, "calculatedNetInterest": 0, "calculatedOtherIncome": -1393346, "calculatedIncomeNonControlling": 0, "calculatedEbitda": 22470695}, {"date": "1998-12-31", "symbol": "PATK", "reportedCurrency": "USD", "cik": "0000076605", "fillingDate": "1999-03-31", "acceptedDate": "1999-03-31 00:00:00", "calendarYear": "1998", "period": "FY", "revenue": 453500000, "costOfRevenue": 386400000, "grossProfit": 67100000, "grossProfitRatio": 0.1479603087, "researchAndDevelopmentExpenses": 0, "generalAndAdministrativeExpenses": 42900000, "sellingAndMarketingExpenses": 0, "sellingGeneralAndAdministrativeExpenses": 42900000, "otherExpenses": 7600000, "operatingExpenses": 50500000, "costAndExpenses": 436900000, "interestIncome": 0, "interestExpense": 0, "depreciationAndAmortization": 7600000, "ebitda": 24200000, "ebitdaratio": 0.0533627343, "operatingIncome": 16600000, "operatingIncomeRatio": 0.0366041896, "totalOtherIncomeExpensesNet": -1100000, "incomeBeforeTax": 15500000, "incomeBeforeTaxRatio": 0.0341786108, "incomeTaxExpense": 6200000, "netIncome": 9300000, "netIncomeRatio": 0.0205071665, "eps": 0.7, "epsdiluted": 0.7, "weightedAverageShsOut": 13243671, "weightedAverageShsOutDil": 13328025, "link": "https://www.sec.gov/Archives/edgar/data/76605/000091476099000081/0000914760-99-000081-index.html", "finalLink": "https://www.sec.gov/Archives/edgar/data/76605/", "calculatedOtherExpenses": 7600000, "calculatedOperatingExpenses": 50500000, "calculatedNetInterest": 0, "calculatedOtherIncome": -1100000, "calculatedIncomeNonControlling": 0, "calculatedEbitda": 24200000}, {"date": "1997-12-31", "symbol": "PATK", "reportedCurrency": "USD", "cik": "0000076605", "fillingDate": "1998-03-30", "acceptedDate": "1998-03-30 00:00:00", "calendarYear": "1997", "period": "FY", "revenue": 410600000, "costOfRevenue": 352600000, "grossProfit": 58000000, "grossProfitRatio": 0.1412566975, "researchAndDevelopmentExpenses": 0, "generalAndAdministrativeExpenses": 37300000, "sellingAndMarketingExpenses": 0, "sellingGeneralAndAdministrativeExpenses": 37300000, "otherExpenses": 5800000, "operatingExpenses": 43100000, "costAndExpenses": 395700000, "interestIncome": 0, "interestExpense": 0, "depreciationAndAmortization": 5800000, "ebitda": 20700000, "ebitdaratio": 0.0504140283, "operatingIncome": 14900000, "operatingIncomeRatio": 0.0362883585, "totalOtherIncomeExpensesNet": -1200000, "incomeBeforeTax": 13700000, "incomeBeforeTaxRatio": 0.0333658061, "incomeTaxExpense": 5400000, "netIncome": 8300000, "netIncomeRatio": 0.0202143205, "eps": 0.62, "epsdiluted": 0.62, "weightedAverageShsOut": 13339286, "weightedAverageShsOutDil": 13435252, "link": "https://www.sec.gov/Archives/edgar/data/76605/000091476098000073/0000914760-98-000073-index.html", "finalLink": "https://www.sec.gov/Archives/edgar/data/76605/", "calculatedOtherExpenses": 5800000, "calculatedOperatingExpenses": 43100000, "calculatedNetInterest": 0, "calculatedOtherIncome": -1200000, "calculatedIncomeNonControlling": 0, "calculatedEbitda": 20700000}, {"date": "1996-12-31", "symbol": "PATK", "reportedCurrency": "USD", "cik": "0000076605", "fillingDate": "1997-03-26", "acceptedDate": "1997-03-26 00:00:00", "calendarYear": "1996", "period": "FY", "revenue": 403500000, "costOfRevenue": 345600000, "grossProfit": 57900000, "grossProfitRatio": 0.1434944238, "researchAndDevelopmentExpenses": 0, "generalAndAdministrativeExpenses": 34600000, "sellingAndMarketingExpenses": 0, "sellingGeneralAndAdministrativeExpenses": 34600000, "otherExpenses": 4500000, "operatingExpenses": 39100000, "costAndExpenses": 384700000, "interestIncome": 0, "interestExpense": 0, "depreciationAndAmortization": 4500000, "ebitda": 23300000, "ebitdaratio": 0.0577447336, "operatingIncome": 18800000, "operatingIncomeRatio": 0.0465923172, "totalOtherIncomeExpensesNet": -1100000, "incomeBeforeTax": 17700000, "incomeBeforeTaxRatio": 0.043866171, "incomeTaxExpense": 6900000, "netIncome": 10800000, "netIncomeRatio": 0.0267657993, "eps": 0.8, "epsdiluted": 0.8, "weightedAverageShsOut": 13425414, "weightedAverageShsOutDil": 13500000, "link": "https://www.sec.gov/Archives/edgar/data/76605/0000914760-97-000062-index.html", "finalLink": "https://www.sec.gov/Archives/edgar/data/76605/0000914760-97-000062.txt", "calculatedOtherExpenses": 4500000, "calculatedOperatingExpenses": 39100000, "calculatedNetInterest": 0, "calculatedOtherIncome": -1100000, "calculatedIncomeNonControlling": 0, "calculatedEbitda": 23300000}, {"date": "1995-12-31", "symbol": "PATK", "reportedCurrency": "USD", "cik": "0000076605", "fillingDate": "1996-04-01", "acceptedDate": "1996-04-01 00:00:00", "calendarYear": "1995", "period": "FY", "revenue": 362500000, "costOfRevenue": 309200000, "grossProfit": 53300000, "grossProfitRatio": 0.1470344828, "researchAndDevelopmentExpenses": 0, "generalAndAdministrativeExpenses": 32000000, "sellingAndMarketingExpenses": 0, "sellingGeneralAndAdministrativeExpenses": 32000000, "otherExpenses": 3600000, "operatingExpenses": 35600000, "costAndExpenses": 344800000, "interestIncome": 0, "interestExpense": 0, "depreciationAndAmortization": 3600000, "ebitda": 21300000, "ebitdaratio": 0.0587586207, "operatingIncome": 17700000, "operatingIncomeRatio": 0.0488275862, "totalOtherIncomeExpensesNet": -1300000, "incomeBeforeTax": 16400000, "incomeBeforeTaxRatio": 0.0452413793, "incomeTaxExpense": 6300000, "netIncome": 10100000, "netIncomeRatio": 0.027862069, "eps": 0.76, "epsdiluted": 0.76, "weightedAverageShsOut": 13367647, "weightedAverageShsOutDil": 13367647, "link": "https://www.sec.gov/Archives/edgar/data/76605/000091476096000053/0000914760-96-000053-index.html", "finalLink": "https://www.sec.gov/Archives/edgar/data/76605/", "calculatedOtherExpenses": 3600000, "calculatedOperatingExpenses": 35600000, "calculatedNetInterest": 0, "calculatedOtherIncome": -1300000, "calculatedIncomeNonControlling": 0, "calculatedEbitda": 21300000}, {"date": "1994-12-31", "symbol": "PATK", "reportedCurrency": "USD", "cik": "0000076605", "fillingDate": "1994-12-31", "acceptedDate": "1994-12-30 19:00:00", "calendarYear": "1994", "period": "FY", "revenue": 331000000, "costOfRevenue": 285800000, "grossProfit": 45200000, "grossProfitRatio": 0.1365558912, "researchAndDevelopmentExpenses": 0, "generalAndAdministrativeExpenses": 0, "sellingAndMarketingExpenses": 0, "sellingGeneralAndAdministrativeExpenses": 26900000, "otherExpenses": 2900000, "operatingExpenses": 29800000, "costAndExpenses": 315600000, "interestIncome": 0, "interestExpense": 0, "depreciationAndAmortization": 2900000, "ebitda": 18300000, "ebitdaratio": 0.0552870091, "operatingIncome": 15400000, "operatingIncomeRatio": 0.0465256798, "totalOtherIncomeExpensesNet": -900000, "incomeBeforeTax": 14500000, "incomeBeforeTaxRatio": 0.0438066465, "incomeTaxExpense": 5600000, "netIncome": 8900000, "netIncomeRatio": 0.0268882175, "eps": 0.65, "epsdiluted": 0.65, "weightedAverageShsOut": 13715753, "weightedAverageShsOutDil": 13715753, "link": "", "finalLink": "", "calculatedOtherExpenses": 2900000, "calculatedOperatingExpenses": 29800000, "calculatedNetInterest": 0, "calculatedOtherIncome": -900000, "calculatedIncomeNonControlling": 0, "calculatedEbitda": 18300000}, {"date": "1993-12-31", "symbol": "PATK", "reportedCurrency": "USD", "cik": "0000076605", "fillingDate": "1993-12-31", "acceptedDate": "1993-12-30 19:00:00", "calendarYear": "1993", "period": "FY", "revenue": 258600000, "costOfRevenue": 222400000, "grossProfit": 36200000, "grossProfitRatio": 0.1399845321, "researchAndDevelopmentExpenses": 0, "generalAndAdministrativeExpenses": 0, "sellingAndMarketingExpenses": 0, "sellingGeneralAndAdministrativeExpenses": 23300000, "otherExpenses": 2600000, "operatingExpenses": 25900000, "costAndExpenses": 248300000, "interestIncome": 0, "interestExpense": 0, "depreciationAndAmortization": 2600000, "ebitda": 12800000, "ebitdaratio": 0.0494972931, "operatingIncome": 10300000, "operatingIncomeRatio": 0.0398298531, "totalOtherIncomeExpensesNet": 100000, "incomeBeforeTax": 9400000, "incomeBeforeTaxRatio": 0.0363495746, "incomeTaxExpense": 3600000, "netIncome": 5800000, "netIncomeRatio": 0.0224284609, "eps": 0.25, "epsdiluted": 0.25, "weightedAverageShsOut": 13891500, "weightedAverageShsOutDil": 13891500, "link": "", "finalLink": "", "calculatedOtherExpenses": 2600000, "calculatedOperatingExpenses": 25900000, "calculatedNetInterest": 0, "calculatedOtherIncome": -900000, "calculatedIncomeNonControlling": 0, "calculatedEbitda": 12900000}, {"date": "1992-12-31", "symbol": "PATK", "reportedCurrency": "USD", "cik": "0000076605", "fillingDate": "1992-12-31", "acceptedDate": "1992-12-30 19:00:00", "calendarYear": "1992", "period": "FY", "revenue": 184300000, "costOfRevenue": 159700000, "grossProfit": 24600000, "grossProfitRatio": 0.133478025, "researchAndDevelopmentExpenses": 0, "generalAndAdministrativeExpenses": 0, "sellingAndMarketingExpenses": 0, "sellingGeneralAndAdministrativeExpenses": 18800000, "otherExpenses": 2500000, "operatingExpenses": 21300000, "costAndExpenses": 181000000, "interestIncome": 0, "interestExpense": 0, "depreciationAndAmortization": 2500000, "ebitda": 5800000, "ebitdaratio": 0.0314704286, "operatingIncome": 3300000, "operatingIncomeRatio": 0.0179055887, "totalOtherIncomeExpensesNet": -1200000, "incomeBeforeTax": 2100000, "incomeBeforeTaxRatio": 0.0113944655, "incomeTaxExpense": 800000, "netIncome": 1300000, "netIncomeRatio": 0.0070537168, "eps": 0.0474, "epsdiluted": 0.0474, "weightedAverageShsOut": 9702000, "weightedAverageShsOutDil": 9702000, "link": "", "finalLink": "", "calculatedOtherExpenses": 2500000, "calculatedOperatingExpenses": 21300000, "calculatedNetInterest": 0, "calculatedOtherIncome": -1200000, "calculatedIncomeNonControlling": 0, "calculatedEbitda": 5800000}, {"date": "1991-12-31", "symbol": "PATK", "reportedCurrency": "USD", "cik": "0000076605", "fillingDate": "1991-12-31", "acceptedDate": "1991-12-30 19:00:00", "calendarYear": "1991", "period": "FY", "revenue": 143000000, "costOfRevenue": 123100000, "grossProfit": 19900000, "grossProfitRatio": 0.1391608392, "researchAndDevelopmentExpenses": 0, "generalAndAdministrativeExpenses": 0, "sellingAndMarketingExpenses": 0, "sellingGeneralAndAdministrativeExpenses": 16100000, "otherExpenses": 2500000, "operatingExpenses": 18600000, "costAndExpenses": 141700000, "interestIncome": 0, "interestExpense": 0, "depreciationAndAmortization": 2500000, "ebitda": 3700000, "ebitdaratio": 0.0258741259, "operatingIncome": 1300000, "operatingIncomeRatio": 0.0090909091, "totalOtherIncomeExpensesNet": 100000, "incomeBeforeTax": -300000, "incomeBeforeTaxRatio": -0.0020979021, "incomeTaxExpense": -100000, "netIncome": -200000, "netIncomeRatio": -0.0013986014, "eps": -0.0208, "epsdiluted": -0.0208, "weightedAverageShsOut": 9634500, "weightedAverageShsOutDil": 9634500, "link": "", "finalLink": "", "calculatedOtherExpenses": 2500000, "calculatedOperatingExpenses": 18600000, "calculatedNetInterest": 0, "calculatedOtherIncome": -1600000, "calculatedIncomeNonControlling": 0, "calculatedEbitda": 3800000}, {"date": "1990-12-31", "symbol": "PATK", "reportedCurrency": "USD", "cik": "0000076605", "fillingDate": "1990-12-31", "acceptedDate": "1990-12-30 19:00:00", "calendarYear": "1990", "period": "FY", "revenue": 141900000, "costOfRevenue": 121600000, "grossProfit": 20300000, "grossProfitRatio": 0.1430584919, "researchAndDevelopmentExpenses": 0, "generalAndAdministrativeExpenses": 0, "sellingAndMarketingExpenses": 0, "sellingGeneralAndAdministrativeExpenses": 16100000, "otherExpenses": 2500000, "operatingExpenses": 18600000, "costAndExpenses": 140200000, "interestIncome": 0, "interestExpense": 0, "depreciationAndAmortization": 2500000, "ebitda": 3500000, "ebitdaratio": 0.0246652572, "operatingIncome": 1700000, "operatingIncomeRatio": 0.0119802678, "totalOtherIncomeExpensesNet": 700000, "incomeBeforeTax": 400000, "incomeBeforeTaxRatio": 0.0028188865, "incomeTaxExpense": 200000, "netIncome": 200000, "netIncomeRatio": 0.0014094433, "eps": 0.0089, "epsdiluted": 0.0089, "weightedAverageShsOut": 9796500, "weightedAverageShsOutDil": 9796500, "link": "", "finalLink": "", "calculatedOtherExpenses": 2500000, "calculatedOperatingExpenses": 18600000, "calculatedNetInterest": 0, "calculatedOtherIncome": -1300000, "calculatedIncomeNonControlling": 0, "calculatedEbitda": 4200000}, {"date": "1989-12-31", "symbol": "PATK", "reportedCurrency": "USD", "cik": "0000076605", "fillingDate": "1989-12-31", "acceptedDate": "1989-12-30 19:00:00", "calendarYear": "1989", "period": "FY", "revenue": 146900000, "costOfRevenue": 126600000, "grossProfit": 20300000, "grossProfitRatio": 0.1381892444, "researchAndDevelopmentExpenses": 0, "generalAndAdministrativeExpenses": 0, "sellingAndMarketingExpenses": 0, "sellingGeneralAndAdministrativeExpenses": 15300000, "otherExpenses": 2400000, "operatingExpenses": 17700000, "costAndExpenses": 144300000, "interestIncome": 0, "interestExpense": 0, "depreciationAndAmortization": 2400000, "ebitda": 4900000, "ebitdaratio": 0.0333560245, "operatingIncome": 2600000, "operatingIncomeRatio": 0.017699115, "totalOtherIncomeExpensesNet": 100000, "incomeBeforeTax": 800000, "incomeBeforeTaxRatio": 0.0054458816, "incomeTaxExpense": 300000, "netIncome": 500000, "netIncomeRatio": 0.003403676, "eps": 0.0163, "epsdiluted": 0.0163, "weightedAverageShsOut": 10039500, "weightedAverageShsOutDil": 10039500, "link": "", "finalLink": "", "calculatedOtherExpenses": 2400000, "calculatedOperatingExpenses": 17700000, "calculatedNetInterest": 0, "calculatedOtherIncome": -1800000, "calculatedIncomeNonControlling": 0, "calculatedEbitda": 5000000}, {"date": "1988-12-31", "symbol": "PATK", "reportedCurrency": "USD", "cik": "0000076605", "fillingDate": "1988-12-31", "acceptedDate": "1988-12-30 19:00:00", "calendarYear": "1988", "period": "FY", "revenue": 148100000, "costOfRevenue": 127200000, "grossProfit": 20900000, "grossProfitRatio": 0.1411208643, "researchAndDevelopmentExpenses": 0, "generalAndAdministrativeExpenses": 0, "sellingAndMarketingExpenses": 0, "sellingGeneralAndAdministrativeExpenses": 13900000, "otherExpenses": 2100000, "operatingExpenses": 16000000, "costAndExpenses": 143200000, "interestIncome": 0, "interestExpense": 0, "depreciationAndAmortization": 2100000, "ebitda": 6900000, "ebitdaratio": 0.0465901418, "operatingIncome": 4900000, "operatingIncomeRatio": 0.0330857529, "totalOtherIncomeExpensesNet": 100000, "incomeBeforeTax": 3500000, "incomeBeforeTaxRatio": 0.0236326806, "incomeTaxExpense": 1400000, "netIncome": 2100000, "netIncomeRatio": 0.0141796084, "eps": 0.0711, "epsdiluted": 0.0711, "weightedAverageShsOut": 10134000, "weightedAverageShsOutDil": 10134000, "link": "", "finalLink": "", "calculatedOtherExpenses": 2100000, "calculatedOperatingExpenses": 16000000, "calculatedNetInterest": 0, "calculatedOtherIncome": -1400000, "calculatedIncomeNonControlling": 0, "calculatedEbitda": 7000000}, {"date": "1987-12-31", "symbol": "PATK", "reportedCurrency": "USD", "cik": "0000076605", "fillingDate": "1987-12-31", "acceptedDate": "1987-12-30 19:00:00", "calendarYear": "1987", "period": "FY", "revenue": 127100000, "costOfRevenue": 109200000, "grossProfit": 17900000, "grossProfitRatio": 0.140833989, "researchAndDevelopmentExpenses": 0, "generalAndAdministrativeExpenses": 0, "sellingAndMarketingExpenses": 0, "sellingGeneralAndAdministrativeExpenses": 12800000, "otherExpenses": 1700000, "operatingExpenses": 14500000, "costAndExpenses": 123700000, "interestIncome": 0, "interestExpense": 0, "depreciationAndAmortization": 1700000, "ebitda": 4700000, "ebitdaratio": 0.0369787569, "operatingIncome": 3400000, "operatingIncomeRatio": 0.0267505901, "totalOtherIncomeExpensesNet": 400000, "incomeBeforeTax": 2700000, "incomeBeforeTaxRatio": 0.0212431157, "incomeTaxExpense": 1100000, "netIncome": 1600000, "netIncomeRatio": 0.012588513, "eps": 0.0471, "epsdiluted": 0.0471, "weightedAverageShsOut": 10390500, "weightedAverageShsOutDil": 10390500, "link": "", "finalLink": "", "calculatedOtherExpenses": 1700000, "calculatedOperatingExpenses": 14500000, "calculatedNetInterest": 0, "calculatedOtherIncome": -700000, "calculatedIncomeNonControlling": 0, "calculatedEbitda": 5100000}, {"date": "1986-12-31", "symbol": "PATK", "reportedCurrency": "USD", "cik": "0000076605", "fillingDate": "1986-12-31", "acceptedDate": "1986-12-30 19:00:00", "calendarYear": "1986", "period": "FY", "revenue": 120800000, "costOfRevenue": 103800000, "grossProfit": 17000000, "grossProfitRatio": 0.1407284768, "researchAndDevelopmentExpenses": 0, "generalAndAdministrativeExpenses": 0, "sellingAndMarketingExpenses": 0, "sellingGeneralAndAdministrativeExpenses": 12100000, "otherExpenses": 1500000, "operatingExpenses": 13600000, "costAndExpenses": 117400000, "interestIncome": 0, "interestExpense": 0, "depreciationAndAmortization": 1500000, "ebitda": 4600000, "ebitdaratio": 0.0380794702, "operatingIncome": 3400000, "operatingIncomeRatio": 0.0281456954, "totalOtherIncomeExpensesNet": 300000, "incomeBeforeTax": 2300000, "incomeBeforeTaxRatio": 0.0190397351, "incomeTaxExpense": 1000000, "netIncome": 1300000, "netIncomeRatio": 0.0107615894, "eps": 0.0391, "epsdiluted": 0.0391, "weightedAverageShsOut": 10390500, "weightedAverageShsOutDil": 10390500, "link": "", "finalLink": "", "calculatedOtherExpenses": 1500000, "calculatedOperatingExpenses": 13600000, "calculatedNetInterest": 0, "calculatedOtherIncome": -1100000, "calculatedIncomeNonControlling": 0, "calculatedEbitda": 4900000}, {"date": "1985-12-31", "symbol": "PATK", "reportedCurrency": "USD", "cik": "0000076605", "fillingDate": "1985-12-31", "acceptedDate": "1985-12-30 19:00:00", "calendarYear": "1985", "period": "FY", "revenue": 122100000, "costOfRevenue": 104400000, "grossProfit": 17700000, "grossProfitRatio": 0.144963145, "researchAndDevelopmentExpenses": 0, "generalAndAdministrativeExpenses": 0, "sellingAndMarketingExpenses": 0, "sellingGeneralAndAdministrativeExpenses": 13800000, "otherExpenses": 1300000, "operatingExpenses": 15100000, "costAndExpenses": 119500000, "interestIncome": 0, "interestExpense": 0, "depreciationAndAmortization": 1300000, "ebitda": 3600000, "ebitdaratio": 0.0294840295, "operatingIncome": 2600000, "operatingIncomeRatio": 0.0212940213, "totalOtherIncomeExpensesNet": 300000, "incomeBeforeTax": 2100000, "incomeBeforeTaxRatio": 0.0171990172, "incomeTaxExpense": 800000, "netIncome": 1300000, "netIncomeRatio": 0.0106470106, "eps": 0.0257, "epsdiluted": 0.0257, "weightedAverageShsOut": 8185500, "weightedAverageShsOutDil": 8185500, "link": "", "finalLink": "", "calculatedOtherExpenses": 1300000, "calculatedOperatingExpenses": 15100000, "calculatedNetInterest": 0, "calculatedOtherIncome": -500000, "calculatedIncomeNonControlling": 0, "calculatedEbitda": 3900000}]}