{"originalCurrency": "USD", "convertedCurrency": "USD", "report": [{"date": "2023-12-31", "symbol": "PAY", "reportedCurrency": "USD", "cik": "0001841156", "fillingDate": "2023-12-31", "acceptedDate": "2023-12-30 19:00:00", "calendarYear": "2023", "period": "FY", "revenue": 614490000, "costOfRevenue": 440528000, "grossProfit": 173962000, "grossProfitRatio": 0.2830998063, "researchAndDevelopmentExpenses": 44248000, "generalAndAdministrativeExpenses": 36005000, "sellingAndMarketingExpenses": 83996000, "sellingGeneralAndAdministrativeExpenses": 111621000, "otherExpenses": 0, "operatingExpenses": 155869000, "costAndExpenses": 596397000, "interestIncome": 0, "interestExpense": 0, "depreciationAndAmortization": 30600000, "ebitda": 48693000, "ebitdaratio": 0.0792413221, "operatingIncome": 18093000, "operatingIncomeRatio": 0.0294439291, "totalOtherIncomeExpensesNet": 7031000, "incomeBeforeTax": 25124000, "incomeBeforeTaxRatio": 0.0408859379, "incomeTaxExpense": 2802000, "netIncome": 22322000, "netIncomeRatio": 0.036326059, "eps": 0.18, "epsdiluted": 0.18, "weightedAverageShsOut": 123511608, "weightedAverageShsOutDil": 125071829, "link": null, "finalLink": null, "calculatedOtherExpenses": 0, "calculatedOperatingExpenses": 155869000, "calculatedNetInterest": 0, "calculatedOtherIncome": 7031000, "calculatedIncomeNonControlling": 0, "calculatedEbitda": 48693000}, {"date": "2022-12-31", "symbol": "PAY", "reportedCurrency": "USD", "cik": "0001841156", "fillingDate": "2023-03-03", "acceptedDate": "2023-03-03 16:08:32", "calendarYear": "2022", "period": "FY", "revenue": 497001000, "costOfRevenue": 347323000, "grossProfit": 149678000, "grossProfitRatio": 0.3011623719, "researchAndDevelopmentExpenses": 41220000, "generalAndAdministrativeExpenses": 38139000, "sellingAndMarketingExpenses": 73295000, "sellingGeneralAndAdministrativeExpenses": 111434000, "otherExpenses": 0, "operatingExpenses": 152654000, "costAndExpenses": 499977000, "interestIncome": 0, "interestExpense": 1663000, "depreciationAndAmortization": 24063000, "ebitda": 21082000, "ebitdaratio": 0.0424184257, "operatingIncome": -2981000, "operatingIncomeRatio": -0.0059979759, "totalOtherIncomeExpensesNet": 1673000, "incomeBeforeTax": -1308000, "incomeBeforeTaxRatio": -0.0026317854, "incomeTaxExpense": -795000, "netIncome": -513000, "netIncomeRatio": -0.0010321911, "eps": -0.0042, "epsdiluted": -0.0042, "weightedAverageShsOut": 122099437, "weightedAverageShsOutDil": 122099437, "link": "https://www.sec.gov/Archives/edgar/data/1841156/000095017023005995/0000950170-23-005995-index.htm", "finalLink": "https://www.sec.gov/Archives/edgar/data/1841156/000095017023005995/pay-20221231.htm", "calculatedOtherExpenses": 5000, "calculatedOperatingExpenses": 152659000, "calculatedNetInterest": -1663000, "calculatedOtherIncome": 3336000, "calculatedIncomeNonControlling": 0, "calculatedEbitda": 21082000}, {"date": "2021-12-31", "symbol": "PAY", "reportedCurrency": "USD", "cik": "0001841156", "fillingDate": "2022-03-03", "acceptedDate": "2022-03-03 16:38:56", "calendarYear": "2021", "period": "FY", "revenue": 395524000, "costOfRevenue": 274144000, "grossProfit": 121380000, "grossProfitRatio": 0.3068840323, "researchAndDevelopmentExpenses": 34122000, "generalAndAdministrativeExpenses": 32968000, "sellingAndMarketingExpenses": 43917000, "sellingGeneralAndAdministrativeExpenses": 76885000, "otherExpenses": 0, "operatingExpenses": 111007000, "costAndExpenses": 385151000, "interestIncome": 0, "interestExpense": 6000, "depreciationAndAmortization": 13295000, "ebitda": 23668000, "ebitdaratio": 0.0598396052, "operatingIncome": 10373000, "operatingIncomeRatio": 0.0262259686, "totalOtherIncomeExpensesNet": -7000, "incomeBeforeTax": 10366000, "incomeBeforeTaxRatio": 0.0262082705, "incomeTaxExpense": 1066000, "netIncome": 7042000, "netIncomeRatio": 0.0178042293, "eps": 0.0584, "epsdiluted": 0.0584, "weightedAverageShsOut": 120639161, "weightedAverageShsOutDil": 120639161, "link": "https://www.sec.gov/Archives/edgar/data/1841156/000095017022002823/0000950170-22-002823-index.htm", "finalLink": "https://www.sec.gov/Archives/edgar/data/1841156/000095017022002823/pay-20211231.htm", "calculatedOtherExpenses": 0, "calculatedOperatingExpenses": 111007000, "calculatedNetInterest": -6000, "calculatedOtherIncome": -1000, "calculatedIncomeNonControlling": 2258000, "calculatedEbitda": 23668000}, {"date": "2020-12-31", "symbol": "PAY", "reportedCurrency": "USD", "cik": "0001841156", "fillingDate": "2020-12-31", "acceptedDate": "2020-12-31 00:00:00", "calendarYear": "2020", "period": "FY", "revenue": 301767000, "costOfRevenue": 209140000, "grossProfit": 92627000, "grossProfitRatio": 0.3069487386, "researchAndDevelopmentExpenses": 24510000, "generalAndAdministrativeExpenses": 17847000, "sellingAndMarketingExpenses": 31842000, "sellingGeneralAndAdministrativeExpenses": 49689000, "otherExpenses": 0, "operatingExpenses": 74199000, "costAndExpenses": 283339000, "interestIncome": 52000, "interestExpense": 0, "depreciationAndAmortization": 8185000, "ebitda": 26613000, "ebitdaratio": 0.0881905576, "operatingIncome": 18428000, "operatingIncomeRatio": 0.0610669821, "totalOtherIncomeExpensesNet": -64000, "incomeBeforeTax": 18364000, "incomeBeforeTaxRatio": 0.060854898, "incomeTaxExpense": 4653000, "netIncome": 13711000, "netIncomeRatio": 0.045435717, "eps": 0.12, "epsdiluted": 0.12, "weightedAverageShsOut": 117479237, "weightedAverageShsOutDil": 117479237, "link": null, "finalLink": null, "calculatedOtherExpenses": 0, "calculatedOperatingExpenses": 74199000, "calculatedNetInterest": 52000, "calculatedOtherIncome": -116000, "calculatedIncomeNonControlling": 0, "calculatedEbitda": 26613000}, {"date": "2019-12-31", "symbol": "PAY", "reportedCurrency": "USD", "cik": "0001841156", "fillingDate": "2019-12-31", "acceptedDate": "2019-12-31 00:00:00", "calendarYear": "2019", "period": "FY", "revenue": 235778000, "costOfRevenue": 161344000, "grossProfit": 74434000, "grossProfitRatio": 0.3156952727, "researchAndDevelopmentExpenses": 17864000, "generalAndAdministrativeExpenses": 10210000, "sellingAndMarketingExpenses": 27989000, "sellingGeneralAndAdministrativeExpenses": 38199000, "otherExpenses": 0, "operatingExpenses": 56063000, "costAndExpenses": 217407000, "interestIncome": 106000, "interestExpense": 0, "depreciationAndAmortization": 5999000, "ebitda": 24370000, "ebitdaratio": 0.1033599403, "operatingIncome": 18371000, "operatingIncomeRatio": 0.0779165147, "totalOtherIncomeExpensesNet": 108000, "incomeBeforeTax": 18479000, "incomeBeforeTaxRatio": 0.0783745727, "incomeTaxExpense": 4782000, "netIncome": 13697000, "netIncomeRatio": 0.0580927822, "eps": 0.0766, "epsdiluted": 0.0766, "weightedAverageShsOut": 117479237, "weightedAverageShsOutDil": 117479237, "link": null, "finalLink": null, "calculatedOtherExpenses": 0, "calculatedOperatingExpenses": 56063000, "calculatedNetInterest": 106000, "calculatedOtherIncome": 2000, "calculatedIncomeNonControlling": 0, "calculatedEbitda": 24370000}, {"date": "2017-10-31", "symbol": "PAY", "reportedCurrency": "USD", "cik": "0001841156", "fillingDate": "2017-12-18", "acceptedDate": "2017-12-18 09:18:38", "calendarYear": "2017", "period": "FY", "revenue": 1871000000, "costOfRevenue": 1157900000, "grossProfit": 713100000, "grossProfitRatio": 0.3811330839, "researchAndDevelopmentExpenses": 211600000, "generalAndAdministrativeExpenses": 189700000, "sellingAndMarketingExpenses": 194000000, "sellingGeneralAndAdministrativeExpenses": 383700000, "otherExpenses": 69600000, "operatingExpenses": 664900000, "costAndExpenses": 1822800000, "interestIncome": 0, "interestExpense": 33200000, "depreciationAndAmortization": 140700000, "ebitda": 32500000, "ebitdaratio": 0.0173703902, "operatingIncome": 48200000, "operatingIncomeRatio": 0.0257616248, "totalOtherIncomeExpensesNet": -191100000, "incomeBeforeTax": -142900000, "incomeBeforeTaxRatio": -0.0763762694, "incomeTaxExpense": 32500000, "netIncome": -173900000, "netIncomeRatio": -0.0929449492, "eps": -1.56, "epsdiluted": -1.56, "weightedAverageShsOut": 111800000, "weightedAverageShsOutDil": 111800000, "link": "https://www.sec.gov/Archives/edgar/data/1312073/000131207317000047/0001312073-17-000047-index.html", "finalLink": "https://www.sec.gov/Archives/edgar/data/1312073/000131207317000047/pay10k10312017.htm", "calculatedOtherExpenses": 69600000, "calculatedOperatingExpenses": 664900000, "calculatedNetInterest": -33200000, "calculatedOtherIncome": -157900000, "calculatedIncomeNonControlling": -1500000, "calculatedEbitda": 188900000}, {"date": "2016-10-31", "symbol": "PAY", "reportedCurrency": "USD", "cik": "0001841156", "fillingDate": "2016-12-27", "acceptedDate": "2016-12-27 11:52:23", "calendarYear": "2016", "period": "FY", "revenue": 1992100000, "costOfRevenue": 1197800000, "grossProfit": 794300000, "grossProfitRatio": 0.3987249636, "researchAndDevelopmentExpenses": 207500000, "generalAndAdministrativeExpenses": 204600000, "sellingAndMarketingExpenses": 217000000, "sellingGeneralAndAdministrativeExpenses": 421600000, "otherExpenses": 90500000, "operatingExpenses": 719600000, "costAndExpenses": 1917400000, "interestIncome": 0, "interestExpense": 34600000, "depreciationAndAmortization": 179200000, "ebitda": 216000000, "ebitdaratio": 0.1084282918, "operatingIncome": 74700000, "operatingIncomeRatio": 0.0374981176, "totalOtherIncomeExpensesNet": -72900000, "incomeBeforeTax": 1800000, "incomeBeforeTaxRatio": 0.0009035691, "incomeTaxExpense": 11500000, "netIncome": -9300000, "netIncomeRatio": -0.0046684403, "eps": -0.0839, "epsdiluted": -0.0839, "weightedAverageShsOut": 110800000, "weightedAverageShsOutDil": 110800000, "link": "https://www.sec.gov/Archives/edgar/data/1312073/000131207316000116/0001312073-16-000116-index.html", "finalLink": "https://www.sec.gov/Archives/edgar/data/1312073/000131207316000116/pay10k103116.htm", "calculatedOtherExpenses": 90500000, "calculatedOperatingExpenses": 719600000, "calculatedNetInterest": -34600000, "calculatedOtherIncome": -38300000, "calculatedIncomeNonControlling": -400000, "calculatedEbitda": 253900000}, {"date": "2015-10-31", "symbol": "PAY", "reportedCurrency": "USD", "cik": "0001841156", "fillingDate": "2015-12-18", "acceptedDate": "2015-12-18 16:51:40", "calendarYear": "2015", "period": "FY", "revenue": 2000500000, "costOfRevenue": 1174500000, "grossProfit": 826000000, "grossProfitRatio": 0.4128967758, "researchAndDevelopmentExpenses": 201600000, "generalAndAdministrativeExpenses": 206200000, "sellingAndMarketingExpenses": 227500000, "sellingGeneralAndAdministrativeExpenses": 433700000, "otherExpenses": 82500000, "operatingExpenses": 717800000, "costAndExpenses": 1892300000, "interestIncome": 0, "interestExpense": 31500000, "depreciationAndAmortization": 169400000, "ebitda": 272500000, "ebitdaratio": 0.136215946, "operatingIncome": 108200000, "operatingIncomeRatio": 0.0540864784, "totalOtherIncomeExpensesNet": -35300000, "incomeBeforeTax": 72900000, "incomeBeforeTaxRatio": 0.0364408898, "incomeTaxExpense": -7500000, "netIncome": 79100000, "netIncomeRatio": 0.039540115, "eps": 0.69, "epsdiluted": 0.68, "weightedAverageShsOut": 114000000, "weightedAverageShsOutDil": 115900000, "link": "https://www.sec.gov/Archives/edgar/data/1312073/000131207315000057/0001312073-15-000057-index.html", "finalLink": "https://www.sec.gov/Archives/edgar/data/1312073/000131207315000057/pay10k103115.htm", "calculatedOtherExpenses": 82500000, "calculatedOperatingExpenses": 717800000, "calculatedNetInterest": -31500000, "calculatedOtherIncome": -3800000, "calculatedIncomeNonControlling": 1300000, "calculatedEbitda": 277600000}, {"date": "2014-10-31", "symbol": "PAY", "reportedCurrency": "USD", "cik": "0001841156", "fillingDate": "2014-12-17", "acceptedDate": "2014-12-17 16:57:03", "calendarYear": "2014", "period": "FY", "revenue": 1868900000, "costOfRevenue": 1144200000, "grossProfit": 724700000, "grossProfitRatio": 0.3877682059, "researchAndDevelopmentExpenses": 203700000, "generalAndAdministrativeExpenses": 208700000, "sellingAndMarketingExpenses": 217400000, "sellingGeneralAndAdministrativeExpenses": 426100000, "otherExpenses": 97600000, "operatingExpenses": 727400000, "costAndExpenses": 1871600000, "interestIncome": 0, "interestExpense": 42500000, "depreciationAndAmortization": 213600000, "ebitda": 214500000, "ebitdaratio": 0.1147733961, "operatingIncome": -2700000, "operatingIncomeRatio": -0.0014447001, "totalOtherIncomeExpensesNet": -37200000, "incomeBeforeTax": -39900000, "incomeBeforeTaxRatio": -0.0213494569, "incomeTaxExpense": -3500000, "netIncome": -38100000, "netIncomeRatio": -0.0203863235, "eps": -0.34, "epsdiluted": -0.34, "weightedAverageShsOut": 111600000, "weightedAverageShsOutDil": 111600000, "link": "https://www.sec.gov/Archives/edgar/data/1312073/000131207314000045/0001312073-14-000045-index.html", "finalLink": "https://www.sec.gov/Archives/edgar/data/1312073/000131207314000045/pay10k103114.htm", "calculatedOtherExpenses": 97600000, "calculatedOperatingExpenses": 727400000, "calculatedNetInterest": -42500000, "calculatedOtherIncome": 5300000, "calculatedIncomeNonControlling": 1700000, "calculatedEbitda": 210900000}, {"date": "2013-10-31", "symbol": "PAY", "reportedCurrency": "USD", "cik": "0001841156", "fillingDate": "2013-12-19", "acceptedDate": "2013-12-18 20:34:47", "calendarYear": "2013", "period": "FY", "revenue": 1702200000, "costOfRevenue": 1057000000, "grossProfit": 645200000, "grossProfitRatio": 0.3790388908, "researchAndDevelopmentExpenses": 173300000, "generalAndAdministrativeExpenses": 181100000, "sellingAndMarketingExpenses": 196600000, "sellingGeneralAndAdministrativeExpenses": 377700000, "otherExpenses": 96200000, "operatingExpenses": 647200000, "costAndExpenses": 1704200000, "interestIncome": 0, "interestExpense": 44300000, "depreciationAndAmortization": 207800000, "ebitda": 144000000, "ebitdaratio": 0.0845964047, "operatingIncome": -2000000, "operatingIncomeRatio": -0.0011749501, "totalOtherIncomeExpensesNet": -105000000, "incomeBeforeTax": -107000000, "incomeBeforeTaxRatio": -0.0628598285, "incomeTaxExpense": 188000000, "netIncome": -296100000, "netIncomeRatio": -0.1739513571, "eps": -2.73, "epsdiluted": -2.73, "weightedAverageShsOut": 108600000, "weightedAverageShsOutDil": 108600000, "link": "https://www.sec.gov/Archives/edgar/data/1312073/000131207313000049/0001312073-13-000049-index.html", "finalLink": "https://www.sec.gov/Archives/edgar/data/1312073/000131207313000049/pay10k103113.htm", "calculatedOtherExpenses": 96200000, "calculatedOperatingExpenses": 647200000, "calculatedNetInterest": -44300000, "calculatedOtherIncome": -60700000, "calculatedIncomeNonControlling": 1100000, "calculatedEbitda": 205800000}, {"date": "2012-10-31", "symbol": "PAY", "reportedCurrency": "USD", "cik": "0001841156", "fillingDate": "2012-12-19", "acceptedDate": "2012-12-18 19:31:32", "calendarYear": "2012", "period": "FY", "revenue": 1865971000, "costOfRevenue": 1110130000, "grossProfit": 755841000, "grossProfitRatio": 0.4050657808, "researchAndDevelopmentExpenses": 152001000, "generalAndAdministrativeExpenses": 175174000, "sellingAndMarketingExpenses": 179694000, "sellingGeneralAndAdministrativeExpenses": 354868000, "otherExpenses": 83795000, "operatingExpenses": 590664000, "costAndExpenses": 1700794000, "interestIncome": 0, "interestExpense": 62830000, "depreciationAndAmortization": 177832000, "ebitda": 307745000, "ebitdaratio": 0.1649248568, "operatingIncome": 165177000, "operatingIncomeRatio": 0.0885206683, "totalOtherIncomeExpensesNet": -96824000, "incomeBeforeTax": 68353000, "incomeBeforeTaxRatio": 0.0366313303, "incomeTaxExpense": 2050000, "netIncome": 65033000, "netIncomeRatio": 0.0348520958, "eps": 0.61, "epsdiluted": 0.59, "weightedAverageShsOut": 107006000, "weightedAverageShsOutDil": 110315000, "link": "https://www.sec.gov/Archives/edgar/data/1312073/000131207312000058/0001312073-12-000058-index.html", "finalLink": "https://www.sec.gov/Archives/edgar/data/1312073/000131207312000058/pay10k103112.htm", "calculatedOtherExpenses": 83795000, "calculatedOperatingExpenses": 590664000, "calculatedNetInterest": -62830000, "calculatedOtherIncome": -33994000, "calculatedIncomeNonControlling": 1270000, "calculatedEbitda": 343009000}, {"date": "2011-10-31", "symbol": "PAY", "reportedCurrency": "USD", "cik": "0001841156", "fillingDate": "2011-12-23", "acceptedDate": "2011-12-22 21:10:43", "calendarYear": "2011", "period": "FY", "revenue": 1303866000, "costOfRevenue": 812116000, "grossProfit": 491750000, "grossProfitRatio": 0.3771476517, "researchAndDevelopmentExpenses": 109155000, "generalAndAdministrativeExpenses": 138611000, "sellingAndMarketingExpenses": 138274000, "sellingGeneralAndAdministrativeExpenses": 276885000, "otherExpenses": 0, "operatingExpenses": 386040000, "costAndExpenses": 1198156000, "interestIncome": 0, "interestExpense": 28950000, "depreciationAndAmortization": 48318000, "ebitda": 168260000, "ebitdaratio": 0.1290470033, "operatingIncome": 105710000, "operatingIncomeRatio": 0.0810742822, "totalOtherIncomeExpensesNet": -14718000, "incomeBeforeTax": 90992000, "incomeBeforeTaxRatio": 0.0697863124, "incomeTaxExpense": -191412000, "netIncome": 282404000, "netIncomeRatio": 0.2165897416, "eps": 3.06, "epsdiluted": 2.92, "weightedAverageShsOut": 92414000, "weightedAverageShsOutDil": 96616000, "link": "https://www.sec.gov/Archives/edgar/data/1312073/000131207311000011/0001312073-11-000011-index.html", "finalLink": "https://www.sec.gov/Archives/edgar/data/1312073/000131207311000011/pay10k103111.htm", "calculatedOtherExpenses": 0, "calculatedOperatingExpenses": 386040000, "calculatedNetInterest": -28950000, "calculatedOtherIncome": 14232000, "calculatedIncomeNonControlling": 0, "calculatedEbitda": 154028000}, {"date": "2010-10-31", "symbol": "PAY", "reportedCurrency": "USD", "cik": "0001841156", "fillingDate": "2010-12-21", "acceptedDate": "2010-12-21 16:35:25", "calendarYear": "2010", "period": "FY", "revenue": 1001537000, "costOfRevenue": 631225000, "grossProfit": 370312000, "grossProfitRatio": 0.3697437039, "researchAndDevelopmentExpenses": 74227000, "generalAndAdministrativeExpenses": 84371000, "sellingAndMarketingExpenses": 94666000, "sellingGeneralAndAdministrativeExpenses": 179037000, "otherExpenses": 14624000, "operatingExpenses": 267888000, "costAndExpenses": 899113000, "interestIncome": 0, "interestExpense": 28344000, "depreciationAndAmortization": 46602000, "ebitda": 153191000, "ebitdaratio": 0.1529559068, "operatingIncome": 102424000, "operatingIncomeRatio": 0.1022668159, "totalOtherIncomeExpensesNet": -24179000, "incomeBeforeTax": 78245000, "incomeBeforeTaxRatio": 0.078124922, "incomeTaxExpense": -20582000, "netIncome": 98827000, "netIncomeRatio": 0.098675336, "eps": 1.16, "epsdiluted": 1.13, "weightedAverageShsOut": 85203000, "weightedAverageShsOutDil": 87785000, "link": "https://www.sec.gov/Archives/edgar/data/1312073/000119312510285609/0001193125-10-285609-index.html", "finalLink": "https://www.sec.gov/Archives/edgar/data/1312073/000119312510285609/d10k.htm", "calculatedOtherExpenses": 14624000, "calculatedOperatingExpenses": 267888000, "calculatedNetInterest": -28344000, "calculatedOtherIncome": 4165000, "calculatedIncomeNonControlling": 0, "calculatedEbitda": 149026000}, {"date": "2009-10-31", "symbol": "PAY", "reportedCurrency": "USD", "cik": "0001841156", "fillingDate": "2009-12-22", "acceptedDate": "2009-12-22 15:44:03", "calendarYear": "2009", "period": "FY", "revenue": 844714000, "costOfRevenue": 562585000, "grossProfit": 282129000, "grossProfitRatio": 0.3339935173, "researchAndDevelopmentExpenses": 65148000, "generalAndAdministrativeExpenses": 76468000, "sellingAndMarketingExpenses": 73544000, "sellingGeneralAndAdministrativeExpenses": 150012000, "otherExpenses": 20423000, "operatingExpenses": 235583000, "costAndExpenses": 798168000, "interestIncome": 0, "interestExpense": 12481000, "depreciationAndAmortization": 61503000, "ebitda": -54606000, "ebitdaratio": -0.0646443648, "operatingIncome": 46546000, "operatingIncomeRatio": 0.0551026738, "totalOtherIncomeExpensesNet": -175136000, "incomeBeforeTax": -128590000, "incomeBeforeTaxRatio": -0.1522290385, "incomeTaxExpense": 9246000, "netIncome": -137836000, "netIncomeRatio": -0.163174755, "eps": -1.63, "epsdiluted": -1.63, "weightedAverageShsOut": 84473000, "weightedAverageShsOutDil": 84473000, "link": "https://www.sec.gov/Archives/edgar/data/1312073/000119312509257969/0001193125-09-257969-index.html", "finalLink": "https://www.sec.gov/Archives/edgar/data/1312073/000119312509257969/d10k.htm", "calculatedOtherExpenses": 20423000, "calculatedOperatingExpenses": 235583000, "calculatedNetInterest": -12481000, "calculatedOtherIncome": -162655000, "calculatedIncomeNonControlling": 0, "calculatedEbitda": 108049000}, {"date": "2008-10-31", "symbol": "PAY", "reportedCurrency": "USD", "cik": "0001841156", "fillingDate": "2009-01-14", "acceptedDate": "2009-01-14 15:42:58", "calendarYear": "2008", "period": "FY", "revenue": 921931000, "costOfRevenue": 628900000, "grossProfit": 293031000, "grossProfitRatio": 0.3178448279, "researchAndDevelopmentExpenses": 75622000, "generalAndAdministrativeExpenses": 218082000, "sellingAndMarketingExpenses": 0, "sellingGeneralAndAdministrativeExpenses": 218082000, "otherExpenses": 315152000, "operatingExpenses": 608856000, "costAndExpenses": 1237756000, "interestIncome": 0, "interestExpense": 28413000, "depreciationAndAmortization": 73330000, "ebitda": -249695000, "ebitdaratio": -0.2708391409, "operatingIncome": -315825000, "operatingIncomeRatio": -0.3425690209, "totalOtherIncomeExpensesNet": -35613000, "incomeBeforeTax": -351438000, "incomeBeforeTaxRatio": -0.3811977252, "incomeTaxExpense": 73884000, "netIncome": -425322000, "netIncomeRatio": -0.4613382129, "eps": -5.05, "epsdiluted": -5.05, "weightedAverageShsOut": 84220000, "weightedAverageShsOutDil": 84220000, "link": "https://www.sec.gov/Archives/edgar/data/1312073/000095013409000524/0000950134-09-000524-index.html", "finalLink": "https://www.sec.gov/Archives/edgar/data/1312073/000095013409000524/f51031e10vk.htm", "calculatedOtherExpenses": 315152000, "calculatedOperatingExpenses": 608856000, "calculatedNetInterest": -28413000, "calculatedOtherIncome": -7200000, "calculatedIncomeNonControlling": 0, "calculatedEbitda": -242495000}, {"date": "2007-10-31", "symbol": "PAY", "reportedCurrency": "USD", "cik": "0001841156", "fillingDate": "2008-08-19", "acceptedDate": "2008-08-19 16:18:38", "calendarYear": "2007", "period": "FY", "revenue": 902892000, "costOfRevenue": 603660000, "grossProfit": 299232000, "grossProfitRatio": 0.331415053, "researchAndDevelopmentExpenses": 65430000, "generalAndAdministrativeExpenses": 176999000, "sellingAndMarketingExpenses": 0, "sellingGeneralAndAdministrativeExpenses": 176999000, "otherExpenses": 21571000, "operatingExpenses": 264000000, "costAndExpenses": 867660000, "interestIncome": 0, "interestExpense": 36598000, "depreciationAndAmortization": 70766000, "ebitda": 98066000, "ebitdaratio": 0.1086132118, "operatingIncome": 35232000, "operatingIncomeRatio": 0.0390212783, "totalOtherIncomeExpensesNet": -44530000, "incomeBeforeTax": -9298000, "incomeBeforeTaxRatio": -0.0102980201, "incomeTaxExpense": 24718000, "netIncome": -34016000, "netIncomeRatio": -0.0376744948, "eps": -0.41, "epsdiluted": -0.41, "weightedAverageShsOut": 82194000, "weightedAverageShsOutDil": 82194000, "link": "https://www.sec.gov/Archives/edgar/data/1312073/000089161808000411/0000891618-08-000411-index.htm", "finalLink": "https://www.sec.gov/Archives/edgar/data/1312073/000089161808000411/f42265e10vk.htm", "calculatedOtherExpenses": 21571000, "calculatedOperatingExpenses": 264000000, "calculatedNetInterest": -36598000, "calculatedOtherIncome": -7932000, "calculatedIncomeNonControlling": 0, "calculatedEbitda": 105998000}, {"date": "2006-10-31", "symbol": "PAY", "reportedCurrency": "USD", "cik": "0001841156", "fillingDate": "2006-12-18", "acceptedDate": "2006-12-18 16:17:52", "calendarYear": "2006", "period": "FY", "revenue": 581070000, "costOfRevenue": 319525000, "grossProfit": 261545000, "grossProfitRatio": 0.4501092812, "researchAndDevelopmentExpenses": 47353000, "generalAndAdministrativeExpenses": 101180000, "sellingAndMarketingExpenses": 0, "sellingGeneralAndAdministrativeExpenses": 101180000, "otherExpenses": 4703000, "operatingExpenses": 153236000, "costAndExpenses": 472761000, "interestIncome": 0, "interestExpense": 13617000, "depreciationAndAmortization": 16405000, "ebitda": 121692000, "ebitdaratio": 0.2094274356, "operatingIncome": 108309000, "operatingIncomeRatio": 0.1863957871, "totalOtherIncomeExpensesNet": -16639000, "incomeBeforeTax": 91670000, "incomeBeforeTaxRatio": 0.1577606829, "incomeTaxExpense": 32159000, "netIncome": 59511000, "netIncomeRatio": 0.1024162321, "eps": 0.9, "epsdiluted": 0.86, "weightedAverageShsOut": 66217000, "weightedAverageShsOutDil": 68894000, "link": "https://www.sec.gov/Archives/edgar/data/1312073/000110465906082159/0001104659-06-082159-index.htm", "finalLink": "https://www.sec.gov/Archives/edgar/data/1312073/000110465906082159/a06-25668_110k.htm", "calculatedOtherExpenses": 4703000, "calculatedOperatingExpenses": 153236000, "calculatedNetInterest": -13617000, "calculatedOtherIncome": -3022000, "calculatedIncomeNonControlling": 0, "calculatedEbitda": 124714000}, {"date": "2005-10-31", "symbol": "PAY", "reportedCurrency": "USD", "cik": "0001841156", "fillingDate": "2005-12-20", "acceptedDate": "2005-12-20 17:19:56", "calendarYear": "2005", "period": "FY", "revenue": 485367000, "costOfRevenue": 288542000, "grossProfit": 196825000, "grossProfitRatio": 0.4055178865, "researchAndDevelopmentExpenses": 41830000, "generalAndAdministrativeExpenses": 81840000, "sellingAndMarketingExpenses": 0, "sellingGeneralAndAdministrativeExpenses": 81840000, "otherExpenses": 4967000, "operatingExpenses": 128637000, "costAndExpenses": 417179000, "interestIncome": 0, "interestExpense": 14786000, "depreciationAndAmortization": 18025000, "ebitda": 79540000, "ebitdaratio": 0.1638759949, "operatingIncome": 68188000, "operatingIncomeRatio": 0.1404875074, "totalOtherIncomeExpensesNet": -21459000, "incomeBeforeTax": 46729000, "incomeBeforeTaxRatio": 0.0962756018, "incomeTaxExpense": 13490000, "netIncome": 33239000, "netIncomeRatio": 0.0684822001, "eps": 0.57, "epsdiluted": 0.54, "weightedAverageShsOut": 58318000, "weightedAverageShsOutDil": 61460000, "link": "https://www.sec.gov/Archives/edgar/data/1312073/000110465905061808/0001104659-05-061808-index.htm", "finalLink": "https://www.sec.gov/Archives/edgar/data/1312073/000110465905061808/a05-21930_110k.htm", "calculatedOtherExpenses": 4967000, "calculatedOperatingExpenses": 128637000, "calculatedNetInterest": -14786000, "calculatedOtherIncome": -6673000, "calculatedIncomeNonControlling": 0, "calculatedEbitda": 86213000}, {"date": "2004-10-31", "symbol": "PAY", "reportedCurrency": "USD", "cik": "0001841156", "fillingDate": "2004-10-31", "acceptedDate": "2004-10-30 20:00:00", "calendarYear": "2004", "period": "FY", "revenue": 390088000, "costOfRevenue": 231893000, "grossProfit": 158195000, "grossProfitRatio": 0.4055366994, "researchAndDevelopmentExpenses": 33703000, "generalAndAdministrativeExpenses": 0, "sellingAndMarketingExpenses": 0, "sellingGeneralAndAdministrativeExpenses": 0, "otherExpenses": 79705000, "operatingExpenses": 113408000, "costAndExpenses": 345301000, "interestIncome": 0, "interestExpense": 12597000, "depreciationAndAmortization": 24039000, "ebitda": 47213000, "ebitdaratio": 0.1210316647, "operatingIncome": 44787000, "operatingIncomeRatio": 0.1148125551, "totalOtherIncomeExpensesNet": -34210000, "incomeBeforeTax": 10577000, "incomeBeforeTaxRatio": 0.0271143947, "incomeTaxExpense": 4971000, "netIncome": 5606000, "netIncomeRatio": 0.0143711163, "eps": 0.11, "epsdiluted": 0.0991, "weightedAverageShsOut": 50725000, "weightedAverageShsOutDil": 56588000, "link": "", "finalLink": "", "calculatedOtherExpenses": 79705000, "calculatedOperatingExpenses": 113408000, "calculatedNetInterest": -12597000, "calculatedOtherIncome": -21613000, "calculatedIncomeNonControlling": 0, "calculatedEbitda": 68826000}, {"date": "2003-10-31", "symbol": "PAY", "reportedCurrency": "USD", "cik": "0001841156", "fillingDate": "2003-10-31", "acceptedDate": "2003-10-30 19:00:00", "calendarYear": "2003", "period": "FY", "revenue": 339331000, "costOfRevenue": 200291000, "grossProfit": 139040000, "grossProfitRatio": 0.4097474148, "researchAndDevelopmentExpenses": 28193000, "generalAndAdministrativeExpenses": 0, "sellingAndMarketingExpenses": 0, "sellingGeneralAndAdministrativeExpenses": 0, "otherExpenses": 75263000, "operatingExpenses": 103456000, "costAndExpenses": 303747000, "interestIncome": 0, "interestExpense": 12456000, "depreciationAndAmortization": 26799000, "ebitda": 51792000, "ebitdaratio": 0.1526297332, "operatingIncome": 35584000, "operatingIncomeRatio": 0.1048651612, "totalOtherIncomeExpensesNet": -23047000, "incomeBeforeTax": 12537000, "incomeBeforeTaxRatio": 0.0369462265, "incomeTaxExpense": 12296000, "netIncome": 241000, "netIncomeRatio": 0.000710221, "eps": 0.0049, "epsdiluted": 0.0049, "weightedAverageShsOut": 48869000, "weightedAverageShsOutDil": 48869000, "link": "", "finalLink": "", "calculatedOtherExpenses": 75263000, "calculatedOperatingExpenses": 103456000, "calculatedNetInterest": -12456000, "calculatedOtherIncome": -10591000, "calculatedIncomeNonControlling": 0, "calculatedEbitda": 62383000}, {"date": "2002-10-31", "symbol": "PAY", "reportedCurrency": "USD", "cik": "0001841156", "fillingDate": "2002-10-31", "acceptedDate": "2002-10-30 19:00:00", "calendarYear": "2002", "period": "FY", "revenue": 295593000, "costOfRevenue": 210700000, "grossProfit": 84893000, "grossProfitRatio": 0.2871955696, "researchAndDevelopmentExpenses": 30359000, "generalAndAdministrativeExpenses": 36435000, "sellingAndMarketingExpenses": 40773000, "sellingGeneralAndAdministrativeExpenses": 77208000, "otherExpenses": 21333000, "operatingExpenses": 128900000, "costAndExpenses": 339600000, "interestIncome": 0, "interestExpense": 0, "depreciationAndAmortization": -9495000, "ebitda": -53502000, "ebitdaratio": -0.1809988735, "operatingIncome": -44007000, "operatingIncomeRatio": -0.1488770032, "totalOtherIncomeExpensesNet": -9411000, "incomeBeforeTax": -53418000, "incomeBeforeTaxRatio": -0.1807146989, "incomeTaxExpense": 84000, "netIncome": -53502000, "netIncomeRatio": -0.1809988735, "eps": -1.1, "epsdiluted": -1.1, "weightedAverageShsOut": 48459000, "weightedAverageShsOutDil": 48459000, "link": "", "finalLink": "", "calculatedOtherExpenses": 21333000, "calculatedOperatingExpenses": 128900000, "calculatedNetInterest": 0, "calculatedOtherIncome": -9411000, "calculatedIncomeNonControlling": 0, "calculatedEbitda": -53502000}, {"date": "2001-10-31", "symbol": "PAY", "reportedCurrency": "USD", "cik": "0001841156", "fillingDate": "2001-10-31", "acceptedDate": "2001-10-30 19:00:00", "calendarYear": "2001", "period": "FY", "revenue": 349187000, "costOfRevenue": 258891000, "grossProfit": 90296000, "grossProfitRatio": 0.2585892373, "researchAndDevelopmentExpenses": 47352000, "generalAndAdministrativeExpenses": 30578000, "sellingAndMarketingExpenses": 57331000, "sellingGeneralAndAdministrativeExpenses": 87909000, "otherExpenses": 0, "operatingExpenses": 135261000, "costAndExpenses": 394152000, "interestIncome": 0, "interestExpense": 0, "depreciationAndAmortization": -18795000, "ebitda": -63760000, "ebitdaratio": -0.182595572, "operatingIncome": -44965000, "operatingIncomeRatio": -0.1287705441, "totalOtherIncomeExpensesNet": 4401000, "incomeBeforeTax": -40564000, "incomeBeforeTaxRatio": -0.1161669822, "incomeTaxExpense": 23196000, "netIncome": -63760000, "netIncomeRatio": -0.182595572, "eps": -6.99, "epsdiluted": -6.99, "weightedAverageShsOut": 9121000, "weightedAverageShsOutDil": 9121000, "link": "", "finalLink": "", "calculatedOtherExpenses": 0, "calculatedOperatingExpenses": 135261000, "calculatedNetInterest": 0, "calculatedOtherIncome": 4401000, "calculatedIncomeNonControlling": 0, "calculatedEbitda": -63760000}]}