{"originalCurrency": "USD", "convertedCurrency": "USD", "report": [{"date": "2023-05-31", "symbol": "PAYX", "reportedCurrency": "USD", "cik": "0000723531", "fillingDate": "2023-07-14", "acceptedDate": "2023-07-14 16:02:30", "calendarYear": "2023", "period": "FY", "revenue": 5007100000, "costOfRevenue": 1453000000, "grossProfit": 3554100000, "grossProfitRatio": 0.7098120669, "researchAndDevelopmentExpenses": 0, "generalAndAdministrativeExpenses": 0, "sellingAndMarketingExpenses": 0, "sellingGeneralAndAdministrativeExpenses": 1521000000, "otherExpenses": 15100000, "operatingExpenses": 1521000000, "costAndExpenses": 2974000000, "interestIncome": 49100000, "interestExpense": -15100000, "depreciationAndAmortization": 176600000, "ebitda": 2209700000, "ebitdaratio": 0.4413133351, "operatingIncome": 2033100000, "operatingIncomeRatio": 0.4060434183, "totalOtherIncomeExpensesNet": 15100000, "incomeBeforeTax": 2048200000, "incomeBeforeTaxRatio": 0.409059136, "incomeTaxExpense": 490900000, "netIncome": 1557300000, "netIncomeRatio": 0.3110183539, "eps": 4.32, "epsdiluted": 4.3, "weightedAverageShsOut": 360400000, "weightedAverageShsOutDil": 362300000, "link": "https://www.sec.gov/Archives/edgar/data/723531/000095017023032988/0000950170-23-032988-index.htm", "finalLink": "https://www.sec.gov/Archives/edgar/data/723531/000095017023032988/payx-20230531.htm", "calculatedOtherExpenses": 0, "calculatedOperatingExpenses": 1521000000, "calculatedNetInterest": 64200000, "calculatedOtherIncome": -49100000, "calculatedIncomeNonControlling": 0, "calculatedEbitda": 2209700000}, {"date": "2022-05-31", "symbol": "PAYX", "reportedCurrency": "USD", "cik": "0000723531", "fillingDate": "2022-07-15", "acceptedDate": "2022-07-15 16:24:49", "calendarYear": "2022", "period": "FY", "revenue": 4611700000, "costOfRevenue": 1356300000, "grossProfit": 3255400000, "grossProfitRatio": 0.7059002103, "researchAndDevelopmentExpenses": 0, "generalAndAdministrativeExpenses": 0, "sellingAndMarketingExpenses": 0, "sellingGeneralAndAdministrativeExpenses": 1415400000, "otherExpenses": -15400000, "operatingExpenses": 1415400000, "costAndExpenses": 2771700000, "interestIncome": 2900000, "interestExpense": 36600000, "depreciationAndAmortization": 191800000, "ebitda": 2031800000, "ebitdaratio": 0.4405750591, "operatingIncome": 1840000000, "operatingIncomeRatio": 0.3989851898, "totalOtherIncomeExpensesNet": -15400000, "incomeBeforeTax": 1824600000, "incomeBeforeTaxRatio": 0.3956458573, "incomeTaxExpense": 431800000, "netIncome": 1392800000, "netIncomeRatio": 0.3020144415, "eps": 3.86, "epsdiluted": 3.84, "weightedAverageShsOut": 360600000, "weightedAverageShsOutDil": 363100000, "link": "https://www.sec.gov/Archives/edgar/data/723531/000095017022012734/0000950170-22-012734-index.htm", "finalLink": "https://www.sec.gov/Archives/edgar/data/723531/000095017022012734/payx-20220531.htm", "calculatedOtherExpenses": 0, "calculatedOperatingExpenses": 1415400000, "calculatedNetInterest": -33700000, "calculatedOtherIncome": 18300000, "calculatedIncomeNonControlling": 0, "calculatedEbitda": 2031800000}, {"date": "2021-05-31", "symbol": "PAYX", "reportedCurrency": "USD", "cik": "0000723531", "fillingDate": "2021-07-16", "acceptedDate": "2021-07-16 16:25:18", "calendarYear": "2021", "period": "FY", "revenue": 4056800000, "costOfRevenue": 1271200000, "grossProfit": 2785600000, "grossProfitRatio": 0.686649576, "researchAndDevelopmentExpenses": 0, "generalAndAdministrativeExpenses": 0, "sellingAndMarketingExpenses": 0, "sellingGeneralAndAdministrativeExpenses": 1324900000, "otherExpenses": -26500000, "operatingExpenses": 1324900000, "costAndExpenses": 2596100000, "interestIncome": 2300000, "interestExpense": 35800000, "depreciationAndAmortization": 192000000, "ebitda": 1652700000, "ebitdaratio": 0.4073900611, "operatingIncome": 1460700000, "operatingIncomeRatio": 0.3600621179, "totalOtherIncomeExpensesNet": -26500000, "incomeBeforeTax": 1434200000, "incomeBeforeTaxRatio": 0.3535298758, "incomeTaxExpense": 336700000, "netIncome": 1097500000, "netIncomeRatio": 0.2705334254, "eps": 3.05, "epsdiluted": 3.03, "weightedAverageShsOut": 359900000, "weightedAverageShsOutDil": 362100000, "link": "https://www.sec.gov/Archives/edgar/data/723531/000072353121000035/0000723531-21-000035-index.htm", "finalLink": "https://www.sec.gov/Archives/edgar/data/723531/000072353121000035/payx-20210531x10k.htm", "calculatedOtherExpenses": 0, "calculatedOperatingExpenses": 1324900000, "calculatedNetInterest": -33500000, "calculatedOtherIncome": 7000000, "calculatedIncomeNonControlling": 0, "calculatedEbitda": 1652700000}, {"date": "2020-05-31", "symbol": "PAYX", "reportedCurrency": "USD", "cik": "0000723531", "fillingDate": "2020-07-17", "acceptedDate": "2020-07-17 16:53:00", "calendarYear": "2020", "period": "FY", "revenue": 4040500000, "costOfRevenue": 1280800000, "grossProfit": 2759700000, "grossProfitRatio": 0.6830095285, "researchAndDevelopmentExpenses": 0, "generalAndAdministrativeExpenses": 0, "sellingAndMarketingExpenses": 0, "sellingGeneralAndAdministrativeExpenses": 1299200000, "otherExpenses": -23400000, "operatingExpenses": 1299200000, "costAndExpenses": 2580000000, "interestIncome": 12300000, "interestExpense": 38800000, "depreciationAndAmortization": 209700000, "ebitda": 1670200000, "ebitdaratio": 0.4133646826, "operatingIncome": 1460500000, "operatingIncomeRatio": 0.3614651652, "totalOtherIncomeExpensesNet": -23400000, "incomeBeforeTax": 1437100000, "incomeBeforeTaxRatio": 0.3556738027, "incomeTaxExpense": 339000000, "netIncome": 1098100000, "netIncomeRatio": 0.2717732954, "eps": 3.06, "epsdiluted": 3.04, "weightedAverageShsOut": 358500000, "weightedAverageShsOutDil": 361000000, "link": "https://www.sec.gov/Archives/edgar/data/723531/000072353120000048/0000723531-20-000048-index.htm", "finalLink": "https://www.sec.gov/Archives/edgar/data/723531/000072353120000048/payx-20200531x10k.htm", "calculatedOtherExpenses": 0, "calculatedOperatingExpenses": 1299200000, "calculatedNetInterest": -26500000, "calculatedOtherIncome": 3100000, "calculatedIncomeNonControlling": 0, "calculatedEbitda": 1670200000}, {"date": "2019-05-31", "symbol": "PAYX", "reportedCurrency": "USD", "cik": "0000723531", "fillingDate": "2019-07-24", "acceptedDate": "2019-07-24 17:25:48", "calendarYear": "2019", "period": "FY", "revenue": 3772500000, "costOfRevenue": 1177800000, "grossProfit": 2594700000, "grossProfitRatio": 0.6877932406, "researchAndDevelopmentExpenses": 0, "generalAndAdministrativeExpenses": 0, "sellingAndMarketingExpenses": 0, "sellingGeneralAndAdministrativeExpenses": 1223400000, "otherExpenses": 0, "operatingExpenses": 1223400000, "costAndExpenses": 2401200000, "interestIncome": 13300000, "interestExpense": 17600000, "depreciationAndAmortization": 181500000, "ebitda": 1552800000, "ebitdaratio": 0.411610338, "operatingIncome": 1371300000, "operatingIncomeRatio": 0.363499006, "totalOtherIncomeExpensesNet": -3300000, "incomeBeforeTax": 1368000000, "incomeBeforeTaxRatio": 0.3626242545, "incomeTaxExpense": 333600000, "netIncome": 1034400000, "netIncomeRatio": 0.274194831, "eps": 2.88, "epsdiluted": 2.86, "weightedAverageShsOut": 359200000, "weightedAverageShsOutDil": 361800000, "link": "https://www.sec.gov/Archives/edgar/data/723531/000072353119000032/0000723531-19-000032-index.htm", "finalLink": "https://www.sec.gov/Archives/edgar/data/723531/000072353119000032/payx-20190531x10k.htm", "calculatedOtherExpenses": 0, "calculatedOperatingExpenses": 1223400000, "calculatedNetInterest": -4300000, "calculatedOtherIncome": 1000000, "calculatedIncomeNonControlling": 0, "calculatedEbitda": 1552800000}, {"date": "2018-05-31", "symbol": "PAYX", "reportedCurrency": "USD", "cik": "0000723531", "fillingDate": "2018-07-20", "acceptedDate": "2018-07-20 17:11:56", "calendarYear": "2018", "period": "FY", "revenue": 3380900000, "costOfRevenue": 1017800000, "grossProfit": 2363100000, "grossProfitRatio": 0.6989558993, "researchAndDevelopmentExpenses": 0, "generalAndAdministrativeExpenses": 1075600000, "sellingAndMarketingExpenses": 0, "sellingGeneralAndAdministrativeExpenses": 1075600000, "otherExpenses": 0, "operatingExpenses": 1075600000, "costAndExpenses": 2093400000, "interestIncome": 11900000, "interestExpense": 3900000, "depreciationAndAmortization": 138000000, "ebitda": 1416900000, "ebitdaratio": 0.4190895915, "operatingIncome": 1287500000, "operatingIncomeRatio": 0.3808157591, "totalOtherIncomeExpensesNet": 8600000, "incomeBeforeTax": 1296100000, "incomeBeforeTaxRatio": 0.3833594605, "incomeTaxExpense": 362400000, "netIncome": 933700000, "netIncomeRatio": 0.2761690674, "eps": 2.6, "epsdiluted": 2.58, "weightedAverageShsOut": 359000000, "weightedAverageShsOutDil": 361500000, "link": "https://www.sec.gov/Archives/edgar/data/723531/000072353118000026/0000723531-18-000026-index.htm", "finalLink": "https://www.sec.gov/Archives/edgar/data/723531/000072353118000026/payx-20180531x10k.htm", "calculatedOtherExpenses": 0, "calculatedOperatingExpenses": 1075600000, "calculatedNetInterest": 8000000, "calculatedOtherIncome": 600000, "calculatedIncomeNonControlling": 0, "calculatedEbitda": 1425500000}, {"date": "2017-05-31", "symbol": "PAYX", "reportedCurrency": "USD", "cik": "0000723531", "fillingDate": "2017-07-21", "acceptedDate": "2017-07-21 17:29:04", "calendarYear": "2017", "period": "FY", "revenue": 3151300000, "costOfRevenue": 919600000, "grossProfit": 2231700000, "grossProfitRatio": 0.7081839241, "researchAndDevelopmentExpenses": 0, "generalAndAdministrativeExpenses": 992100000, "sellingAndMarketingExpenses": 0, "sellingGeneralAndAdministrativeExpenses": 992100000, "otherExpenses": 0, "operatingExpenses": 992100000, "costAndExpenses": 1911700000, "interestIncome": 9900000, "interestExpense": 2500000, "depreciationAndAmortization": 126900000, "ebitda": 1361300000, "ebitdaratio": 0.4319804525, "operatingIncome": 1239600000, "operatingIncomeRatio": 0.3933614699, "totalOtherIncomeExpensesNet": 5200000, "incomeBeforeTax": 1244800000, "incomeBeforeTaxRatio": 0.3950115825, "incomeTaxExpense": 427500000, "netIncome": 817300000, "netIncomeRatio": 0.2593532828, "eps": 2.27, "epsdiluted": 2.25, "weightedAverageShsOut": 359800000, "weightedAverageShsOutDil": 362600000, "link": "https://www.sec.gov/Archives/edgar/data/723531/000072353117000023/0000723531-17-000023-index.htm", "finalLink": "https://www.sec.gov/Archives/edgar/data/723531/000072353117000023/payx-20170531x10k.htm", "calculatedOtherExpenses": 0, "calculatedOperatingExpenses": 992100000, "calculatedNetInterest": 7400000, "calculatedOtherIncome": -2200000, "calculatedIncomeNonControlling": 0, "calculatedEbitda": 1366500000}, {"date": "2016-05-31", "symbol": "PAYX", "reportedCurrency": "USD", "cik": "0000723531", "fillingDate": "2016-07-22", "acceptedDate": "2016-07-22 17:28:47", "calendarYear": "2016", "period": "FY", "revenue": 2951900000, "costOfRevenue": 857100000, "grossProfit": 2094800000, "grossProfitRatio": 0.7096446357, "researchAndDevelopmentExpenses": 0, "generalAndAdministrativeExpenses": 948200000, "sellingAndMarketingExpenses": 0, "sellingGeneralAndAdministrativeExpenses": 948200000, "otherExpenses": 0, "operatingExpenses": 948200000, "costAndExpenses": 1805300000, "interestIncome": 8400000, "interestExpense": 1100000, "depreciationAndAmortization": 115100000, "ebitda": 1257200000, "ebitdaratio": 0.4258951862, "operatingIncome": 1146600000, "operatingIncomeRatio": 0.3884277923, "totalOtherIncomeExpensesNet": 4500000, "incomeBeforeTax": 1151100000, "incomeBeforeTaxRatio": 0.3899522342, "incomeTaxExpense": 394300000, "netIncome": 756800000, "netIncomeRatio": 0.2563772486, "eps": 2.1, "epsdiluted": 2.09, "weightedAverageShsOut": 360700000, "weightedAverageShsOutDil": 362500000, "link": "https://www.sec.gov/Archives/edgar/data/723531/000072353116000046/0000723531-16-000046-index.htm", "finalLink": "https://www.sec.gov/Archives/edgar/data/723531/000072353116000046/payx-20160531x10k.htm", "calculatedOtherExpenses": 0, "calculatedOperatingExpenses": 948200000, "calculatedNetInterest": 7300000, "calculatedOtherIncome": -2800000, "calculatedIncomeNonControlling": 0, "calculatedEbitda": 1261700000}, {"date": "2015-05-31", "symbol": "PAYX", "reportedCurrency": "USD", "cik": "0000723531", "fillingDate": "2015-07-21", "acceptedDate": "2015-07-21 16:39:00", "calendarYear": "2015", "period": "FY", "revenue": 2739600000, "costOfRevenue": 808000000, "grossProfit": 1931600000, "grossProfitRatio": 0.7050664331, "researchAndDevelopmentExpenses": 0, "generalAndAdministrativeExpenses": 878000000, "sellingAndMarketingExpenses": 0, "sellingGeneralAndAdministrativeExpenses": 878000000, "otherExpenses": 0, "operatingExpenses": 878000000, "costAndExpenses": 1686000000, "interestIncome": 7800000, "interestExpense": 700000, "depreciationAndAmortization": 106600000, "ebitda": 1153800000, "ebitdaratio": 0.4211563732, "operatingIncome": 1053600000, "operatingIncomeRatio": 0.3845816908, "totalOtherIncomeExpensesNet": 6400000, "incomeBeforeTax": 1060000000, "incomeBeforeTaxRatio": 0.3869177982, "incomeTaxExpense": 385100000, "netIncome": 674900000, "netIncomeRatio": 0.2463498321, "eps": 1.86, "epsdiluted": 1.85, "weightedAverageShsOut": 362900000, "weightedAverageShsOutDil": 364600000, "link": "https://www.sec.gov/Archives/edgar/data/723531/000072353115000011/0000723531-15-000011-index.htm", "finalLink": "https://www.sec.gov/Archives/edgar/data/723531/000072353115000011/payx-053115x10k.htm", "calculatedOtherExpenses": 0, "calculatedOperatingExpenses": 878000000, "calculatedNetInterest": 7100000, "calculatedOtherIncome": -700000, "calculatedIncomeNonControlling": 0, "calculatedEbitda": 1160200000}, {"date": "2014-05-31", "symbol": "PAYX", "reportedCurrency": "USD", "cik": "0000723531", "fillingDate": "2014-07-22", "acceptedDate": "2014-07-22 16:54:23", "calendarYear": "2014", "period": "FY", "revenue": 2518900000, "costOfRevenue": 732500000, "grossProfit": 1786400000, "grossProfitRatio": 0.7091984596, "researchAndDevelopmentExpenses": 0, "generalAndAdministrativeExpenses": 803700000, "sellingAndMarketingExpenses": 0, "sellingGeneralAndAdministrativeExpenses": 803700000, "otherExpenses": 0, "operatingExpenses": 803700000, "costAndExpenses": 1536200000, "interestIncome": 6900000, "interestExpense": 1100000, "depreciationAndAmortization": 105000000, "ebitda": 1082300000, "ebitdaratio": 0.4296716821, "operatingIncome": 982700000, "operatingIncomeRatio": 0.3901306126, "totalOtherIncomeExpensesNet": 5400000, "incomeBeforeTax": 988100000, "incomeBeforeTaxRatio": 0.3922744055, "incomeTaxExpense": 360600000, "netIncome": 627500000, "netIncomeRatio": 0.2491166779, "eps": 1.72, "epsdiluted": 1.71, "weightedAverageShsOut": 364500000, "weightedAverageShsOutDil": 366100000, "link": "https://www.sec.gov/Archives/edgar/data/723531/000072353114000014/0000723531-14-000014-index.htm", "finalLink": "https://www.sec.gov/Archives/edgar/data/723531/000072353114000014/payx-053114x10k.htm", "calculatedOtherExpenses": 0, "calculatedOperatingExpenses": 803700000, "calculatedNetInterest": 5800000, "calculatedOtherIncome": -400000, "calculatedIncomeNonControlling": 0, "calculatedEbitda": 1087700000}, {"date": "2013-05-31", "symbol": "PAYX", "reportedCurrency": "USD", "cik": "0000723531", "fillingDate": "2013-07-22", "acceptedDate": "2013-07-22 13:56:25", "calendarYear": "2013", "period": "FY", "revenue": 2326200000, "costOfRevenue": 671300000, "grossProfit": 1654900000, "grossProfitRatio": 0.7114177629, "researchAndDevelopmentExpenses": 0, "generalAndAdministrativeExpenses": 750100000, "sellingAndMarketingExpenses": 0, "sellingGeneralAndAdministrativeExpenses": 750100000, "otherExpenses": 0, "operatingExpenses": 750100000, "costAndExpenses": 1421400000, "interestIncome": 0, "interestExpense": 0, "depreciationAndAmortization": 98200000, "ebitda": 996400000, "ebitdaratio": 0.4283380621, "operatingIncome": 904800000, "operatingIncomeRatio": 0.3889605365, "totalOtherIncomeExpensesNet": 6600000, "incomeBeforeTax": 911400000, "incomeBeforeTaxRatio": 0.3917977818, "incomeTaxExpense": 342400000, "netIncome": 569000000, "netIncomeRatio": 0.2446049351, "eps": 1.56, "epsdiluted": 1.56, "weightedAverageShsOut": 363800000, "weightedAverageShsOutDil": 364700000, "link": "https://www.sec.gov/Archives/edgar/data/723531/000072353113000021/0000723531-13-000021-index.htm", "finalLink": "https://www.sec.gov/Archives/edgar/data/723531/000072353113000021/payx-053113x10k.htm", "calculatedOtherExpenses": 0, "calculatedOperatingExpenses": 750100000, "calculatedNetInterest": 0, "calculatedOtherIncome": 6600000, "calculatedIncomeNonControlling": 0, "calculatedEbitda": 1003000000}, {"date": "2012-05-31", "symbol": "PAYX", "reportedCurrency": "USD", "cik": "0000723531", "fillingDate": "2012-07-20", "acceptedDate": "2012-07-20 16:48:58", "calendarYear": "2012", "period": "FY", "revenue": 2229800000, "costOfRevenue": 680800000, "grossProfit": 1549000000, "grossProfitRatio": 0.6946811373, "researchAndDevelopmentExpenses": 0, "generalAndAdministrativeExpenses": 695100000, "sellingAndMarketingExpenses": 0, "sellingGeneralAndAdministrativeExpenses": 695100000, "otherExpenses": 0, "operatingExpenses": 695100000, "costAndExpenses": 1375900000, "interestIncome": 0, "interestExpense": 0, "depreciationAndAmortization": 97800000, "ebitda": 945300000, "ebitdaratio": 0.4239393668, "operatingIncome": 853900000, "operatingIncomeRatio": 0.3829491434, "totalOtherIncomeExpensesNet": 6400000, "incomeBeforeTax": 860300000, "incomeBeforeTaxRatio": 0.385819356, "incomeTaxExpense": 312300000, "netIncome": 548000000, "netIncomeRatio": 0.2457619517, "eps": 1.51, "epsdiluted": 1.51, "weightedAverageShsOut": 362400000, "weightedAverageShsOutDil": 363000000, "link": "https://www.sec.gov/Archives/edgar/data/723531/000119312512309041/0001193125-12-309041-index.htm", "finalLink": "https://www.sec.gov/Archives/edgar/data/723531/000119312512309041/d336374d10k.htm", "calculatedOtherExpenses": 0, "calculatedOperatingExpenses": 695100000, "calculatedNetInterest": 0, "calculatedOtherIncome": 6400000, "calculatedIncomeNonControlling": 0, "calculatedEbitda": 951700000}, {"date": "2011-05-31", "symbol": "PAYX", "reportedCurrency": "USD", "cik": "0000723531", "fillingDate": "2011-07-15", "acceptedDate": "2011-07-15 17:24:01", "calendarYear": "2011", "period": "FY", "revenue": 2084300000, "costOfRevenue": 653600000, "grossProfit": 1430700000, "grossProfitRatio": 0.6864175023, "researchAndDevelopmentExpenses": 0, "generalAndAdministrativeExpenses": 644300000, "sellingAndMarketingExpenses": 0, "sellingGeneralAndAdministrativeExpenses": 644300000, "otherExpenses": 0, "operatingExpenses": 644300000, "costAndExpenses": 1297900000, "interestIncome": 48100000, "interestExpense": 0, "depreciationAndAmortization": 88700000, "ebitda": 869300000, "ebitdaratio": 0.4170704793, "operatingIncome": 786400000, "operatingIncomeRatio": 0.3772969342, "totalOtherIncomeExpensesNet": 5800000, "incomeBeforeTax": 792200000, "incomeBeforeTaxRatio": 0.380079643, "incomeTaxExpense": 276900000, "netIncome": 515300000, "netIncomeRatio": 0.2472292856, "eps": 1.42, "epsdiluted": 1.42, "weightedAverageShsOut": 361800000, "weightedAverageShsOutDil": 362400000, "link": "https://www.sec.gov/Archives/edgar/data/723531/000095012311065947/0000950123-11-065947-index.htm", "finalLink": "https://www.sec.gov/Archives/edgar/data/723531/000095012311065947/l42678e10vk.htm", "calculatedOtherExpenses": 0, "calculatedOperatingExpenses": 644300000, "calculatedNetInterest": 48100000, "calculatedOtherIncome": -42300000, "calculatedIncomeNonControlling": 0, "calculatedEbitda": 875100000}, {"date": "2010-05-31", "symbol": "PAYX", "reportedCurrency": "USD", "cik": "0000723531", "fillingDate": "2010-07-16", "acceptedDate": "2010-07-16 16:17:20", "calendarYear": "2010", "period": "FY", "revenue": 2000820000, "costOfRevenue": 653585000, "grossProfit": 1347235000, "grossProfitRatio": 0.67334143, "researchAndDevelopmentExpenses": 0, "generalAndAdministrativeExpenses": 622440000, "sellingAndMarketingExpenses": 0, "sellingGeneralAndAdministrativeExpenses": 622440000, "otherExpenses": 0, "operatingExpenses": 622440000, "costAndExpenses": 1276025000, "interestIncome": 55031000, "interestExpense": 0, "depreciationAndAmortization": 86445000, "ebitda": 806727000, "ebitdaratio": 0.4031981887, "operatingIncome": 724795000, "operatingIncomeRatio": 0.3622489779, "totalOtherIncomeExpensesNet": 4513000, "incomeBeforeTax": 729308000, "incomeBeforeTaxRatio": 0.3645045531, "incomeTaxExpense": 252309000, "netIncome": 476999000, "netIncomeRatio": 0.2384017553, "eps": 1.32, "epsdiluted": 1.32, "weightedAverageShsOut": 361359000, "weightedAverageShsOutDil": 361728000, "link": "https://www.sec.gov/Archives/edgar/data/723531/000095012310066009/0000950123-10-066009-index.htm", "finalLink": "https://www.sec.gov/Archives/edgar/data/723531/000095012310066009/l39983e10vk.htm", "calculatedOtherExpenses": 0, "calculatedOperatingExpenses": 622440000, "calculatedNetInterest": 55031000, "calculatedOtherIncome": -50518000, "calculatedIncomeNonControlling": 0, "calculatedEbitda": 811240000}, {"date": "2009-05-31", "symbol": "PAYX", "reportedCurrency": "USD", "cik": "0000723531", "fillingDate": "2009-07-20", "acceptedDate": "2009-07-20 16:24:51", "calendarYear": "2009", "period": "FY", "revenue": 2082759000, "costOfRevenue": 680518000, "grossProfit": 1402241000, "grossProfitRatio": 0.6732612847, "researchAndDevelopmentExpenses": 0, "generalAndAdministrativeExpenses": 597041000, "sellingAndMarketingExpenses": 0, "sellingGeneralAndAdministrativeExpenses": 597041000, "otherExpenses": 0, "operatingExpenses": 597041000, "costAndExpenses": 1277559000, "interestIncome": 75454000, "interestExpense": 0, "depreciationAndAmortization": 108728000, "ebitda": 907053000, "ebitdaratio": 0.4355055002, "operatingIncome": 805200000, "operatingIncomeRatio": 0.3866025786, "totalOtherIncomeExpensesNet": 6875000, "incomeBeforeTax": 812075000, "incomeBeforeTaxRatio": 0.3899034886, "incomeTaxExpense": 278530000, "netIncome": 533545000, "netIncomeRatio": 0.2561722216, "eps": 1.48, "epsdiluted": 1.48, "weightedAverageShsOut": 360783000, "weightedAverageShsOutDil": 360985000, "link": "https://www.sec.gov/Archives/edgar/data/723531/000095012309023519/0000950123-09-023519-index.htm", "finalLink": "https://www.sec.gov/Archives/edgar/data/723531/000095012309023519/l36954ae10vk.htm", "calculatedOtherExpenses": 0, "calculatedOperatingExpenses": 597041000, "calculatedNetInterest": 75454000, "calculatedOtherIncome": -68579000, "calculatedIncomeNonControlling": 0, "calculatedEbitda": 913928000}, {"date": "2008-05-31", "symbol": "PAYX", "reportedCurrency": "USD", "cik": "0000723531", "fillingDate": "2008-07-18", "acceptedDate": "2008-07-18 17:22:53", "calendarYear": "2008", "period": "FY", "revenue": 2066323000, "costOfRevenue": 660735000, "grossProfit": 1405588000, "grossProfitRatio": 0.6802363425, "researchAndDevelopmentExpenses": 0, "generalAndAdministrativeExpenses": 577321000, "sellingAndMarketingExpenses": 0, "sellingGeneralAndAdministrativeExpenses": 577321000, "otherExpenses": 0, "operatingExpenses": 577321000, "costAndExpenses": 1238056000, "interestIncome": 0, "interestExpense": 0, "depreciationAndAmortization": 99647000, "ebitda": 901366000, "ebitdaratio": 0.4362173774, "operatingIncome": 828267000, "operatingIncomeRatio": 0.4008410108, "totalOtherIncomeExpensesNet": 26548000, "incomeBeforeTax": 854815000, "incomeBeforeTaxRatio": 0.4136889538, "incomeTaxExpense": 278670000, "netIncome": 576145000, "netIncomeRatio": 0.2788262048, "eps": 1.56, "epsdiluted": 1.56, "weightedAverageShsOut": 368420000, "weightedAverageShsOutDil": 369528000, "link": "https://www.sec.gov/Archives/edgar/data/723531/000095015208005502/0000950152-08-005502-index.htm", "finalLink": "https://www.sec.gov/Archives/edgar/data/723531/000095015208005502/l32343ae10vk.htm", "calculatedOtherExpenses": 0, "calculatedOperatingExpenses": 577321000, "calculatedNetInterest": 0, "calculatedOtherIncome": 26548000, "calculatedIncomeNonControlling": 0, "calculatedEbitda": 927914000}, {"date": "2007-05-31", "symbol": "PAYX", "reportedCurrency": "USD", "cik": "0000723531", "fillingDate": "2007-07-20", "acceptedDate": "2007-07-20 16:45:30", "calendarYear": "2007", "period": "FY", "revenue": 1886964000, "costOfRevenue": 615479000, "grossProfit": 1271485000, "grossProfitRatio": 0.6738257858, "researchAndDevelopmentExpenses": 0, "generalAndAdministrativeExpenses": 569937000, "sellingAndMarketingExpenses": 0, "sellingGeneralAndAdministrativeExpenses": 569937000, "otherExpenses": 0, "operatingExpenses": 569937000, "costAndExpenses": 1185416000, "interestIncome": 0, "interestExpense": 0, "depreciationAndAmortization": 96986000, "ebitda": 756813000, "ebitdaratio": 0.4010744243, "operatingIncome": 701548000, "operatingIncomeRatio": 0.3717866372, "totalOtherIncomeExpensesNet": 41721000, "incomeBeforeTax": 743269000, "incomeBeforeTaxRatio": 0.3938967569, "incomeTaxExpense": 227822000, "netIncome": 515447000, "netIncomeRatio": 0.2731620741, "eps": 1.35, "epsdiluted": 1.35, "weightedAverageShsOut": 381149000, "weightedAverageShsOutDil": 382802000, "link": "https://www.sec.gov/Archives/edgar/data/723531/000095015207005944/0000950152-07-005944-index.htm", "finalLink": "https://www.sec.gov/Archives/edgar/data/723531/000095015207005944/l26913ae10vk.htm", "calculatedOtherExpenses": 0, "calculatedOperatingExpenses": 569937000, "calculatedNetInterest": 0, "calculatedOtherIncome": 41721000, "calculatedIncomeNonControlling": 0, "calculatedEbitda": 798534000}, {"date": "2006-05-31", "symbol": "PAYX", "reportedCurrency": "USD", "cik": "0000723531", "fillingDate": "2006-07-21", "acceptedDate": "2006-07-21 10:32:39", "calendarYear": "2006", "period": "FY", "revenue": 1674596000, "costOfRevenue": 560255000, "grossProfit": 1114341000, "grossProfitRatio": 0.6654387088, "researchAndDevelopmentExpenses": 0, "generalAndAdministrativeExpenses": 464770000, "sellingAndMarketingExpenses": 0, "sellingGeneralAndAdministrativeExpenses": 464770000, "otherExpenses": -180000, "operatingExpenses": 464590000, "costAndExpenses": 1024845000, "interestIncome": 0, "interestExpense": 0, "depreciationAndAmortization": 94414000, "ebitda": 718970000, "ebitdaratio": 0.429339375, "operatingIncome": 649751000, "operatingIncomeRatio": 0.3880046292, "totalOtherIncomeExpensesNet": 25195000, "incomeBeforeTax": 674766000, "incomeBeforeTaxRatio": 0.4029425605, "incomeTaxExpense": 209852000, "netIncome": 464914000, "netIncomeRatio": 0.2776275591, "eps": 1.23, "epsdiluted": 1.22, "weightedAverageShsOut": 379465000, "weightedAverageShsOutDil": 381351000, "link": "https://www.sec.gov/Archives/edgar/data/723531/000095015206005992/0000950152-06-005992-index.htm", "finalLink": "https://www.sec.gov/Archives/edgar/data/723531/000095015206005992/l20831ae10vk.htm", "calculatedOtherExpenses": -180000, "calculatedOperatingExpenses": 464590000, "calculatedNetInterest": 0, "calculatedOtherIncome": 25015000, "calculatedIncomeNonControlling": 0, "calculatedEbitda": 744165000}, {"date": "2005-05-31", "symbol": "PAYX", "reportedCurrency": "USD", "cik": "0000723531", "fillingDate": "2005-07-22", "acceptedDate": "2005-07-22 13:29:19", "calendarYear": "2005", "period": "FY", "revenue": 1445143000, "costOfRevenue": 329507000, "grossProfit": 1115636000, "grossProfitRatio": 0.7719900384, "researchAndDevelopmentExpenses": 0, "generalAndAdministrativeExpenses": 581861000, "sellingAndMarketingExpenses": 0, "sellingGeneralAndAdministrativeExpenses": 581861000, "otherExpenses": 0, "operatingExpenses": 581861000, "costAndExpenses": 911368000, "interestIncome": 0, "interestExpense": 0, "depreciationAndAmortization": 91855000, "ebitda": 613239000, "ebitdaratio": 0.4243448572, "operatingIncome": 533775000, "operatingIncomeRatio": 0.3693579113, "totalOtherIncomeExpensesNet": 12391000, "incomeBeforeTax": 546166000, "incomeBeforeTaxRatio": 0.3779321493, "incomeTaxExpense": 177317000, "netIncome": 368849000, "netIncomeRatio": 0.2552335651, "eps": 0.97, "epsdiluted": 0.97, "weightedAverageShsOut": 378337000, "weightedAverageShsOutDil": 379763000, "link": "https://www.sec.gov/Archives/edgar/data/723531/000095015205006110/0000950152-05-006110-index.htm", "finalLink": "https://www.sec.gov/Archives/edgar/data/723531/000095015205006110/l14112ae10vk.htm", "calculatedOtherExpenses": 0, "calculatedOperatingExpenses": 581861000, "calculatedNetInterest": 0, "calculatedOtherIncome": 12391000, "calculatedIncomeNonControlling": 0, "calculatedEbitda": 625630000}, {"date": "2004-05-31", "symbol": "PAYX", "reportedCurrency": "USD", "cik": "0000723531", "fillingDate": "2004-07-20", "acceptedDate": "2004-07-19 20:03:53", "calendarYear": "2004", "period": "FY", "revenue": 1294347000, "costOfRevenue": 303436000, "grossProfit": 990911000, "grossProfitRatio": 0.765568275, "researchAndDevelopmentExpenses": 0, "generalAndAdministrativeExpenses": 557596000, "sellingAndMarketingExpenses": 0, "sellingGeneralAndAdministrativeExpenses": 557596000, "otherExpenses": 0, "operatingExpenses": 557596000, "costAndExpenses": 861032000, "interestIncome": 0, "interestExpense": 0, "depreciationAndAmortization": 82791000, "ebitda": 499637000, "ebitdaratio": 0.386014724, "operatingIncome": 433315000, "operatingIncomeRatio": 0.3347749869, "totalOtherIncomeExpensesNet": 16469000, "incomeBeforeTax": 449784000, "incomeBeforeTaxRatio": 0.3474987774, "incomeTaxExpense": 146834000, "netIncome": 302950000, "netIncomeRatio": 0.2340562461, "eps": 0.8, "epsdiluted": 0.8, "weightedAverageShsOut": 377224000, "weightedAverageShsOutDil": 378687500, "link": "https://www.sec.gov/Archives/edgar/data/723531/000095015204005452/0000950152-04-005452-index.htm", "finalLink": "https://www.sec.gov/Archives/edgar/data/723531/000095015204005452/l08538ae10vk.htm", "calculatedOtherExpenses": 0, "calculatedOperatingExpenses": 557596000, "calculatedNetInterest": 0, "calculatedOtherIncome": 16469000, "calculatedIncomeNonControlling": 0, "calculatedEbitda": 516106000}, {"date": "2003-05-31", "symbol": "PAYX", "reportedCurrency": "USD", "cik": "0000723531", "fillingDate": "2003-08-01", "acceptedDate": "2003-08-01 15:25:25", "calendarYear": "2003", "period": "FY", "revenue": 1046029000, "costOfRevenue": 257649000, "grossProfit": 788380000, "grossProfitRatio": 0.7536884733, "researchAndDevelopmentExpenses": 0, "generalAndAdministrativeExpenses": 440389000, "sellingAndMarketingExpenses": 0, "sellingGeneralAndAdministrativeExpenses": 440389000, "otherExpenses": -53050000, "operatingExpenses": 387339000, "costAndExpenses": 644988000, "interestIncome": 0, "interestExpense": 0, "depreciationAndAmortization": 64555000, "ebitda": 435093000, "ebitdaratio": 0.415947359, "operatingIncome": 401041000, "operatingIncomeRatio": 0.3833937682, "totalOtherIncomeExpensesNet": 30503000, "incomeBeforeTax": 431544000, "incomeBeforeTaxRatio": 0.4125545276, "incomeTaxExpense": 138092000, "netIncome": 293452000, "netIncomeRatio": 0.2805390673, "eps": 0.78, "epsdiluted": 0.78, "weightedAverageShsOut": 376263000, "weightedAverageShsOutDil": 378083000, "link": "https://www.sec.gov/Archives/edgar/data/723531/000095015203007265/0000950152-03-007265-index.htm", "finalLink": "https://www.sec.gov/Archives/edgar/data/723531/000095015203007265/l01352ae10vk.htm", "calculatedOtherExpenses": -53050000, "calculatedOperatingExpenses": 387339000, "calculatedNetInterest": 0, "calculatedOtherIncome": 30503000, "calculatedIncomeNonControlling": 0, "calculatedEbitda": 465596000}, {"date": "2002-05-31", "symbol": "PAYX", "reportedCurrency": "USD", "cik": "0000723531", "fillingDate": "2002-07-22", "acceptedDate": "2002-07-22 14:00:34", "calendarYear": "2002", "period": "FY", "revenue": 954910000, "costOfRevenue": 220697000, "grossProfit": 734213000, "grossProfitRatio": 0.7688818842, "researchAndDevelopmentExpenses": 0, "generalAndAdministrativeExpenses": 370519000, "sellingAndMarketingExpenses": 0, "sellingGeneralAndAdministrativeExpenses": 370519000, "otherExpenses": 0, "operatingExpenses": 370519000, "costAndExpenses": 591216000, "interestIncome": 0, "interestExpense": 0, "depreciationAndAmortization": 47392000, "ebitda": 379771000, "ebitdaratio": 0.3977034485, "operatingIncome": 363694000, "operatingIncomeRatio": 0.3808673069, "totalOtherIncomeExpensesNet": 31315000, "incomeBeforeTax": 395009000, "incomeBeforeTaxRatio": 0.4136609733, "incomeTaxExpense": 120478000, "netIncome": 274531000, "netIncomeRatio": 0.2874941094, "eps": 0.73, "epsdiluted": 0.73, "weightedAverageShsOut": 374747000, "weightedAverageShsOutDil": 378002000, "link": "https://www.sec.gov/Archives/edgar/data/723531/000095015202005612/0000950152-02-005612-index.htm", "finalLink": "https://www.sec.gov/Archives/edgar/data/723531/000095015202005612/l95299ae10vk.htm", "calculatedOtherExpenses": 0, "calculatedOperatingExpenses": 370519000, "calculatedNetInterest": 0, "calculatedOtherIncome": 31315000, "calculatedIncomeNonControlling": 0, "calculatedEbitda": 411086000}, {"date": "2001-05-31", "symbol": "PAYX", "reportedCurrency": "USD", "cik": "0000723531", "fillingDate": "2001-08-24", "acceptedDate": "2001-08-24 00:00:00", "calendarYear": "2001", "period": "FY", "revenue": 869857000, "costOfRevenue": 200352000, "grossProfit": 669505000, "grossProfitRatio": 0.7696724864, "researchAndDevelopmentExpenses": 0, "generalAndAdministrativeExpenses": 332803000, "sellingAndMarketingExpenses": 0, "sellingGeneralAndAdministrativeExpenses": 332803000, "otherExpenses": 0, "operatingExpenses": 332803000, "costAndExpenses": 533155000, "interestIncome": 0, "interestExpense": 0, "depreciationAndAmortization": 39139000, "ebitda": 348562000, "ebitdaratio": 0.4007118411, "operatingIncome": 336702000, "operatingIncomeRatio": 0.3870774162, "totalOtherIncomeExpensesNet": 27279000, "incomeBeforeTax": 363981000, "incomeBeforeTaxRatio": 0.4184377432, "incomeTaxExpense": 109112000, "netIncome": 254869000, "netIncomeRatio": 0.2930010335, "eps": 0.68, "epsdiluted": 0.68, "weightedAverageShsOut": 372777000, "weightedAverageShsOutDil": 377510000, "link": "https://www.sec.gov/Archives/edgar/data/723531/000072353101500014/0000723531-01-500014-index.htm", "finalLink": "https://www.sec.gov/Archives/edgar/data/723531/000072353101500014/body10k.txt", "calculatedOtherExpenses": 0, "calculatedOperatingExpenses": 332803000, "calculatedNetInterest": 0, "calculatedOtherIncome": 27279000, "calculatedIncomeNonControlling": 0, "calculatedEbitda": 375841000}, {"date": "2000-05-31", "symbol": "PAYX", "reportedCurrency": "USD", "cik": "0000723531", "fillingDate": "2000-08-28", "acceptedDate": "2000-08-28 00:00:00", "calendarYear": "2000", "period": "FY", "revenue": 728119000, "costOfRevenue": 136997000, "grossProfit": 591122000, "grossProfitRatio": 0.8118480633, "researchAndDevelopmentExpenses": 0, "generalAndAdministrativeExpenses": 295745000, "sellingAndMarketingExpenses": 0, "sellingGeneralAndAdministrativeExpenses": 295745000, "otherExpenses": 36484000, "operatingExpenses": 332229000, "costAndExpenses": 469226000, "interestIncome": 0, "interestExpense": 0, "depreciationAndAmortization": 36484000, "ebitda": 278898000, "ebitdaratio": 0.3830390362, "operatingIncome": 258893000, "operatingIncomeRatio": 0.3555641317, "totalOtherIncomeExpensesNet": 16479000, "incomeBeforeTax": 275372000, "incomeBeforeTaxRatio": 0.3781964212, "incomeTaxExpense": 85365000, "netIncome": 190007000, "netIncomeRatio": 0.2609559701, "eps": 0.51, "epsdiluted": 0.51, "weightedAverageShsOut": 370603000, "weightedAverageShsOutDil": 375081000, "link": "https://www.sec.gov/Archives/edgar/data/723531/000072353100000020/0000723531-00-000020-index.htm", "finalLink": "https://www.sec.gov/Archives/edgar/data/723531/000072353100000020/0000723531-00-000020-0001.txt", "calculatedOtherExpenses": 36484000, "calculatedOperatingExpenses": 332229000, "calculatedNetInterest": 0, "calculatedOtherIncome": 16479000, "calculatedIncomeNonControlling": 0, "calculatedEbitda": 295377000}, {"date": "1999-05-31", "symbol": "PAYX", "reportedCurrency": "USD", "cik": "0000723531", "fillingDate": "1999-08-27", "acceptedDate": "1999-08-27 00:00:00", "calendarYear": "1999", "period": "FY", "revenue": 1175400000, "costOfRevenue": 697200000, "grossProfit": 478200000, "grossProfitRatio": 0.4068402246, "researchAndDevelopmentExpenses": 0, "generalAndAdministrativeExpenses": 257800000, "sellingAndMarketingExpenses": 0, "sellingGeneralAndAdministrativeExpenses": 257800000, "otherExpenses": 32900000, "operatingExpenses": 290700000, "costAndExpenses": 987900000, "interestIncome": 0, "interestExpense": 0, "depreciationAndAmortization": 32900000, "ebitda": 207800000, "ebitdaratio": 0.1767908797, "operatingIncome": 187500000, "operatingIncomeRatio": 0.1595201633, "totalOtherIncomeExpensesNet": 12600000, "incomeBeforeTax": 200100000, "incomeBeforeTaxRatio": 0.1702399183, "incomeTaxExpense": 61000000, "netIncome": 139100000, "netIncomeRatio": 0.1183426918, "eps": 0.25, "epsdiluted": 0.25, "weightedAverageShsOut": 552423000, "weightedAverageShsOutDil": 559773000, "link": "https://www.sec.gov/Archives/edgar/data/723531/000072353199000020/0000723531-99-000020-index.html", "finalLink": "https://www.sec.gov/Archives/edgar/data/723531/000072353199000020/", "calculatedOtherExpenses": 32900000, "calculatedOperatingExpenses": 290700000, "calculatedNetInterest": 0, "calculatedOtherIncome": 12600000, "calculatedIncomeNonControlling": 0, "calculatedEbitda": 220400000}, {"date": "1998-05-31", "symbol": "PAYX", "reportedCurrency": "USD", "cik": "0000723531", "fillingDate": "1998-08-27", "acceptedDate": "1998-08-27 00:00:00", "calendarYear": "1998", "period": "FY", "revenue": 993400000, "costOfRevenue": 604200000, "grossProfit": 389200000, "grossProfitRatio": 0.3917857862, "researchAndDevelopmentExpenses": 0, "generalAndAdministrativeExpenses": 227300000, "sellingAndMarketingExpenses": 0, "sellingGeneralAndAdministrativeExpenses": 227300000, "otherExpenses": 27300000, "operatingExpenses": 254600000, "costAndExpenses": 858800000, "interestIncome": 0, "interestExpense": 0, "depreciationAndAmortization": 27300000, "ebitda": 152400000, "ebitdaratio": 0.1534125226, "operatingIncome": 134600000, "operatingIncomeRatio": 0.1354942621, "totalOtherIncomeExpensesNet": 9500000, "incomeBeforeTax": 144200000, "incomeBeforeTaxRatio": 0.1451580431, "incomeTaxExpense": 42000000, "netIncome": 102200000, "netIncomeRatio": 0.1028790014, "eps": 0.12, "epsdiluted": 0.12, "weightedAverageShsOut": 825234750, "weightedAverageShsOutDil": 834365250, "link": "https://www.sec.gov/Archives/edgar/data/723531/000072353198000014/0000723531-98-000014-index.html", "finalLink": "https://www.sec.gov/Archives/edgar/data/723531/", "calculatedOtherExpenses": 27300000, "calculatedOperatingExpenses": 254600000, "calculatedNetInterest": 0, "calculatedOtherIncome": 9600000, "calculatedIncomeNonControlling": 0, "calculatedEbitda": 161900000}, {"date": "1997-05-31", "symbol": "PAYX", "reportedCurrency": "USD", "cik": "0000723531", "fillingDate": "1997-08-15", "acceptedDate": "1997-08-15 00:00:00", "calendarYear": "1997", "period": "FY", "revenue": 734700000, "costOfRevenue": 428600000, "grossProfit": 306100000, "grossProfitRatio": 0.4166326392, "researchAndDevelopmentExpenses": 0, "generalAndAdministrativeExpenses": 188100000, "sellingAndMarketingExpenses": 0, "sellingGeneralAndAdministrativeExpenses": 188100000, "otherExpenses": 21400000, "operatingExpenses": 209500000, "costAndExpenses": 638100000, "interestIncome": 0, "interestExpense": 0, "depreciationAndAmortization": 21400000, "ebitda": 111000000, "ebitdaratio": 0.1510820743, "operatingIncome": 96600000, "operatingIncomeRatio": 0.1314822376, "totalOtherIncomeExpensesNet": 7000000, "incomeBeforeTax": 103700000, "incomeBeforeTaxRatio": 0.141146046, "incomeTaxExpense": 28500000, "netIncome": 75200000, "netIncomeRatio": 0.1023547026, "eps": 0.0622, "epsdiluted": 0.0622, "weightedAverageShsOut": 366251979, "weightedAverageShsOutDil": 366251979, "link": "https://www.sec.gov/Archives/edgar/data/723531/000072353197000030/0000723531-97-000030-index.html", "finalLink": "https://www.sec.gov/Archives/edgar/data/723531/", "calculatedOtherExpenses": 21400000, "calculatedOperatingExpenses": 209500000, "calculatedNetInterest": 0, "calculatedOtherIncome": 7100000, "calculatedIncomeNonControlling": 0, "calculatedEbitda": 118000000}, {"date": "1996-05-31", "symbol": "PAYX", "reportedCurrency": "USD", "cik": "0000723531", "fillingDate": "1996-08-14", "acceptedDate": "1996-08-14 00:00:00", "calendarYear": "1996", "period": "FY", "revenue": 325300000, "costOfRevenue": 82900000, "grossProfit": 242400000, "grossProfitRatio": 0.7451583154, "researchAndDevelopmentExpenses": 0, "generalAndAdministrativeExpenses": 161000000, "sellingAndMarketingExpenses": 0, "sellingGeneralAndAdministrativeExpenses": 161000000, "otherExpenses": 13900000, "operatingExpenses": 174900000, "costAndExpenses": 257800000, "interestIncome": 0, "interestExpense": 0, "depreciationAndAmortization": 13900000, "ebitda": 76200000, "ebitdaratio": 0.234245312, "operatingIncome": 67500000, "operatingIncomeRatio": 0.2075007685, "totalOtherIncomeExpensesNet": 5200000, "incomeBeforeTax": 72700000, "incomeBeforeTaxRatio": 0.2234860129, "incomeTaxExpense": 20400000, "netIncome": 52300000, "netIncomeRatio": 0.1607746695, "eps": 0.0296, "epsdiluted": 0.0296, "weightedAverageShsOut": 347786156, "weightedAverageShsOutDil": 347786156, "link": "https://www.sec.gov/Archives/edgar/data/723531/000072353196000018/0000723531-96-000018-index.html", "finalLink": "https://www.sec.gov/Archives/edgar/data/723531/", "calculatedOtherExpenses": 13900000, "calculatedOperatingExpenses": 174900000, "calculatedNetInterest": 0, "calculatedOtherIncome": 5200000, "calculatedIncomeNonControlling": 0, "calculatedEbitda": 81400000}, {"date": "1995-05-31", "symbol": "PAYX", "reportedCurrency": "USD", "cik": "0000723531", "fillingDate": "1995-08-18", "acceptedDate": "1995-08-18 00:00:00", "calendarYear": "1995", "period": "FY", "revenue": 267200000, "costOfRevenue": 67600000, "grossProfit": 199600000, "grossProfitRatio": 0.747005988, "researchAndDevelopmentExpenses": 0, "generalAndAdministrativeExpenses": 137600000, "sellingAndMarketingExpenses": 0, "sellingGeneralAndAdministrativeExpenses": 137600000, "otherExpenses": 11000000, "operatingExpenses": 148600000, "costAndExpenses": 216200000, "interestIncome": 0, "interestExpense": 0, "depreciationAndAmortization": 11000000, "ebitda": 58500000, "ebitdaratio": 0.2189371257, "operatingIncome": 51000000, "operatingIncomeRatio": 0.1908682635, "totalOtherIncomeExpensesNet": 3500000, "incomeBeforeTax": 54300000, "incomeBeforeTaxRatio": 0.2032185629, "incomeTaxExpense": 15300000, "netIncome": 39000000, "netIncomeRatio": 0.1459580838, "eps": 0.11, "epsdiluted": 0.11, "weightedAverageShsOut": 341156812, "weightedAverageShsOutDil": 341156812, "link": "https://www.sec.gov/Archives/edgar/data/723531/000072353195000026/0000723531-95-000026-index.html", "finalLink": "https://www.sec.gov/Archives/edgar/data/723531/", "calculatedOtherExpenses": 11000000, "calculatedOperatingExpenses": 148600000, "calculatedNetInterest": 0, "calculatedOtherIncome": 3300000, "calculatedIncomeNonControlling": 0, "calculatedEbitda": 62000000}, {"date": "1994-05-31", "symbol": "PAYX", "reportedCurrency": "USD", "cik": "0000723531", "fillingDate": "1994-05-31", "acceptedDate": "1994-05-30 20:00:00", "calendarYear": "1994", "period": "FY", "revenue": 224100000, "costOfRevenue": 56900000, "grossProfit": 167200000, "grossProfitRatio": 0.7460954931, "researchAndDevelopmentExpenses": 0, "generalAndAdministrativeExpenses": 0, "sellingAndMarketingExpenses": 0, "sellingGeneralAndAdministrativeExpenses": 119200000, "otherExpenses": 11200000, "operatingExpenses": 130400000, "costAndExpenses": 187300000, "interestIncome": 0, "interestExpense": 0, "depreciationAndAmortization": 11200000, "ebitda": 45700000, "ebitdaratio": 0.2039268184, "operatingIncome": 36800000, "operatingIncomeRatio": 0.1642124052, "totalOtherIncomeExpensesNet": 2300000, "incomeBeforeTax": 39000000, "incomeBeforeTaxRatio": 0.1740294511, "incomeTaxExpense": 10900000, "netIncome": 28100000, "netIncomeRatio": 0.1253904507, "eps": 0.007, "epsdiluted": 0.007, "weightedAverageShsOut": 339635682, "weightedAverageShsOutDil": 339635682, "link": "", "finalLink": "", "calculatedOtherExpenses": 11200000, "calculatedOperatingExpenses": 130400000, "calculatedNetInterest": 0, "calculatedOtherIncome": 2200000, "calculatedIncomeNonControlling": 0, "calculatedEbitda": 48000000}, {"date": "1993-05-31", "symbol": "PAYX", "reportedCurrency": "USD", "cik": "0000723531", "fillingDate": "1993-05-31", "acceptedDate": "1993-05-30 20:00:00", "calendarYear": "1993", "period": "FY", "revenue": 190000000, "costOfRevenue": 50000000, "grossProfit": 140000000, "grossProfitRatio": 0.7368421053, "researchAndDevelopmentExpenses": 0, "generalAndAdministrativeExpenses": 0, "sellingAndMarketingExpenses": 0, "sellingGeneralAndAdministrativeExpenses": 102700000, "otherExpenses": 10700000, "operatingExpenses": 113400000, "costAndExpenses": 163400000, "interestIncome": 0, "interestExpense": 0, "depreciationAndAmortization": 10700000, "ebitda": 35800000, "ebitdaratio": 0.1884210526, "operatingIncome": 26600000, "operatingIncomeRatio": 0.14, "totalOtherIncomeExpensesNet": 1500000, "incomeBeforeTax": 28100000, "incomeBeforeTaxRatio": 0.1478947368, "incomeTaxExpense": 8100000, "netIncome": 20000000, "netIncomeRatio": 0.1052631579, "eps": 0.0035, "epsdiluted": 0.0035, "weightedAverageShsOut": 338290855, "weightedAverageShsOutDil": 338290855, "link": "", "finalLink": "", "calculatedOtherExpenses": 10700000, "calculatedOperatingExpenses": 113400000, "calculatedNetInterest": 0, "calculatedOtherIncome": 1500000, "calculatedIncomeNonControlling": 0, "calculatedEbitda": 37300000}, {"date": "1992-05-31", "symbol": "PAYX", "reportedCurrency": "USD", "cik": "0000723531", "fillingDate": "1992-05-31", "acceptedDate": "1992-05-30 20:00:00", "calendarYear": "1992", "period": "FY", "revenue": 161300000, "costOfRevenue": 43400000, "grossProfit": 117900000, "grossProfitRatio": 0.7309361438, "researchAndDevelopmentExpenses": 0, "generalAndAdministrativeExpenses": 0, "sellingAndMarketingExpenses": 0, "sellingGeneralAndAdministrativeExpenses": 89200000, "otherExpenses": 9800000, "operatingExpenses": 99000000, "costAndExpenses": 142400000, "interestIncome": 0, "interestExpense": 0, "depreciationAndAmortization": 9800000, "ebitda": 27800000, "ebitdaratio": 0.172349659, "operatingIncome": 18900000, "operatingIncomeRatio": 0.1171729696, "totalOtherIncomeExpensesNet": 900000, "incomeBeforeTax": 19500000, "incomeBeforeTaxRatio": 0.1208927464, "incomeTaxExpense": 5800000, "netIncome": 13700000, "netIncomeRatio": 0.0849349039, "eps": 0.0023, "epsdiluted": 0.0023, "weightedAverageShsOut": 336539730, "weightedAverageShsOutDil": 336539730, "link": "", "finalLink": "", "calculatedOtherExpenses": 9800000, "calculatedOperatingExpenses": 99000000, "calculatedNetInterest": 0, "calculatedOtherIncome": 600000, "calculatedIncomeNonControlling": 0, "calculatedEbitda": 28700000}, {"date": "1991-05-31", "symbol": "PAYX", "reportedCurrency": "USD", "cik": "0000723531", "fillingDate": "1991-05-31", "acceptedDate": "1991-05-30 20:00:00", "calendarYear": "1991", "period": "FY", "revenue": 137100000, "costOfRevenue": 41600000, "grossProfit": 95500000, "grossProfitRatio": 0.6965718454, "researchAndDevelopmentExpenses": 0, "generalAndAdministrativeExpenses": 0, "sellingAndMarketingExpenses": 0, "sellingGeneralAndAdministrativeExpenses": 73800000, "otherExpenses": 8400000, "operatingExpenses": 82200000, "costAndExpenses": 123800000, "interestIncome": 0, "interestExpense": 0, "depreciationAndAmortization": 8400000, "ebitda": 20700000, "ebitdaratio": 0.1509846827, "operatingIncome": 13300000, "operatingIncomeRatio": 0.0970094821, "totalOtherIncomeExpensesNet": 1000000, "incomeBeforeTax": 14000000, "incomeBeforeTaxRatio": 0.1021152443, "incomeTaxExpense": 4400000, "netIncome": 9600000, "netIncomeRatio": 0.0700218818, "eps": 0.0012, "epsdiluted": 0.0012, "weightedAverageShsOut": 333472264, "weightedAverageShsOutDil": 333472264, "link": "", "finalLink": "", "calculatedOtherExpenses": 8400000, "calculatedOperatingExpenses": 82200000, "calculatedNetInterest": 0, "calculatedOtherIncome": 700000, "calculatedIncomeNonControlling": 0, "calculatedEbitda": 21700000}, {"date": "1990-05-31", "symbol": "PAYX", "reportedCurrency": "USD", "cik": "0000723531", "fillingDate": "1990-05-31", "acceptedDate": "1990-05-30 20:00:00", "calendarYear": "1990", "period": "FY", "revenue": 120200000, "costOfRevenue": 37700000, "grossProfit": 82500000, "grossProfitRatio": 0.6863560732, "researchAndDevelopmentExpenses": 0, "generalAndAdministrativeExpenses": 0, "sellingAndMarketingExpenses": 0, "sellingGeneralAndAdministrativeExpenses": 63000000, "otherExpenses": 7300000, "operatingExpenses": 70300000, "costAndExpenses": 108000000, "interestIncome": 0, "interestExpense": 0, "depreciationAndAmortization": 7300000, "ebitda": 18200000, "ebitdaratio": 0.1514143095, "operatingIncome": 12200000, "operatingIncomeRatio": 0.1014975042, "totalOtherIncomeExpensesNet": 1300000, "incomeBeforeTax": 13200000, "incomeBeforeTaxRatio": 0.1098169717, "incomeTaxExpense": 4600000, "netIncome": 8600000, "netIncomeRatio": 0.071547421, "eps": 0.0012, "epsdiluted": 0.0012, "weightedAverageShsOut": 333104948, "weightedAverageShsOutDil": 333104948, "link": "", "finalLink": "", "calculatedOtherExpenses": 7300000, "calculatedOperatingExpenses": 70300000, "calculatedNetInterest": 0, "calculatedOtherIncome": 1000000, "calculatedIncomeNonControlling": 0, "calculatedEbitda": 19500000}, {"date": "1989-05-31", "symbol": "PAYX", "reportedCurrency": "USD", "cik": "0000723531", "fillingDate": "1989-05-31", "acceptedDate": "1989-05-30 20:00:00", "calendarYear": "1989", "period": "FY", "revenue": 101200000, "costOfRevenue": 29600000, "grossProfit": 71600000, "grossProfitRatio": 0.7075098814, "researchAndDevelopmentExpenses": 0, "generalAndAdministrativeExpenses": 0, "sellingAndMarketingExpenses": 0, "sellingGeneralAndAdministrativeExpenses": 51500000, "otherExpenses": 5900000, "operatingExpenses": 57400000, "costAndExpenses": 87000000, "interestIncome": 0, "interestExpense": 0, "depreciationAndAmortization": 5900000, "ebitda": 19000000, "ebitdaratio": 0.1877470356, "operatingIncome": 14200000, "operatingIncomeRatio": 0.1403162055, "totalOtherIncomeExpensesNet": 1100000, "incomeBeforeTax": 14900000, "incomeBeforeTaxRatio": 0.1472332016, "incomeTaxExpense": 5500000, "netIncome": 9400000, "netIncomeRatio": 0.0928853755, "eps": 0.0012, "epsdiluted": 0.0012, "weightedAverageShsOut": 332490255, "weightedAverageShsOutDil": 332490255, "link": "", "finalLink": "", "calculatedOtherExpenses": 5900000, "calculatedOperatingExpenses": 57400000, "calculatedNetInterest": 0, "calculatedOtherIncome": 700000, "calculatedIncomeNonControlling": 0, "calculatedEbitda": 20100000}, {"date": "1988-05-31", "symbol": "PAYX", "reportedCurrency": "USD", "cik": "0000723531", "fillingDate": "1988-05-31", "acceptedDate": "1988-05-30 20:00:00", "calendarYear": "1988", "period": "FY", "revenue": 79400000, "costOfRevenue": 27500000, "grossProfit": 51900000, "grossProfitRatio": 0.6536523929, "researchAndDevelopmentExpenses": 0, "generalAndAdministrativeExpenses": 0, "sellingAndMarketingExpenses": 0, "sellingGeneralAndAdministrativeExpenses": 40800000, "otherExpenses": 300000, "operatingExpenses": 41100000, "costAndExpenses": 68600000, "interestIncome": 0, "interestExpense": 0, "depreciationAndAmortization": 300000, "ebitda": 10400000, "ebitdaratio": 0.1309823678, "operatingIncome": 10800000, "operatingIncomeRatio": 0.1360201511, "totalOtherIncomeExpensesNet": 700000, "incomeBeforeTax": 11200000, "incomeBeforeTaxRatio": 0.1410579345, "incomeTaxExpense": 4300000, "netIncome": 6900000, "netIncomeRatio": 0.0869017632, "eps": 0.0008, "epsdiluted": 0.0008, "weightedAverageShsOut": 329952024, "weightedAverageShsOutDil": 329952024, "link": "", "finalLink": "", "calculatedOtherExpenses": 300000, "calculatedOperatingExpenses": 41100000, "calculatedNetInterest": 0, "calculatedOtherIncome": 400000, "calculatedIncomeNonControlling": 0, "calculatedEbitda": 11100000}, {"date": "1987-05-31", "symbol": "PAYX", "reportedCurrency": "USD", "cik": "0000723531", "fillingDate": "1987-05-31", "acceptedDate": "1987-05-30 20:00:00", "calendarYear": "1987", "period": "FY", "revenue": 63900000, "costOfRevenue": 18300000, "grossProfit": 45600000, "grossProfitRatio": 0.7136150235, "researchAndDevelopmentExpenses": 0, "generalAndAdministrativeExpenses": 0, "sellingAndMarketingExpenses": 0, "sellingGeneralAndAdministrativeExpenses": 32100000, "otherExpenses": 3400000, "operatingExpenses": 35500000, "costAndExpenses": 53800000, "interestIncome": 0, "interestExpense": 0, "depreciationAndAmortization": 3400000, "ebitda": 13100000, "ebitdaratio": 0.2050078247, "operatingIncome": 10100000, "operatingIncomeRatio": 0.1580594679, "totalOtherIncomeExpensesNet": 400000, "incomeBeforeTax": 10200000, "incomeBeforeTaxRatio": 0.1596244131, "incomeTaxExpense": 5100000, "netIncome": 5100000, "netIncomeRatio": 0.0798122066, "eps": 0.0003, "epsdiluted": 0.0003, "weightedAverageShsOut": 333301349, "weightedAverageShsOutDil": 333301349, "link": "", "finalLink": "", "calculatedOtherExpenses": 3400000, "calculatedOperatingExpenses": 35500000, "calculatedNetInterest": 0, "calculatedOtherIncome": 100000, "calculatedIncomeNonControlling": 0, "calculatedEbitda": 13500000}, {"date": "1986-05-31", "symbol": "PAYX", "reportedCurrency": "USD", "cik": "0000723531", "fillingDate": "1986-05-31", "acceptedDate": "1986-05-30 20:00:00", "calendarYear": "1986", "period": "FY", "revenue": 50700000, "costOfRevenue": 15200000, "grossProfit": 35500000, "grossProfitRatio": 0.7001972387, "researchAndDevelopmentExpenses": 0, "generalAndAdministrativeExpenses": 0, "sellingAndMarketingExpenses": 0, "sellingGeneralAndAdministrativeExpenses": 25200000, "otherExpenses": 2600000, "operatingExpenses": 27800000, "costAndExpenses": 43000000, "interestIncome": 0, "interestExpense": 0, "depreciationAndAmortization": 2600000, "ebitda": 10000000, "ebitdaratio": 0.1972386588, "operatingIncome": 7700000, "operatingIncomeRatio": 0.1518737673, "totalOtherIncomeExpensesNet": 300000, "incomeBeforeTax": 7800000, "incomeBeforeTaxRatio": 0.1538461538, "incomeTaxExpense": 3600000, "netIncome": 4200000, "netIncomeRatio": 0.0828402367, "eps": 0.0002, "epsdiluted": 0.0002, "weightedAverageShsOut": 326511244, "weightedAverageShsOutDil": 326511244, "link": "", "finalLink": "", "calculatedOtherExpenses": 2600000, "calculatedOperatingExpenses": 27800000, "calculatedNetInterest": 0, "calculatedOtherIncome": 100000, "calculatedIncomeNonControlling": 0, "calculatedEbitda": 10300000}]}