{"originalCurrency": "USD", "convertedCurrency": "USD", "report": [{"date": "2023-12-31", "symbol": "PB", "reportedCurrency": "USD", "cik": "0001068851", "fillingDate": "2023-12-31", "acceptedDate": "2023-12-29 19:00:00", "calendarYear": "2023", "period": "FY", "revenue": 1596656000, "costOfRevenue": -1898000, "grossProfit": 1598554000, "grossProfitRatio": 1.0011887345, "researchAndDevelopmentExpenses": 0, "generalAndAdministrativeExpenses": 372344000, "sellingAndMarketingExpenses": 3230000, "sellingGeneralAndAdministrativeExpenses": 375574000, "otherExpenses": -151089000, "operatingExpenses": 151089000, "costAndExpenses": 1049049000, "interestIncome": 1444543000, "interestExpense": 206361000, "depreciationAndAmortization": 30959000, "ebitda": 30959000, "ebitdaratio": 0.0193898999, "operatingIncome": 601600000, "operatingIncomeRatio": 0.3767874858, "totalOtherIncomeExpensesNet": 534460000, "incomeBeforeTax": 534460000, "incomeBeforeTaxRatio": 0.3347371005, "incomeTaxExpense": 115144000, "netIncome": 419316000, "netIncomeRatio": 0.2626213787, "eps": 4.51, "epsdiluted": 4.51, "weightedAverageShsOut": 92902000, "weightedAverageShsOutDil": 92902000, "link": null, "finalLink": null, "calculatedOtherExpenses": 621380000, "calculatedOperatingExpenses": 996954000, "calculatedNetInterest": 1238182000, "calculatedOtherIncome": -1305322000, "calculatedIncomeNonControlling": 0, "calculatedEbitda": 632559000}, {"date": "2022-12-31", "symbol": "PB", "reportedCurrency": "USD", "cik": "0001068851", "fillingDate": "2023-02-27", "acceptedDate": "2023-02-24 18:19:55", "calendarYear": "2022", "period": "FY", "revenue": 1113915000, "costOfRevenue": 0, "grossProfit": 1113915000, "grossProfitRatio": 1, "researchAndDevelopmentExpenses": 0, "generalAndAdministrativeExpenses": 339099000, "sellingAndMarketingExpenses": 3201000, "sellingGeneralAndAdministrativeExpenses": 339099000, "otherExpenses": 415795000, "operatingExpenses": 754894000, "costAndExpenses": 754894000, "interestIncome": 1094835000, "interestExpense": 89604000, "depreciationAndAmortization": 28296000, "ebitda": 784073000, "ebitdaratio": 0.703889435, "operatingIncome": 755777000, "operatingIncomeRatio": 0.6784871377, "totalOtherIncomeExpensesNet": -89604000, "incomeBeforeTax": 666173000, "incomeBeforeTaxRatio": 0.5980465296, "incomeTaxExpense": 141657000, "netIncome": 524516000, "netIncomeRatio": 0.4708761441, "eps": 5.73, "epsdiluted": 5.73, "weightedAverageShsOut": 91604000, "weightedAverageShsOutDil": 91604000, "link": "https://www.sec.gov/Archives/edgar/data/1068851/000095017023004425/0000950170-23-004425-index.htm", "finalLink": "https://www.sec.gov/Archives/edgar/data/1068851/000095017023004425/pb-20221231.htm", "calculatedOtherExpenses": 19039000, "calculatedOperatingExpenses": 358138000, "calculatedNetInterest": 1005231000, "calculatedOtherIncome": -1094835000, "calculatedIncomeNonControlling": 0, "calculatedEbitda": 784073000}, {"date": "2021-12-31", "symbol": "PB", "reportedCurrency": "USD", "cik": "0001068851", "fillingDate": "2022-02-28", "acceptedDate": "2022-02-25 18:39:35", "calendarYear": "2021", "period": "FY", "revenue": 1100890000, "costOfRevenue": 0, "grossProfit": 1100890000, "grossProfitRatio": 1, "researchAndDevelopmentExpenses": 0, "generalAndAdministrativeExpenses": 333222000, "sellingAndMarketingExpenses": 3179000, "sellingGeneralAndAdministrativeExpenses": 333222000, "otherExpenses": -774458000, "operatingExpenses": -441236000, "costAndExpenses": -441236000, "interestIncome": 1046923000, "interestExpense": 53615000, "depreciationAndAmortization": 29646000, "ebitda": 689300000, "ebitdaratio": 0.6261297677, "operatingIncome": 659654000, "operatingIncomeRatio": 0.5992006467, "totalOtherIncomeExpensesNet": 659654000, "incomeBeforeTax": 659654000, "incomeBeforeTaxRatio": 0.5992006467, "incomeTaxExpense": 140357000, "netIncome": 519297000, "netIncomeRatio": 0.4717065284, "eps": 5.6, "epsdiluted": 5.6, "weightedAverageShsOut": 92657000, "weightedAverageShsOutDil": 92657000, "link": "https://www.sec.gov/Archives/edgar/data/1068851/000156459022007263/0001564590-22-007263-index.htm", "finalLink": "https://www.sec.gov/Archives/edgar/data/1068851/000156459022007263/pb-10k_20211231.htm", "calculatedOtherExpenses": 108014000, "calculatedOperatingExpenses": 441236000, "calculatedNetInterest": 993308000, "calculatedOtherIncome": -993308000, "calculatedIncomeNonControlling": 0, "calculatedEbitda": 689300000}, {"date": "2020-12-31", "symbol": "PB", "reportedCurrency": "USD", "cik": "0001068851", "fillingDate": "2021-02-26", "acceptedDate": "2021-02-26 17:16:30", "calendarYear": "2020", "period": "FY", "revenue": 1122396000, "costOfRevenue": 0, "grossProfit": 1122396000, "grossProfitRatio": 1, "researchAndDevelopmentExpenses": 0, "generalAndAdministrativeExpenses": 331606000, "sellingAndMarketingExpenses": 3486000, "sellingGeneralAndAdministrativeExpenses": 331606000, "otherExpenses": -808968000, "operatingExpenses": -477362000, "costAndExpenses": -477362000, "interestIncome": 1143910000, "interestExpense": 113177000, "depreciationAndAmortization": 31401000, "ebitda": 676435000, "ebitdaratio": 0.602670537, "operatingIncome": 645034000, "operatingIncomeRatio": 0.5746937801, "totalOtherIncomeExpensesNet": 645034000, "incomeBeforeTax": 645034000, "incomeBeforeTaxRatio": 0.5746937801, "incomeTaxExpense": 116130000, "netIncome": 528904000, "netIncomeRatio": 0.4712276238, "eps": 5.68, "epsdiluted": 5.68, "weightedAverageShsOut": 93058000, "weightedAverageShsOutDil": 93058000, "link": "https://www.sec.gov/Archives/edgar/data/1068851/000156459021009500/0001564590-21-009500-index.htm", "finalLink": "https://www.sec.gov/Archives/edgar/data/1068851/000156459021009500/pb-10k_20201231.htm", "calculatedOtherExpenses": 145756000, "calculatedOperatingExpenses": 477362000, "calculatedNetInterest": 1030733000, "calculatedOtherIncome": -1030733000, "calculatedIncomeNonControlling": 0, "calculatedEbitda": 676435000}, {"date": "2019-12-31", "symbol": "PB", "reportedCurrency": "USD", "cik": "0001068851", "fillingDate": "2020-02-28", "acceptedDate": "2020-02-28 17:14:39", "calendarYear": "2019", "period": "FY", "revenue": 796821000, "costOfRevenue": 0, "grossProfit": 796821000, "grossProfitRatio": 1, "researchAndDevelopmentExpenses": 0, "generalAndAdministrativeExpenses": 244635000, "sellingAndMarketingExpenses": 3207000, "sellingGeneralAndAdministrativeExpenses": 244635000, "otherExpenses": -622248000, "operatingExpenses": -377613000, "costAndExpenses": -377613000, "interestIncome": 832938000, "interestExpense": 137169000, "depreciationAndAmortization": 20250000, "ebitda": 439458000, "ebitdaratio": 0.5515140791, "operatingIncome": 419208000, "operatingIncomeRatio": 0.5261005922, "totalOtherIncomeExpensesNet": 419208000, "incomeBeforeTax": 419208000, "incomeBeforeTaxRatio": 0.5261005922, "incomeTaxExpense": 86656000, "netIncome": 332552000, "netIncomeRatio": 0.4173484384, "eps": 4.52, "epsdiluted": 4.52, "weightedAverageShsOut": 73524000, "weightedAverageShsOutDil": 73524000, "link": "https://www.sec.gov/Archives/edgar/data/1068851/000156459020007837/0001564590-20-007837-index.htm", "finalLink": "https://www.sec.gov/Archives/edgar/data/1068851/000156459020007837/pb-10k_20191231.htm", "calculatedOtherExpenses": 132978000, "calculatedOperatingExpenses": 377613000, "calculatedNetInterest": 695769000, "calculatedOtherIncome": -695769000, "calculatedIncomeNonControlling": 0, "calculatedEbitda": 439458000}, {"date": "2018-12-31", "symbol": "PB", "reportedCurrency": "USD", "cik": "0001068851", "fillingDate": "2019-02-27", "acceptedDate": "2019-02-27 17:28:57", "calendarYear": "2018", "period": "FY", "revenue": 727594000, "costOfRevenue": 0, "grossProfit": 727594000, "grossProfitRatio": 1, "researchAndDevelopmentExpenses": 0, "generalAndAdministrativeExpenses": 230810000, "sellingAndMarketingExpenses": 2838000, "sellingGeneralAndAdministrativeExpenses": 230810000, "otherExpenses": -467862000, "operatingExpenses": -227164000, "costAndExpenses": -227164000, "interestIncome": 727209000, "interestExpense": 97616000, "depreciationAndAmortization": 18324000, "ebitda": 518975000, "ebitdaratio": 0.7132755355, "operatingIncome": 500651000, "operatingIncomeRatio": 0.6880911607, "totalOtherIncomeExpensesNet": -97616000, "incomeBeforeTax": 403035000, "incomeBeforeTaxRatio": 0.5539284271, "incomeTaxExpense": 81223000, "netIncome": 321812000, "netIncomeRatio": 0.4422961157, "eps": 4.61, "epsdiluted": 4.61, "weightedAverageShsOut": 69821000, "weightedAverageShsOutDil": 69821000, "link": "https://www.sec.gov/Archives/edgar/data/1068851/000156459019005001/0001564590-19-005001-index.htm", "finalLink": "https://www.sec.gov/Archives/edgar/data/1068851/000156459019005001/pb-10k_20181231.htm", "calculatedOtherExpenses": -3867000, "calculatedOperatingExpenses": 226943000, "calculatedNetInterest": 629593000, "calculatedOtherIncome": -727209000, "calculatedIncomeNonControlling": 0, "calculatedEbitda": 518975000}, {"date": "2017-12-31", "symbol": "PB", "reportedCurrency": "USD", "cik": "0001068851", "fillingDate": "2018-02-28", "acceptedDate": "2018-02-27 21:34:02", "calendarYear": "2017", "period": "FY", "revenue": 713509000, "costOfRevenue": 0, "grossProfit": 713509000, "grossProfitRatio": 1, "researchAndDevelopmentExpenses": 0, "generalAndAdministrativeExpenses": 217312000, "sellingAndMarketingExpenses": 2932000, "sellingGeneralAndAdministrativeExpenses": 217312000, "otherExpenses": -467016000, "operatingExpenses": -249704000, "costAndExpenses": -2757000, "interestIncome": 677355000, "interestExpense": 60492000, "depreciationAndAmortization": 19157000, "ebitda": 485719000, "ebitdaratio": 0.6807468441, "operatingIncome": 466562000, "operatingIncomeRatio": 0.6538978485, "totalOtherIncomeExpensesNet": -60492000, "incomeBeforeTax": 406070000, "incomeBeforeTaxRatio": 0.5691168577, "incomeTaxExpense": 133905000, "netIncome": 272165000, "netIncomeRatio": 0.3814457841, "eps": 3.92, "epsdiluted": 3.92, "weightedAverageShsOut": 69484000, "weightedAverageShsOutDil": 69484000, "link": "https://www.sec.gov/Archives/edgar/data/1068851/000156459018003637/0001564590-18-003637-index.htm", "finalLink": "https://www.sec.gov/Archives/edgar/data/1068851/000156459018003637/pb-10k_20171231.htm", "calculatedOtherExpenses": 29635000, "calculatedOperatingExpenses": 246947000, "calculatedNetInterest": 616863000, "calculatedOtherIncome": -677355000, "calculatedIncomeNonControlling": 0, "calculatedEbitda": 485719000}, {"date": "2016-12-31", "symbol": "PB", "reportedCurrency": "USD", "cik": "0001068851", "fillingDate": "2017-02-28", "acceptedDate": "2017-02-28 17:27:10", "calendarYear": "2016", "period": "FY", "revenue": 733709000, "costOfRevenue": 0, "grossProfit": 733709000, "grossProfitRatio": 1, "researchAndDevelopmentExpenses": 0, "generalAndAdministrativeExpenses": 222193000, "sellingAndMarketingExpenses": 2845000, "sellingGeneralAndAdministrativeExpenses": 222193000, "otherExpenses": -504371000, "operatingExpenses": -282178000, "costAndExpenses": -286000, "interestIncome": 675779000, "interestExpense": 43159000, "depreciationAndAmortization": 22294000, "ebitda": 474111000, "ebitdaratio": 0.6461839776, "operatingIncome": 451817000, "operatingIncomeRatio": 0.6157986341, "totalOtherIncomeExpensesNet": -43159000, "incomeBeforeTax": 408658000, "incomeBeforeTaxRatio": 0.5569755857, "incomeTaxExpense": 134192000, "netIncome": 274466000, "netIncomeRatio": 0.3740801871, "eps": 3.94, "epsdiluted": 3.94, "weightedAverageShsOut": 69674000, "weightedAverageShsOutDil": 69680000, "link": "https://www.sec.gov/Archives/edgar/data/1068851/000156459017002903/0001564590-17-002903-index.htm", "finalLink": "https://www.sec.gov/Archives/edgar/data/1068851/000156459017002903/pb-10k_20161231.htm", "calculatedOtherExpenses": 59699000, "calculatedOperatingExpenses": 281892000, "calculatedNetInterest": 632620000, "calculatedOtherIncome": -675779000, "calculatedIncomeNonControlling": 0, "calculatedEbitda": 474111000}, {"date": "2015-12-31", "symbol": "PB", "reportedCurrency": "USD", "cik": "0001068851", "fillingDate": "2016-02-29", "acceptedDate": "2016-02-29 17:39:17", "calendarYear": "2015", "period": "FY", "revenue": 735543000, "costOfRevenue": 0, "grossProfit": 735543000, "grossProfitRatio": 1, "researchAndDevelopmentExpenses": 0, "generalAndAdministrativeExpenses": 218426000, "sellingAndMarketingExpenses": 2974000, "sellingGeneralAndAdministrativeExpenses": 218426000, "otherExpenses": -484549000, "operatingExpenses": -266123000, "costAndExpenses": 34000, "interestIncome": 669701000, "interestExpense": 39191000, "depreciationAndAmortization": 22489000, "ebitda": 491875000, "ebitdaratio": 0.6687236504, "operatingIncome": 469386000, "operatingIncomeRatio": 0.6381489593, "totalOtherIncomeExpensesNet": -39191000, "incomeBeforeTax": 430195000, "incomeBeforeTaxRatio": 0.5848672341, "incomeTaxExpense": 143549000, "netIncome": 286646000, "netIncomeRatio": 0.3897066521, "eps": 4.09, "epsdiluted": 4.09, "weightedAverageShsOut": 70033000, "weightedAverageShsOutDil": 70049000, "link": "https://www.sec.gov/Archives/edgar/data/1068851/000119312516485648/0001193125-16-485648-index.htm", "finalLink": "https://www.sec.gov/Archives/edgar/data/1068851/000119312516485648/d240524d10k.htm", "calculatedOtherExpenses": 47731000, "calculatedOperatingExpenses": 266157000, "calculatedNetInterest": 630510000, "calculatedOtherIncome": -669701000, "calculatedIncomeNonControlling": 0, "calculatedEbitda": 491875000}, {"date": "2014-12-31", "symbol": "PB", "reportedCurrency": "USD", "cik": "0001068851", "fillingDate": "2015-03-02", "acceptedDate": "2015-03-02 16:59:34", "calendarYear": "2014", "period": "FY", "revenue": 778236000, "costOfRevenue": 0, "grossProfit": 778236000, "grossProfitRatio": 1, "researchAndDevelopmentExpenses": 0, "generalAndAdministrativeExpenses": 225896000, "sellingAndMarketingExpenses": 3016000, "sellingGeneralAndAdministrativeExpenses": 225896000, "otherExpenses": -514742000, "operatingExpenses": -288846000, "costAndExpenses": -288846000, "interestIncome": 714795000, "interestExpense": 43641000, "depreciationAndAmortization": 23670000, "ebitda": 513060000, "ebitdaratio": 0.659260173, "operatingIncome": 489390000, "operatingIncomeRatio": 0.6288452346, "totalOtherIncomeExpensesNet": -43641000, "incomeBeforeTax": 445749000, "incomeBeforeTaxRatio": 0.5727684147, "incomeTaxExpense": 148308000, "netIncome": 297441000, "netIncomeRatio": 0.3821989731, "eps": 4.32, "epsdiluted": 4.32, "weightedAverageShsOut": 68855000, "weightedAverageShsOutDil": 68911000, "link": "https://www.sec.gov/Archives/edgar/data/1068851/000143774915003837/0001437749-15-003837-index.htm", "finalLink": "https://www.sec.gov/Archives/edgar/data/1068851/000143774915003837/pb20141231_10k.htm", "calculatedOtherExpenses": 62950000, "calculatedOperatingExpenses": 288846000, "calculatedNetInterest": 671154000, "calculatedOtherIncome": -714795000, "calculatedIncomeNonControlling": 0, "calculatedEbitda": 513060000}, {"date": "2013-12-31", "symbol": "PB", "reportedCurrency": "USD", "cik": "0001068851", "fillingDate": "2014-02-28", "acceptedDate": "2014-02-28 17:07:43", "calendarYear": "2013", "period": "FY", "revenue": 582345000, "costOfRevenue": 0, "grossProfit": 582345000, "grossProfitRatio": 1, "researchAndDevelopmentExpenses": 0, "generalAndAdministrativeExpenses": 168226000, "sellingAndMarketingExpenses": 2642000, "sellingGeneralAndAdministrativeExpenses": 168226000, "otherExpenses": -380283000, "operatingExpenses": -212057000, "costAndExpenses": -212057000, "interestIncome": 539297000, "interestExpense": 40471000, "depreciationAndAmortization": 16738000, "ebitda": 387026000, "ebitdaratio": 0.6645991637, "operatingIncome": 370288000, "operatingIncomeRatio": 0.6358567516, "totalOtherIncomeExpensesNet": -40471000, "incomeBeforeTax": 329817000, "incomeBeforeTaxRatio": 0.5663601473, "incomeTaxExpense": 108419000, "netIncome": 221398000, "netIncomeRatio": 0.3801835682, "eps": 3.66, "epsdiluted": 3.65, "weightedAverageShsOut": 60421000, "weightedAverageShsOutDil": 60578000, "link": "https://www.sec.gov/Archives/edgar/data/1068851/000119312514077724/0001193125-14-077724-index.htm", "finalLink": "https://www.sec.gov/Archives/edgar/data/1068851/000119312514077724/d647175d10k.htm", "calculatedOtherExpenses": 43831000, "calculatedOperatingExpenses": 212057000, "calculatedNetInterest": 498826000, "calculatedOtherIncome": -539297000, "calculatedIncomeNonControlling": 0, "calculatedEbitda": 387026000}, {"date": "2012-12-31", "symbol": "PB", "reportedCurrency": "USD", "cik": "0001068851", "fillingDate": "2013-02-28", "acceptedDate": "2013-02-28 17:03:46", "calendarYear": "2012", "period": "FY", "revenue": 456241000, "costOfRevenue": 0, "grossProfit": 456241000, "grossProfitRatio": 1, "researchAndDevelopmentExpenses": 0, "generalAndAdministrativeExpenses": 132629000, "sellingAndMarketingExpenses": 0, "sellingGeneralAndAdministrativeExpenses": 132629000, "otherExpenses": -288605000, "operatingExpenses": -155976000, "costAndExpenses": 9445000, "interestIncome": 419842000, "interestExpense": 39136000, "depreciationAndAmortization": 16152000, "ebitda": 306972000, "ebitdaratio": 0.6728286147, "operatingIncome": 290820000, "operatingIncomeRatio": 0.6374262725, "totalOtherIncomeExpensesNet": -39136000, "incomeBeforeTax": 251684000, "incomeBeforeTaxRatio": 0.5516470462, "incomeTaxExpense": 83783000, "netIncome": 167901000, "netIncomeRatio": 0.3680094511, "eps": 3.24, "epsdiluted": 3.23, "weightedAverageShsOut": 51794000, "weightedAverageShsOutDil": 51941000, "link": "https://www.sec.gov/Archives/edgar/data/1068851/000119312513084693/0001193125-13-084693-index.htm", "finalLink": "https://www.sec.gov/Archives/edgar/data/1068851/000119312513084693/d455873d10k.htm", "calculatedOtherExpenses": 32792000, "calculatedOperatingExpenses": 165421000, "calculatedNetInterest": 380706000, "calculatedOtherIncome": -419842000, "calculatedIncomeNonControlling": 0, "calculatedEbitda": 306972000}, {"date": "2011-12-31", "symbol": "PB", "reportedCurrency": "USD", "cik": "0001068851", "fillingDate": "2012-02-29", "acceptedDate": "2012-02-29 17:08:38", "calendarYear": "2011", "period": "FY", "revenue": 382711000, "costOfRevenue": 0, "grossProfit": 382711000, "grossProfitRatio": 1, "researchAndDevelopmentExpenses": 0, "generalAndAdministrativeExpenses": 92057000, "sellingAndMarketingExpenses": 0, "sellingGeneralAndAdministrativeExpenses": 92057000, "otherExpenses": -207982000, "operatingExpenses": -115925000, "costAndExpenses": -115925000, "interestIncome": 371908000, "interestExpense": 45240000, "depreciationAndAmortization": 8150000, "ebitda": 274936000, "ebitdaratio": 0.7183906394, "operatingIncome": 266786000, "operatingIncomeRatio": 0.6970951972, "totalOtherIncomeExpensesNet": -53020000, "incomeBeforeTax": 213766000, "incomeBeforeTaxRatio": 0.5585572403, "incomeTaxExpense": 72017000, "netIncome": 141749000, "netIncomeRatio": 0.370381306, "eps": 3.03, "epsdiluted": 3.01, "weightedAverageShsOut": 46846000, "weightedAverageShsOutDil": 47017000, "link": "https://www.sec.gov/Archives/edgar/data/1068851/000119312512089546/0001193125-12-089546-index.htm", "finalLink": "https://www.sec.gov/Archives/edgar/data/1068851/000119312512089546/d267108d10k.htm", "calculatedOtherExpenses": 23868000, "calculatedOperatingExpenses": 115925000, "calculatedNetInterest": 326668000, "calculatedOtherIncome": -379688000, "calculatedIncomeNonControlling": 0, "calculatedEbitda": 274936000}, {"date": "2010-12-31", "symbol": "PB", "reportedCurrency": "USD", "cik": "0001068851", "fillingDate": "2011-03-01", "acceptedDate": "2011-03-01 16:10:58", "calendarYear": "2010", "period": "FY", "revenue": 371981000, "costOfRevenue": 0, "grossProfit": 371981000, "grossProfitRatio": 1, "researchAndDevelopmentExpenses": 0, "generalAndAdministrativeExpenses": 98019000, "sellingAndMarketingExpenses": 0, "sellingGeneralAndAdministrativeExpenses": 98019000, "otherExpenses": -202793000, "operatingExpenses": -104774000, "costAndExpenses": -104774000, "interestIncome": 384537000, "interestExpense": 66389000, "depreciationAndAmortization": 8313000, "ebitda": 275520000, "ebitdaratio": 0.7406829919, "operatingIncome": 267207000, "operatingIncomeRatio": 0.7183350763, "totalOtherIncomeExpensesNet": -75405000, "incomeBeforeTax": 191802000, "incomeBeforeTaxRatio": 0.5156231098, "incomeTaxExpense": 64094000, "netIncome": 127708000, "netIncomeRatio": 0.3433186104, "eps": 2.74, "epsdiluted": 2.73, "weightedAverageShsOut": 46621000, "weightedAverageShsOutDil": 46832000, "link": "https://www.sec.gov/Archives/edgar/data/1068851/000119312511052074/0001193125-11-052074-index.htm", "finalLink": "https://www.sec.gov/Archives/edgar/data/1068851/000119312511052074/d10k.htm", "calculatedOtherExpenses": 6755000, "calculatedOperatingExpenses": 104774000, "calculatedNetInterest": 318148000, "calculatedOtherIncome": -393553000, "calculatedIncomeNonControlling": 0, "calculatedEbitda": 275520000}, {"date": "2009-12-31", "symbol": "PB", "reportedCurrency": "USD", "cik": "0001068851", "fillingDate": "2010-03-01", "acceptedDate": "2010-03-01 16:53:10", "calendarYear": "2009", "period": "FY", "revenue": 367198000, "costOfRevenue": 0, "grossProfit": 367198000, "grossProfitRatio": 1, "researchAndDevelopmentExpenses": 0, "generalAndAdministrativeExpenses": 84396000, "sellingAndMarketingExpenses": 0, "sellingGeneralAndAdministrativeExpenses": 84396000, "otherExpenses": -170282000, "operatingExpenses": -85886000, "costAndExpenses": -85886000, "interestIncome": 409614000, "interestExpense": 102513000, "depreciationAndAmortization": 8226000, "ebitda": 289538000, "ebitdaratio": 0.7885064733, "operatingIncome": 281312000, "operatingIncomeRatio": 0.7661043905, "totalOtherIncomeExpensesNet": -112589000, "incomeBeforeTax": 168723000, "incomeBeforeTaxRatio": 0.4594877968, "incomeTaxExpense": 56844000, "netIncome": 111879000, "netIncomeRatio": 0.304683032, "eps": 2.42, "epsdiluted": 2.41, "weightedAverageShsOut": 46177000, "weightedAverageShsOutDil": 46354000, "link": "https://www.sec.gov/Archives/edgar/data/1068851/000119312510044805/0001193125-10-044805-index.htm", "finalLink": "https://www.sec.gov/Archives/edgar/data/1068851/000119312510044805/d10k.htm", "calculatedOtherExpenses": 1490000, "calculatedOperatingExpenses": 85886000, "calculatedNetInterest": 307101000, "calculatedOtherIncome": -419690000, "calculatedIncomeNonControlling": 0, "calculatedEbitda": 289538000}, {"date": "2008-12-31", "symbol": "PB", "reportedCurrency": "USD", "cik": "0001068851", "fillingDate": "2009-03-02", "acceptedDate": "2009-03-02 16:43:42", "calendarYear": "2008", "period": "FY", "revenue": 280099000, "costOfRevenue": 0, "grossProfit": 280099000, "grossProfitRatio": 1, "researchAndDevelopmentExpenses": 0, "generalAndAdministrativeExpenses": 76398000, "sellingAndMarketingExpenses": 0, "sellingGeneralAndAdministrativeExpenses": 76398000, "otherExpenses": -109912000, "operatingExpenses": -33514000, "costAndExpenses": -33514000, "interestIncome": 347878000, "interestExpense": 120149000, "depreciationAndAmortization": 14282000, "ebitda": 260867000, "ebitdaratio": 0.9313385624, "operatingIncome": 246585000, "operatingIncomeRatio": 0.8803494479, "totalOtherIncomeExpensesNet": -120149000, "incomeBeforeTax": 126436000, "incomeBeforeTaxRatio": 0.4513975416, "incomeTaxExpense": 41929000, "netIncome": 84507000, "netIncomeRatio": 0.3017040404, "eps": 1.87, "epsdiluted": 1.86, "weightedAverageShsOut": 45300000, "weightedAverageShsOutDil": 45479000, "link": "https://www.sec.gov/Archives/edgar/data/1068851/000119312509042646/0001193125-09-042646-index.htm", "finalLink": "https://www.sec.gov/Archives/edgar/data/1068851/000119312509042646/d10k.htm", "calculatedOtherExpenses": -42884000, "calculatedOperatingExpenses": 33514000, "calculatedNetInterest": 227729000, "calculatedOtherIncome": -347878000, "calculatedIncomeNonControlling": 0, "calculatedEbitda": 260867000}, {"date": "2007-12-31", "symbol": "PB", "reportedCurrency": "USD", "cik": "0001068851", "fillingDate": "2008-02-29", "acceptedDate": "2008-02-29 16:40:57", "calendarYear": "2007", "period": "FY", "revenue": 253358000, "costOfRevenue": 0, "grossProfit": 253358000, "grossProfitRatio": 1, "researchAndDevelopmentExpenses": 0, "generalAndAdministrativeExpenses": 63910000, "sellingAndMarketingExpenses": 0, "sellingGeneralAndAdministrativeExpenses": 63910000, "otherExpenses": -51340000, "operatingExpenses": 12570000, "costAndExpenses": 12570000, "interestIncome": 340608000, "interestExpense": 140173000, "depreciationAndAmortization": 8985000, "ebitda": 274913000, "ebitdaratio": 1.0850772425, "operatingIncome": 265928000, "operatingIncomeRatio": 1.0496135903, "totalOtherIncomeExpensesNet": -140173000, "incomeBeforeTax": 125755000, "incomeBeforeTaxRatio": 0.4963529867, "incomeTaxExpense": 41604000, "netIncome": 84151000, "netIncomeRatio": 0.3321426598, "eps": 1.96, "epsdiluted": 1.94, "weightedAverageShsOut": 42934184, "weightedAverageShsOutDil": 43376804, "link": "https://www.sec.gov/Archives/edgar/data/1068851/000119312508043776/0001193125-08-043776-index.htm", "finalLink": "https://www.sec.gov/Archives/edgar/data/1068851/000119312508043776/d10k.htm", "calculatedOtherExpenses": -76480000, "calculatedOperatingExpenses": -12570000, "calculatedNetInterest": 200435000, "calculatedOtherIncome": -340608000, "calculatedIncomeNonControlling": 0, "calculatedEbitda": 274913000}, {"date": "2006-12-31", "symbol": "PB", "reportedCurrency": "USD", "cik": "0001068851", "fillingDate": "2007-03-01", "acceptedDate": "2007-03-01 13:47:06", "calendarYear": "2006", "period": "FY", "revenue": 172127000, "costOfRevenue": 0, "grossProfit": 172127000, "grossProfitRatio": 1, "researchAndDevelopmentExpenses": 0, "generalAndAdministrativeExpenses": 41298000, "sellingAndMarketingExpenses": 0, "sellingGeneralAndAdministrativeExpenses": 41298000, "otherExpenses": -25877000, "operatingExpenses": 15421000, "costAndExpenses": 15421000, "interestIncome": 231739000, "interestExpense": 93594000, "depreciationAndAmortization": 9181000, "ebitda": 196729000, "ebitdaratio": 1.1429293487, "operatingIncome": 187548000, "operatingIncomeRatio": 1.0895908254, "totalOtherIncomeExpensesNet": -93594000, "incomeBeforeTax": 93954000, "incomeBeforeTaxRatio": 0.5458411522, "incomeTaxExpense": 32229000, "netIncome": 61725000, "netIncomeRatio": 0.3586014977, "eps": 1.96, "epsdiluted": 1.94, "weightedAverageShsOut": 31492347, "weightedAverageShsOutDil": 31817010, "link": "https://www.sec.gov/Archives/edgar/data/1068851/000119312507044037/0001193125-07-044037-index.htm", "finalLink": "https://www.sec.gov/Archives/edgar/data/1068851/000119312507044037/d10k.htm", "calculatedOtherExpenses": -56719000, "calculatedOperatingExpenses": -15421000, "calculatedNetInterest": 138145000, "calculatedOtherIncome": -231739000, "calculatedIncomeNonControlling": 0, "calculatedEbitda": 196729000}, {"date": "2005-12-31", "symbol": "PB", "reportedCurrency": "USD", "cik": "0001068851", "fillingDate": "2006-03-15", "acceptedDate": "2006-03-15 06:23:25", "calendarYear": "2005", "period": "FY", "revenue": 140918000, "costOfRevenue": 0, "grossProfit": 140918000, "grossProfitRatio": 1, "researchAndDevelopmentExpenses": 0, "generalAndAdministrativeExpenses": 36672000, "sellingAndMarketingExpenses": 0, "sellingGeneralAndAdministrativeExpenses": 36672000, "otherExpenses": -54883000, "operatingExpenses": -18211000, "costAndExpenses": -18211000, "interestIncome": 162123000, "interestExpense": 51226000, "depreciationAndAmortization": 11155000, "ebitda": 133862000, "ebitdaratio": 0.9499283271, "operatingIncome": 122707000, "operatingIncomeRatio": 0.8707688159, "totalOtherIncomeExpensesNet": -51226000, "incomeBeforeTax": 71481000, "incomeBeforeTaxRatio": 0.5072524447, "incomeTaxExpense": 23621000, "netIncome": 47860000, "netIncomeRatio": 0.3396301395, "eps": 1.79, "epsdiluted": 1.77, "weightedAverageShsOut": 26737430, "weightedAverageShsOutDil": 27039548, "link": "https://www.sec.gov/Archives/edgar/data/1068851/000119312506054223/0001193125-06-054223-index.htm", "finalLink": "https://www.sec.gov/Archives/edgar/data/1068851/000119312506054223/d10k.htm", "calculatedOtherExpenses": -18461000, "calculatedOperatingExpenses": 18211000, "calculatedNetInterest": 110897000, "calculatedOtherIncome": -162123000, "calculatedIncomeNonControlling": 0, "calculatedEbitda": 133862000}, {"date": "2004-12-31", "symbol": "PB", "reportedCurrency": "USD", "cik": "0001068851", "fillingDate": "2005-03-14", "acceptedDate": "2005-03-14 17:11:06", "calendarYear": "2004", "period": "FY", "revenue": 105038000, "costOfRevenue": 0, "grossProfit": 105038000, "grossProfitRatio": 1, "researchAndDevelopmentExpenses": 0, "generalAndAdministrativeExpenses": 27861000, "sellingAndMarketingExpenses": 0, "sellingGeneralAndAdministrativeExpenses": 27861000, "otherExpenses": -50659000, "operatingExpenses": -22798000, "costAndExpenses": -22798000, "interestIncome": 111756000, "interestExpense": 29789000, "depreciationAndAmortization": 9991000, "ebitda": 92231000, "ebitdaratio": 0.8780726975, "operatingIncome": 82240000, "operatingIncomeRatio": 0.7829547402, "totalOtherIncomeExpensesNet": -29789000, "incomeBeforeTax": 52451000, "incomeBeforeTaxRatio": 0.4993526152, "incomeTaxExpense": 17744000, "netIncome": 34707000, "netIncomeRatio": 0.3304232754, "eps": 1.61, "epsdiluted": 1.59, "weightedAverageShsOut": 21557143, "weightedAverageShsOutDil": 21828302, "link": "https://www.sec.gov/Archives/edgar/data/1068851/000119312505049607/0001193125-05-049607-index.htm", "finalLink": "https://www.sec.gov/Archives/edgar/data/1068851/000119312505049607/d10k.htm", "calculatedOtherExpenses": -5063000, "calculatedOperatingExpenses": 22798000, "calculatedNetInterest": 81967000, "calculatedOtherIncome": -111756000, "calculatedIncomeNonControlling": 0, "calculatedEbitda": 92231000}, {"date": "2003-12-31", "symbol": "PB", "reportedCurrency": "USD", "cik": "0001068851", "fillingDate": "2004-03-12", "acceptedDate": "2004-03-12 16:12:32", "calendarYear": "2003", "period": "FY", "revenue": 84016000, "costOfRevenue": 0, "grossProfit": 84016000, "grossProfitRatio": 1, "researchAndDevelopmentExpenses": 0, "generalAndAdministrativeExpenses": 22422000, "sellingAndMarketingExpenses": 0, "sellingGeneralAndAdministrativeExpenses": 22422000, "otherExpenses": -43761000, "operatingExpenses": -21339000, "costAndExpenses": -21339000, "interestIncome": 90845000, "interestExpense": 23716000, "depreciationAndAmortization": 13060000, "ebitda": 75737000, "ebitdaratio": 0.9014592459, "operatingIncome": 62677000, "operatingIncomeRatio": 0.7460126643, "totalOtherIncomeExpensesNet": -23716000, "incomeBeforeTax": 38961000, "incomeBeforeTaxRatio": 0.4637330985, "incomeTaxExpense": 12413000, "netIncome": 26548000, "netIncomeRatio": 0.315987431, "eps": 1.38, "epsdiluted": 1.36, "weightedAverageShsOut": 19237681, "weightedAverageShsOutDil": 19520588, "link": "https://www.sec.gov/Archives/edgar/data/1068851/000119312504040524/0001193125-04-040524-index.htm", "finalLink": "https://www.sec.gov/Archives/edgar/data/1068851/000119312504040524/d10k.htm", "calculatedOtherExpenses": -1083000, "calculatedOperatingExpenses": 21339000, "calculatedNetInterest": 67129000, "calculatedOtherIncome": -90845000, "calculatedIncomeNonControlling": 0, "calculatedEbitda": 75737000}, {"date": "2002-12-31", "symbol": "PB", "reportedCurrency": "USD", "cik": "0001068851", "fillingDate": "2003-03-07", "acceptedDate": "2003-03-07 16:56:49", "calendarYear": "2002", "period": "FY", "revenue": 66339000, "costOfRevenue": 0, "grossProfit": 66339000, "grossProfitRatio": 1, "researchAndDevelopmentExpenses": 0, "generalAndAdministrativeExpenses": 16379000, "sellingAndMarketingExpenses": 0, "sellingGeneralAndAdministrativeExpenses": 16379000, "otherExpenses": -25911000, "operatingExpenses": -9532000, "costAndExpenses": -9532000, "interestIncome": 80742000, "interestExpense": 25931000, "depreciationAndAmortization": 6339000, "ebitda": 63146000, "ebitdaratio": 0.9518684333, "operatingIncome": 56807000, "operatingIncomeRatio": 0.8563137822, "totalOtherIncomeExpensesNet": -25931000, "incomeBeforeTax": 30876000, "incomeBeforeTaxRatio": 0.4654275765, "incomeTaxExpense": 9555000, "netIncome": 21321000, "netIncomeRatio": 0.3213946547, "eps": 1.25, "epsdiluted": 1.22, "weightedAverageShsOut": 17056800, "weightedAverageShsOutDil": 17476230, "link": "https://www.sec.gov/Archives/edgar/data/1068851/000089924303000487/0000899243-03-000487-index.htm", "finalLink": "https://www.sec.gov/Archives/edgar/data/1068851/000089924303000487/d10k.txt", "calculatedOtherExpenses": -6847000, "calculatedOperatingExpenses": 9532000, "calculatedNetInterest": 54811000, "calculatedOtherIncome": -80742000, "calculatedIncomeNonControlling": 0, "calculatedEbitda": 63146000}, {"date": "2001-12-31", "symbol": "PB", "reportedCurrency": "USD", "cik": "0001068851", "fillingDate": "2002-03-08", "acceptedDate": "2002-03-08 00:00:00", "calendarYear": "2001", "period": "FY", "revenue": 49325000, "costOfRevenue": 0, "grossProfit": 49325000, "grossProfitRatio": 1, "researchAndDevelopmentExpenses": 0, "generalAndAdministrativeExpenses": 12955000, "sellingAndMarketingExpenses": 0, "sellingGeneralAndAdministrativeExpenses": 12955000, "otherExpenses": -8165000, "operatingExpenses": 4790000, "costAndExpenses": 4790000, "interestIncome": 76520000, "interestExpense": 35785000, "depreciationAndAmortization": 3915000, "ebitda": 58030000, "ebitdaratio": 1.1764825139, "operatingIncome": 54115000, "operatingIncomeRatio": 1.0971109985, "totalOtherIncomeExpensesNet": -35785000, "incomeBeforeTax": 18330000, "incomeBeforeTaxRatio": 0.3716168272, "incomeTaxExpense": 5372000, "netIncome": 12958000, "netIncomeRatio": 0.2627065383, "eps": 0.8, "epsdiluted": 0.79, "weightedAverageShsOut": 16197500, "weightedAverageShsOutDil": 16402532, "link": "https://www.sec.gov/Archives/edgar/data/1068851/000089924302000560/0000899243-02-000560-index.htm", "finalLink": "https://www.sec.gov/Archives/edgar/data/1068851/000089924302000560/d10k.txt", "calculatedOtherExpenses": -17745000, "calculatedOperatingExpenses": -4790000, "calculatedNetInterest": 40735000, "calculatedOtherIncome": -76520000, "calculatedIncomeNonControlling": 0, "calculatedEbitda": 58030000}, {"date": "2000-12-31", "symbol": "PB", "reportedCurrency": "USD", "cik": "0001068851", "fillingDate": "2001-02-22", "acceptedDate": "2001-02-22 00:00:00", "calendarYear": "2000", "period": "FY", "revenue": 27564000, "costOfRevenue": 0, "grossProfit": 27564000, "grossProfitRatio": 1, "researchAndDevelopmentExpenses": 0, "generalAndAdministrativeExpenses": 7206000, "sellingAndMarketingExpenses": 0, "sellingGeneralAndAdministrativeExpenses": 7206000, "otherExpenses": -4180000, "operatingExpenses": 3026000, "costAndExpenses": 3026000, "interestIncome": 41606000, "interestExpense": 19394000, "depreciationAndAmortization": 1847000, "ebitda": 32437000, "ebitdaratio": 1.1767885648, "operatingIncome": 30590000, "operatingIncomeRatio": 1.1097808736, "totalOtherIncomeExpensesNet": -19394000, "incomeBeforeTax": 11196000, "incomeBeforeTaxRatio": 0.4061819765, "incomeTaxExpense": 3169000, "netIncome": 8027000, "netIncomeRatio": 0.2912131766, "eps": 0.67, "epsdiluted": 0.65, "weightedAverageShsOut": 12070677, "weightedAverageShsOutDil": 12349231, "link": "https://www.sec.gov/Archives/edgar/data/1068851/000089924301000429/0000899243-01-000429-index.htm", "finalLink": "https://www.sec.gov/Archives/edgar/data/1068851/000089924301000429/0000899243-01-000429-0001.txt", "calculatedOtherExpenses": -10232000, "calculatedOperatingExpenses": -3026000, "calculatedNetInterest": 22212000, "calculatedOtherIncome": -41606000, "calculatedIncomeNonControlling": 0, "calculatedEbitda": 32437000}, {"date": "1999-12-31", "symbol": "PB", "reportedCurrency": "USD", "cik": "0001068851", "fillingDate": "2000-03-08", "acceptedDate": "2000-03-08 00:00:00", "calendarYear": "1999", "period": "FY", "revenue": 21900000, "costOfRevenue": 0, "grossProfit": 21900000, "grossProfitRatio": 1, "researchAndDevelopmentExpenses": 0, "generalAndAdministrativeExpenses": 6200000, "sellingAndMarketingExpenses": 0, "sellingGeneralAndAdministrativeExpenses": 6200000, "otherExpenses": -5600000, "operatingExpenses": 600000, "costAndExpenses": 600000, "interestIncome": 31400000, "interestExpense": 13000000, "depreciationAndAmortization": 1700000, "ebitda": 24200000, "ebitdaratio": 1.1050228311, "operatingIncome": 22500000, "operatingIncomeRatio": 1.0273972603, "totalOtherIncomeExpensesNet": -13000000, "incomeBeforeTax": 9500000, "incomeBeforeTaxRatio": 0.4337899543, "incomeTaxExpense": 3000000, "netIncome": 6500000, "netIncomeRatio": 0.296803653, "eps": 0.59, "epsdiluted": 0.58, "weightedAverageShsOut": 11016949, "weightedAverageShsOutDil": 11206897, "link": "https://www.sec.gov/Archives/edgar/data/1068851/000095012900000989/0000950129-00-000989-index.html", "finalLink": "https://www.sec.gov/Archives/edgar/data/1068851/000095012900000989/", "calculatedOtherExpenses": -6800000, "calculatedOperatingExpenses": -600000, "calculatedNetInterest": 18400000, "calculatedOtherIncome": -31400000, "calculatedIncomeNonControlling": 0, "calculatedEbitda": 24200000}, {"date": "1998-12-31", "symbol": "PB", "reportedCurrency": "USD", "cik": "0001068851", "fillingDate": "1999-03-24", "acceptedDate": "1999-03-24 00:00:00", "calendarYear": "1998", "period": "FY", "revenue": 15800000, "costOfRevenue": 0, "grossProfit": 15800000, "grossProfitRatio": 1, "researchAndDevelopmentExpenses": 0, "generalAndAdministrativeExpenses": 4500000, "sellingAndMarketingExpenses": 0, "sellingGeneralAndAdministrativeExpenses": 4500000, "otherExpenses": -3700000, "operatingExpenses": 800000, "costAndExpenses": 800000, "interestIncome": 23400000, "interestExpense": 10100000, "depreciationAndAmortization": 1300000, "ebitda": 17900000, "ebitdaratio": 1.1329113924, "operatingIncome": 16600000, "operatingIncomeRatio": 1.0506329114, "totalOtherIncomeExpensesNet": -10100000, "incomeBeforeTax": 6500000, "incomeBeforeTaxRatio": 0.4113924051, "incomeTaxExpense": 2000000, "netIncome": 4500000, "netIncomeRatio": 0.2848101266, "eps": 0.54, "epsdiluted": 0.52, "weightedAverageShsOut": 8333333, "weightedAverageShsOutDil": 8653846, "link": "https://www.sec.gov/Archives/edgar/data/1068851/000089056699000347/0000890566-99-000347-index.html", "finalLink": "https://www.sec.gov/Archives/edgar/data/1068851/", "calculatedOtherExpenses": -5300000, "calculatedOperatingExpenses": -800000, "calculatedNetInterest": 13300000, "calculatedOtherIncome": -23400000, "calculatedIncomeNonControlling": 0, "calculatedEbitda": 17900000}, {"date": "1997-12-31", "symbol": "PB", "reportedCurrency": "USD", "cik": "0001068851", "fillingDate": "1997-12-31", "acceptedDate": "1997-12-30 19:00:00", "calendarYear": "1997", "period": "FY", "revenue": 13200000, "costOfRevenue": 0, "grossProfit": 13200000, "grossProfitRatio": 1, "researchAndDevelopmentExpenses": 0, "generalAndAdministrativeExpenses": 4000000, "sellingAndMarketingExpenses": 0, "sellingGeneralAndAdministrativeExpenses": 4000000, "otherExpenses": -2900000, "operatingExpenses": 1100000, "costAndExpenses": 1100000, "interestIncome": 20000000, "interestExpense": 9100000, "depreciationAndAmortization": 1200000, "ebitda": 15500000, "ebitdaratio": 1.1742424242, "operatingIncome": 14300000, "operatingIncomeRatio": 1.0833333333, "totalOtherIncomeExpensesNet": -9100000, "incomeBeforeTax": 5200000, "incomeBeforeTaxRatio": 0.3939393939, "incomeTaxExpense": 1600000, "netIncome": 3600000, "netIncomeRatio": 0.2727272727, "eps": 0.47, "epsdiluted": 0.46, "weightedAverageShsOut": 7659574, "weightedAverageShsOutDil": 7826087, "link": "", "finalLink": "", "calculatedOtherExpenses": -5100000, "calculatedOperatingExpenses": -1100000, "calculatedNetInterest": 10900000, "calculatedOtherIncome": -20000000, "calculatedIncomeNonControlling": 0, "calculatedEbitda": 15500000}]}