{"originalCurrency": "USD", "convertedCurrency": "USD", "report": [{"date": "2023-12-31", "symbol": "PBF", "reportedCurrency": "USD", "cik": "0001534504", "fillingDate": "2024-02-15", "acceptedDate": "2024-02-15 07:00:59", "calendarYear": "2023", "period": "FY", "revenue": 38324800000, "costOfRevenue": 35975800000, "grossProfit": 2349000000, "grossProfitRatio": 0.061291905, "researchAndDevelopmentExpenses": 0, "generalAndAdministrativeExpenses": 362500000, "sellingAndMarketingExpenses": 0, "sellingGeneralAndAdministrativeExpenses": 362500000, "otherExpenses": 3800000, "operatingExpenses": 362500000, "costAndExpenses": 36338300000, "interestIncome": 0, "interestExpense": 102000000, "depreciationAndAmortization": 571500000, "ebitda": 2558000000, "ebitdaratio": 0.0667452929, "operatingIncome": 1986500000, "operatingIncomeRatio": 0.0518332777, "totalOtherIncomeExpensesNet": 899300000, "incomeBeforeTax": 2885800000, "incomeBeforeTaxRatio": 0.0752985012, "incomeTaxExpense": 723800000, "netIncome": 2140500000, "netIncomeRatio": 0.0558515635, "eps": 17.13, "epsdiluted": 16.52, "weightedAverageShsOut": 124953858, "weightedAverageShsOutDil": 130509447, "link": "https://www.sec.gov/Archives/edgar/data/1534504/000153450424000011/0001534504-24-000011-index.htm", "finalLink": "https://www.sec.gov/Archives/edgar/data/1534504/000153450424000011/pbf-20231231.htm", "calculatedOtherExpenses": 0, "calculatedOperatingExpenses": 362500000, "calculatedNetInterest": -102000000, "calculatedOtherIncome": 1001300000, "calculatedIncomeNonControlling": 21500000, "calculatedEbitda": 2558000000}, {"date": "2022-12-31", "symbol": "PBF", "reportedCurrency": "USD", "cik": "0001534504", "fillingDate": "2023-02-16", "acceptedDate": "2023-02-16 07:25:15", "calendarYear": "2022", "period": "FY", "revenue": 46830300000, "costOfRevenue": 42151700000, "grossProfit": 4678600000, "grossProfitRatio": 0.0999054031, "researchAndDevelopmentExpenses": 0, "generalAndAdministrativeExpenses": 468700000, "sellingAndMarketingExpenses": 0, "sellingGeneralAndAdministrativeExpenses": 468700000, "otherExpenses": 7500000, "operatingExpenses": 476200000, "costAndExpenses": 42627900000, "interestIncome": 246000000, "interestExpense": 246000000, "depreciationAndAmortization": -226800000, "ebitda": 3926400000, "ebitdaratio": 0.0838431528, "operatingIncome": 4153200000, "operatingIncomeRatio": 0.0886861711, "totalOtherIncomeExpensesNet": -595600000, "incomeBeforeTax": 3557600000, "incomeBeforeTaxRatio": 0.0759679097, "incomeTaxExpense": 584800000, "netIncome": 2876800000, "netIncomeRatio": 0.0614303133, "eps": 23.47, "epsdiluted": 22.84, "weightedAverageShsOut": 122598076, "weightedAverageShsOutDil": 126860106, "link": "https://www.sec.gov/Archives/edgar/data/1534504/000153450423000011/0001534504-23-000011-index.htm", "finalLink": "https://www.sec.gov/Archives/edgar/data/1534504/000153450423000011/pbf-20221231.htm", "calculatedOtherExpenses": 56700000, "calculatedOperatingExpenses": 525400000, "calculatedNetInterest": 0, "calculatedOtherIncome": -595600000, "calculatedIncomeNonControlling": 96000000, "calculatedEbitda": 3926400000}, {"date": "2021-12-31", "symbol": "PBF", "reportedCurrency": "USD", "cik": "0001534504", "fillingDate": "2022-02-17", "acceptedDate": "2022-02-17 15:55:57", "calendarYear": "2021", "period": "FY", "revenue": 27253400000, "costOfRevenue": 26366200000, "grossProfit": 887200000, "grossProfitRatio": 0.0325537364, "researchAndDevelopmentExpenses": 0, "generalAndAdministrativeExpenses": 247300000, "sellingAndMarketingExpenses": 0, "sellingGeneralAndAdministrativeExpenses": 247300000, "otherExpenses": 13300000, "operatingExpenses": 260600000, "costAndExpenses": 26626800000, "interestIncome": 317500000, "interestExpense": 317500000, "depreciationAndAmortization": 10700000, "ebitda": 607900000, "ebitdaratio": 0.0223054738, "operatingIncome": 597200000, "operatingIncomeRatio": 0.0219128622, "totalOtherIncomeExpensesNet": -269600000, "incomeBeforeTax": 327600000, "incomeBeforeTaxRatio": 0.0120205185, "incomeTaxExpense": 12100000, "netIncome": 315500000, "netIncomeRatio": 0.0115765372, "eps": 2.62, "epsdiluted": 2.57, "weightedAverageShsOut": 120240009, "weightedAverageShsOutDil": 122638154, "link": "https://www.sec.gov/Archives/edgar/data/1534504/000153450422000007/0001534504-22-000007-index.htm", "finalLink": "https://www.sec.gov/Archives/edgar/data/1534504/000153450422000007/pbf-20211231.htm", "calculatedOtherExpenses": 42700000, "calculatedOperatingExpenses": 290000000, "calculatedNetInterest": 0, "calculatedOtherIncome": -269600000, "calculatedIncomeNonControlling": 0, "calculatedEbitda": 607900000}, {"date": "2020-12-31", "symbol": "PBF", "reportedCurrency": "USD", "cik": "0001534504", "fillingDate": "2021-02-18", "acceptedDate": "2021-02-18 12:58:26", "calendarYear": "2020", "period": "FY", "revenue": 15115900000, "costOfRevenue": 16745600000, "grossProfit": -1629700000, "grossProfitRatio": -0.1078136267, "researchAndDevelopmentExpenses": 0, "generalAndAdministrativeExpenses": 248500000, "sellingAndMarketingExpenses": 0, "sellingGeneralAndAdministrativeExpenses": 248500000, "otherExpenses": 11300000, "operatingExpenses": 259800000, "costAndExpenses": 17005400000, "interestIncome": 258200000, "interestExpense": 258200000, "depreciationAndAmortization": -95400000, "ebitda": -1512200000, "ebitdaratio": -0.1000403549, "operatingIncome": -1416800000, "operatingIncomeRatio": -0.0937291197, "totalOtherIncomeExpensesNet": 85600000, "incomeBeforeTax": -1331200000, "incomeBeforeTaxRatio": -0.0880662084, "incomeTaxExpense": 2100000, "netIncome": -1333300000, "netIncomeRatio": -0.088205135, "eps": -11.15, "epsdiluted": -11.05, "weightedAverageShsOut": 119617998, "weightedAverageShsOutDil": 120660665, "link": "https://www.sec.gov/Archives/edgar/data/1534504/000153450421000008/0001534504-21-000008-index.htm", "finalLink": "https://www.sec.gov/Archives/edgar/data/1534504/000153450421000008/pbf-20201231.htm", "calculatedOtherExpenses": -461400000, "calculatedOperatingExpenses": -212900000, "calculatedNetInterest": 0, "calculatedOtherIncome": 85600000, "calculatedIncomeNonControlling": 0, "calculatedEbitda": -1512200000}, {"date": "2019-12-31", "symbol": "PBF", "reportedCurrency": "USD", "cik": "0001534504", "fillingDate": "2020-02-20", "acceptedDate": "2020-02-20 17:03:09", "calendarYear": "2019", "period": "FY", "revenue": 24508200000, "costOfRevenue": 23595100000, "grossProfit": 913100000, "grossProfitRatio": 0.0372569181, "researchAndDevelopmentExpenses": 0, "generalAndAdministrativeExpenses": 284000000, "sellingAndMarketingExpenses": 0, "sellingGeneralAndAdministrativeExpenses": 284000000, "otherExpenses": 10800000, "operatingExpenses": 294800000, "costAndExpenses": 23889900000, "interestIncome": 159600000, "interestExpense": 159600000, "depreciationAndAmortization": -29800000, "ebitda": 619200000, "ebitdaratio": 0.0252650133, "operatingIncome": 649000000, "operatingIncomeRatio": 0.0264809329, "totalOtherIncomeExpensesNet": -169500000, "incomeBeforeTax": 479500000, "incomeBeforeTaxRatio": 0.0195648803, "incomeTaxExpense": 104300000, "netIncome": 319400000, "netIncomeRatio": 0.0130323728, "eps": 2.66, "epsdiluted": 2.64, "weightedAverageShsOut": 119887646, "weightedAverageShsOutDil": 121853299, "link": "https://www.sec.gov/Archives/edgar/data/1534504/000153450420000030/0001534504-20-000030-index.htm", "finalLink": "https://www.sec.gov/Archives/edgar/data/1534504/000153450420000030/pbf-2019123110k.htm", "calculatedOtherExpenses": -19900000, "calculatedOperatingExpenses": 264100000, "calculatedNetInterest": 0, "calculatedOtherIncome": -169500000, "calculatedIncomeNonControlling": 55800000, "calculatedEbitda": 619200000}, {"date": "2018-12-31", "symbol": "PBF", "reportedCurrency": "USD", "cik": "0001534504", "fillingDate": "2019-02-21", "acceptedDate": "2019-02-21 16:25:15", "calendarYear": "2018", "period": "FY", "revenue": 27186093000, "costOfRevenue": 26583478000, "grossProfit": 602615000, "grossProfitRatio": 0.0221662966, "researchAndDevelopmentExpenses": 0, "generalAndAdministrativeExpenses": 276955000, "sellingAndMarketingExpenses": 0, "sellingGeneralAndAdministrativeExpenses": 276955000, "otherExpenses": 20589000, "operatingExpenses": 287589000, "costAndExpenses": 26871067000, "interestIncome": 0, "interestExpense": 169911000, "depreciationAndAmortization": 10634000, "ebitda": 346249000, "ebitdaratio": 0.0127362545, "operatingIncome": 358120000, "operatingIncomeRatio": 0.0131729116, "totalOtherIncomeExpensesNet": 63683000, "incomeBeforeTax": 208798000, "incomeBeforeTaxRatio": 0.0076803239, "incomeTaxExpense": 33507000, "netIncome": 128315000, "netIncomeRatio": 0.0047198764, "eps": 1.11, "epsdiluted": 1.08, "weightedAverageShsOut": 115190262, "weightedAverageShsOutDil": 118773606, "link": "https://www.sec.gov/Archives/edgar/data/1534504/000153450419000012/0001534504-19-000012-index.htm", "finalLink": "https://www.sec.gov/Archives/edgar/data/1534504/000153450419000012/pbf-2018123110k.htm", "calculatedOtherExpenses": -32460000, "calculatedOperatingExpenses": 244495000, "calculatedNetInterest": -169911000, "calculatedOtherIncome": 20589000, "calculatedIncomeNonControlling": 46976000, "calculatedEbitda": 368754000}, {"date": "2017-12-31", "symbol": "PBF", "reportedCurrency": "USD", "cik": "0001534504", "fillingDate": "2018-02-23", "acceptedDate": "2018-02-22 17:44:39", "calendarYear": "2017", "period": "FY", "revenue": 21786637000, "costOfRevenue": 20827224000, "grossProfit": 959413000, "grossProfitRatio": 0.0440367644, "researchAndDevelopmentExpenses": 0, "generalAndAdministrativeExpenses": 214773000, "sellingAndMarketingExpenses": 0, "sellingGeneralAndAdministrativeExpenses": 214773000, "otherExpenses": 248675000, "operatingExpenses": 227737000, "costAndExpenses": 21054961000, "interestIncome": 0, "interestExpense": 154427000, "depreciationAndAmortization": 12964000, "ebitda": 993315000, "ebitdaratio": 0.0455928558, "operatingIncome": 730218000, "operatingIncomeRatio": 0.0335167837, "totalOtherIncomeExpensesNet": 221766000, "incomeBeforeTax": 799015000, "incomeBeforeTaxRatio": 0.036674545, "incomeTaxExpense": 315584000, "netIncome": 415517000, "netIncomeRatio": 0.0190721037, "eps": 3.78, "epsdiluted": 3.73, "weightedAverageShsOut": 109779407, "weightedAverageShsOutDil": 113898845, "link": "https://www.sec.gov/Archives/edgar/data/1534504/000153450418000016/0001534504-18-000016-index.htm", "finalLink": "https://www.sec.gov/Archives/edgar/data/1534504/000153450418000016/pbf-2017123110k.htm", "calculatedOtherExpenses": 14422000, "calculatedOperatingExpenses": 229195000, "calculatedNetInterest": -154427000, "calculatedOtherIncome": 223224000, "calculatedIncomeNonControlling": 67914000, "calculatedEbitda": 743182000}, {"date": "2016-12-31", "symbol": "PBF", "reportedCurrency": "USD", "cik": "0001534504", "fillingDate": "2017-02-24", "acceptedDate": "2017-02-24 16:40:48", "calendarYear": "2016", "period": "FY", "revenue": 15920424000, "costOfRevenue": 15021539000, "grossProfit": 898885000, "grossProfitRatio": 0.0564611219, "researchAndDevelopmentExpenses": 0, "generalAndAdministrativeExpenses": 166452000, "sellingAndMarketingExpenses": 0, "sellingGeneralAndAdministrativeExpenses": 166452000, "otherExpenses": 14330000, "operatingExpenses": 388628000, "costAndExpenses": 15410167000, "interestIncome": 0, "interestExpense": 150045000, "depreciationAndAmortization": 222176000, "ebitda": 746763000, "ebitdaratio": 0.0469059744, "operatingIncome": 498883000, "operatingIncomeRatio": 0.0313360373, "totalOtherIncomeExpensesNet": 2956000, "incomeBeforeTax": 363168000, "incomeBeforeTaxRatio": 0.0228114528, "incomeTaxExpense": 137650000, "netIncome": 170811000, "netIncomeRatio": 0.0107290484, "eps": 1.74, "epsdiluted": 1.74, "weightedAverageShsOut": 98334302, "weightedAverageShsOutDil": 103606709, "link": "https://www.sec.gov/Archives/edgar/data/1534504/000153450417000017/0001534504-17-000017-index.htm", "finalLink": "https://www.sec.gov/Archives/edgar/data/1534504/000153450417000017/pbf-2016123110k.htm", "calculatedOtherExpenses": 233550000, "calculatedOperatingExpenses": 400002000, "calculatedNetInterest": -150045000, "calculatedOtherIncome": 14330000, "calculatedIncomeNonControlling": 54707000, "calculatedEbitda": 721059000}, {"date": "2015-12-31", "symbol": "PBF", "reportedCurrency": "USD", "cik": "0001534504", "fillingDate": "2016-02-29", "acceptedDate": "2016-02-29 16:49:12", "calendarYear": "2015", "period": "FY", "revenue": 13123929000, "costOfRevenue": 12386139000, "grossProfit": 737790000, "grossProfitRatio": 0.0562171587, "researchAndDevelopmentExpenses": 0, "generalAndAdministrativeExpenses": 181266000, "sellingAndMarketingExpenses": 0, "sellingGeneralAndAdministrativeExpenses": 181266000, "otherExpenses": 28334000, "operatingExpenses": 378683000, "costAndExpenses": 12764822000, "interestIncome": 0, "interestExpense": 106187000, "depreciationAndAmortization": 197417000, "ebitda": 584858000, "ebitdaratio": 0.044564246, "operatingIncome": 360111000, "operatingIncomeRatio": 0.0274392676, "totalOtherIncomeExpensesNet": 29338000, "incomeBeforeTax": 282258000, "incomeBeforeTaxRatio": 0.0215071264, "incomeTaxExpense": 86725000, "netIncome": 146401000, "netIncomeRatio": 0.0111552722, "eps": 1.66, "epsdiluted": 1.65, "weightedAverageShsOut": 88106999, "weightedAverageShsOutDil": 94138850, "link": "https://www.sec.gov/Archives/edgar/data/1534504/000153450416000118/0001534504-16-000118-index.htm", "finalLink": "https://www.sec.gov/Archives/edgar/data/1534504/000153450416000118/pbf-2015123110k.htm", "calculatedOtherExpenses": 196413000, "calculatedOperatingExpenses": 377679000, "calculatedNetInterest": -106187000, "calculatedOtherIncome": 28334000, "calculatedIncomeNonControlling": 49132000, "calculatedEbitda": 557528000}, {"date": "2014-12-31", "symbol": "PBF", "reportedCurrency": "USD", "cik": "0001534504", "fillingDate": "2015-02-26", "acceptedDate": "2015-02-26 17:14:36", "calendarYear": "2014", "period": "FY", "revenue": 19828155000, "costOfRevenue": 19354343000, "grossProfit": 473812000, "grossProfitRatio": 0.0238959197, "researchAndDevelopmentExpenses": 0, "generalAndAdministrativeExpenses": 143671000, "sellingAndMarketingExpenses": 0, "sellingGeneralAndAdministrativeExpenses": 143671000, "otherExpenses": 3969000, "operatingExpenses": 324053000, "costAndExpenses": 19678396000, "interestIncome": 0, "interestExpense": 98764000, "depreciationAndAmortization": 180382000, "ebitda": 334110000, "ebitdaratio": 0.0168502818, "operatingIncome": 150654000, "operatingIncomeRatio": 0.0075979838, "totalOtherIncomeExpensesNet": 4864000, "incomeBeforeTax": 55859000, "incomeBeforeTaxRatio": 0.0028171557, "incomeTaxExpense": -22412000, "netIncome": -38237000, "netIncomeRatio": -0.0019284195, "eps": -0.51, "epsdiluted": -0.51, "weightedAverageShsOut": 74464494, "weightedAverageShsOutDil": 74464494, "link": "https://www.sec.gov/Archives/edgar/data/1534504/000153450415000015/0001534504-15-000015-index.htm", "finalLink": "https://www.sec.gov/Archives/edgar/data/1534504/000153450415000015/pbf-2014123110k.htm", "calculatedOtherExpenses": 179487000, "calculatedOperatingExpenses": 323158000, "calculatedNetInterest": -98764000, "calculatedOtherIncome": 3969000, "calculatedIncomeNonControlling": 116508000, "calculatedEbitda": 331036000}, {"date": "2013-12-31", "symbol": "PBF", "reportedCurrency": "USD", "cik": "0001534504", "fillingDate": "2014-02-21", "acceptedDate": "2014-02-21 16:04:25", "calendarYear": "2013", "period": "FY", "revenue": 19151455000, "costOfRevenue": 18615966000, "grossProfit": 535489000, "grossProfitRatio": 0.0279607476, "researchAndDevelopmentExpenses": 0, "generalAndAdministrativeExpenses": 104334000, "sellingAndMarketingExpenses": 0, "sellingGeneralAndAdministrativeExpenses": 104334000, "otherExpenses": 4691000, "operatingExpenses": 215813000, "costAndExpenses": 18831779000, "interestIncome": 0, "interestExpense": 93784000, "depreciationAndAmortization": 111479000, "ebitda": 435846000, "ebitdaratio": 0.0227578531, "operatingIncome": 319859000, "operatingIncomeRatio": 0.0167015509, "totalOtherIncomeExpensesNet": 4874000, "incomeBeforeTax": 230766000, "incomeBeforeTaxRatio": 0.0120495284, "incomeTaxExpense": 16681000, "netIncome": 39540000, "netIncomeRatio": 0.0020645951, "eps": 1.22, "epsdiluted": 1.2, "weightedAverageShsOut": 32488369, "weightedAverageShsOutDil": 33061081, "link": "https://www.sec.gov/Archives/edgar/data/1534504/000153450414000011/0001534504-14-000011-index.htm", "finalLink": "https://www.sec.gov/Archives/edgar/data/1534504/000153450414000011/pbf-2013123110k.htm", "calculatedOtherExpenses": 111296000, "calculatedOperatingExpenses": 215630000, "calculatedNetInterest": -93784000, "calculatedOtherIncome": 4691000, "calculatedIncomeNonControlling": 174545000, "calculatedEbitda": 431338000}, {"date": "2012-12-31", "symbol": "PBF", "reportedCurrency": "USD", "cik": "0001534504", "fillingDate": "2013-02-28", "acceptedDate": "2013-02-28 16:05:56", "calendarYear": "2012", "period": "FY", "revenue": 20138687000, "costOfRevenue": 19007902000, "grossProfit": 1130785000, "grossProfitRatio": 0.056149887, "researchAndDevelopmentExpenses": 0, "generalAndAdministrativeExpenses": 120443000, "sellingAndMarketingExpenses": 0, "sellingGeneralAndAdministrativeExpenses": 120443000, "otherExpenses": -3724000, "operatingExpenses": 212681000, "costAndExpenses": 19220583000, "interestIncome": 0, "interestExpense": 108629000, "depreciationAndAmortization": 97650000, "ebitda": 1012030000, "ebitdaratio": 0.0502530279, "operatingIncome": 920433000, "operatingIncomeRatio": 0.0457047175, "totalOtherIncomeExpensesNet": -4163000, "incomeBeforeTax": 805312000, "incomeBeforeTaxRatio": 0.0399883071, "incomeTaxExpense": 1275000, "netIncome": 1956000, "netIncomeRatio": 9.71265e-05, "eps": 0.08, "epsdiluted": 0.08, "weightedAverageShsOut": 23570240, "weightedAverageShsOutDil": 97230904, "link": "https://www.sec.gov/Archives/edgar/data/1534504/000119312513084119/0001193125-13-084119-index.htm", "finalLink": "https://www.sec.gov/Archives/edgar/data/1534504/000119312513084119/d482186d10k.htm", "calculatedOtherExpenses": 89909000, "calculatedOperatingExpenses": 210352000, "calculatedNetInterest": -108629000, "calculatedOtherIncome": -6492000, "calculatedIncomeNonControlling": 802081000, "calculatedEbitda": 1018083000}, {"date": "2011-12-31", "symbol": "PBF", "reportedCurrency": "USD", "cik": "0001534504", "fillingDate": "2011-12-31", "acceptedDate": "2011-12-30 19:00:00", "calendarYear": "2011", "period": "FY", "revenue": 14960338000, "costOfRevenue": 14513994000, "grossProfit": 446344000, "grossProfitRatio": 0.0298351548, "researchAndDevelopmentExpenses": 0, "generalAndAdministrativeExpenses": 0, "sellingAndMarketingExpenses": 0, "sellingGeneralAndAdministrativeExpenses": 86183000, "otherExpenses": 139926000, "operatingExpenses": 139926000, "costAndExpenses": 14653920000, "interestIncome": 0, "interestExpense": 0, "depreciationAndAmortization": 56919000, "ebitda": 361964000, "ebitdaratio": 0.0241949079, "operatingIncome": 305690000, "operatingIncomeRatio": 0.0204333619, "totalOtherIncomeExpensesNet": 1373000, "incomeBeforeTax": 242671000, "incomeBeforeTaxRatio": 0.016220957, "incomeTaxExpense": 63747000, "netIncome": 242671000, "netIncomeRatio": 0.016220957, "eps": 11.84, "epsdiluted": 11.84, "weightedAverageShsOut": 20500000, "weightedAverageShsOutDil": 20500000, "link": "", "finalLink": "", "calculatedOtherExpenses": 54471000, "calculatedOperatingExpenses": 140654000, "calculatedNetInterest": 0, "calculatedOtherIncome": -63019000, "calculatedIncomeNonControlling": -63747000, "calculatedEbitda": 362609000}, {"date": "2010-12-31", "symbol": "PBF", "reportedCurrency": "USD", "cik": "0001534504", "fillingDate": "2010-12-31", "acceptedDate": "2010-12-30 19:00:00", "calendarYear": "2010", "period": "FY", "revenue": 210671000, "costOfRevenue": 203971000, "grossProfit": 6700000, "grossProfitRatio": 0.0318031433, "researchAndDevelopmentExpenses": 0, "generalAndAdministrativeExpenses": 0, "sellingAndMarketingExpenses": 0, "sellingGeneralAndAdministrativeExpenses": 40999000, "otherExpenses": 42401000, "operatingExpenses": 42401000, "costAndExpenses": 246372000, "interestIncome": 0, "interestExpense": 1388000, "depreciationAndAmortization": 1530000, "ebitda": -28120000, "ebitdaratio": -0.1334782671, "operatingIncome": -41752000, "operatingIncomeRatio": -0.1981857968, "totalOtherIncomeExpensesNet": -6051000, "incomeBeforeTax": -47803000, "incomeBeforeTaxRatio": -0.2269083073, "incomeTaxExpense": 8656000, "netIncome": -44357000, "netIncomeRatio": -0.2105510488, "eps": -2.16, "epsdiluted": -2.16, "weightedAverageShsOut": 20500000, "weightedAverageShsOutDil": 20500000, "link": "", "finalLink": "", "calculatedOtherExpenses": 7453000, "calculatedOperatingExpenses": 48452000, "calculatedNetInterest": -1388000, "calculatedOtherIncome": -4663000, "calculatedIncomeNonControlling": -12102000, "calculatedEbitda": -40222000}, {"date": "2009-12-31", "symbol": "PBF", "reportedCurrency": "USD", "cik": "0001534504", "fillingDate": "2009-12-31", "acceptedDate": "2009-12-30 19:00:00", "calendarYear": "2009", "period": "FY", "revenue": 228000, "costOfRevenue": 0, "grossProfit": 228000, "grossProfitRatio": 1, "researchAndDevelopmentExpenses": 0, "generalAndAdministrativeExpenses": 0, "sellingAndMarketingExpenses": 0, "sellingGeneralAndAdministrativeExpenses": 6294000, "otherExpenses": 6338000, "operatingExpenses": 6338000, "costAndExpenses": 6338000, "interestIncome": 0, "interestExpense": 10000, "depreciationAndAmortization": 43000, "ebitda": -6066000, "ebitdaratio": -26.6052631579, "operatingIncome": 6110000, "operatingIncomeRatio": 26.798245614, "totalOtherIncomeExpensesNet": 0, "incomeBeforeTax": 0, "incomeBeforeTaxRatio": 0, "incomeTaxExpense": -12209000, "netIncome": 6100000, "netIncomeRatio": 26.7543859649, "eps": 0.3, "epsdiluted": 0.3, "weightedAverageShsOut": 20500000, "weightedAverageShsOutDil": 20500000, "link": "", "finalLink": "", "calculatedOtherExpenses": -12176000, "calculatedOperatingExpenses": -5882000, "calculatedNetInterest": -10000, "calculatedOtherIncome": -6100000, "calculatedIncomeNonControlling": 6109000, "calculatedEbitda": 6153000}]}