{"originalCurrency": "USD", "convertedCurrency": "USD", "report": [{"date": "2023-12-31", "symbol": "PCAR", "reportedCurrency": "USD", "cik": "0000075362", "fillingDate": "2024-02-21", "acceptedDate": "2024-02-21 16:07:20", "calendarYear": "2023", "period": "FY", "revenue": 35127400000, "costOfRevenue": 27985500000, "grossProfit": 7141900000, "grossProfitRatio": 0.2033142219, "researchAndDevelopmentExpenses": 410900000, "generalAndAdministrativeExpenses": 0, "sellingAndMarketingExpenses": 0, "sellingGeneralAndAdministrativeExpenses": 784600000, "otherExpenses": 0, "operatingExpenses": 1195500000, "costAndExpenses": 29181000000, "interestIncome": 292200000, "interestExpense": 520400000, "depreciationAndAmortization": 923900000, "ebitda": 6870300000, "ebitdaratio": 0.1955823659, "operatingIncome": 5946400000, "operatingIncomeRatio": 0.1692809602, "totalOtherIncomeExpensesNet": -228200000, "incomeBeforeTax": 5718200000, "incomeBeforeTaxRatio": 0.1627846069, "incomeTaxExpense": 1117400000, "netIncome": 4600800000, "netIncomeRatio": 0.1309746807, "eps": 8.78, "epsdiluted": 8.76, "weightedAverageShsOut": 523900000, "weightedAverageShsOutDil": 525000000, "link": "https://www.sec.gov/Archives/edgar/data/75362/000095017024017900/0000950170-24-017900-index.htm", "finalLink": "https://www.sec.gov/Archives/edgar/data/75362/000095017024017900/pcar-20231231.htm", "calculatedOtherExpenses": 0, "calculatedOperatingExpenses": 1195500000, "calculatedNetInterest": -228200000, "calculatedOtherIncome": 0, "calculatedIncomeNonControlling": 0, "calculatedEbitda": 6870300000}, {"date": "2022-12-31", "symbol": "PCAR", "reportedCurrency": "USD", "cik": "0000075362", "fillingDate": "2023-02-22", "acceptedDate": "2023-02-22 16:07:32", "calendarYear": "2022", "period": "FY", "revenue": 28819700000, "costOfRevenue": 24068100000, "grossProfit": 4751600000, "grossProfitRatio": 0.1648733332, "researchAndDevelopmentExpenses": 341200000, "generalAndAdministrativeExpenses": 0, "sellingAndMarketingExpenses": 0, "sellingGeneralAndAdministrativeExpenses": 726300000, "otherExpenses": 5500000, "operatingExpenses": 1073000000, "costAndExpenses": 25141100000, "interestIncome": 59400000, "interestExpense": 109100000, "depreciationAndAmortization": 790200000, "ebitda": 4407800000, "ebitdaratio": 0.1529439932, "operatingIncome": 3617600000, "operatingIncomeRatio": 0.1255252484, "totalOtherIncomeExpensesNet": 231100000, "incomeBeforeTax": 3848700000, "incomeBeforeTaxRatio": 0.1335440688, "incomeTaxExpense": 837100000, "netIncome": 3011600000, "netIncomeRatio": 0.1044979649, "eps": 5.76, "epsdiluted": 5.75, "weightedAverageShsOut": 522599979, "weightedAverageShsOutDil": 523349979, "link": "https://www.sec.gov/Archives/edgar/data/75362/000156459023002203/0001564590-23-002203-index.htm", "finalLink": "https://www.sec.gov/Archives/edgar/data/75362/000156459023002203/pcar-10k_20221231.htm", "calculatedOtherExpenses": 66500000, "calculatedOperatingExpenses": 1134000000, "calculatedNetInterest": -49700000, "calculatedOtherIncome": 280800000, "calculatedIncomeNonControlling": 0, "calculatedEbitda": 4407800000}, {"date": "2021-12-31", "symbol": "PCAR", "reportedCurrency": "USD", "cik": "0000075362", "fillingDate": "2022-02-23", "acceptedDate": "2022-02-23 16:06:39", "calendarYear": "2021", "period": "FY", "revenue": 23522300000, "costOfRevenue": 20230400000, "grossProfit": 3291900000, "grossProfitRatio": 0.1399480493, "researchAndDevelopmentExpenses": 324100000, "generalAndAdministrativeExpenses": 0, "sellingAndMarketingExpenses": 0, "sellingGeneralAndAdministrativeExpenses": 676800000, "otherExpenses": 500000, "operatingExpenses": 1001400000, "costAndExpenses": 21231800000, "interestIncome": 72600000, "interestExpense": 1120300000, "depreciationAndAmortization": 903300000, "ebitda": 3178300000, "ebitdaratio": 0.1351185896, "operatingIncome": 2275000000, "operatingIncomeRatio": 0.0967167326, "totalOtherIncomeExpensesNet": 103600000, "incomeBeforeTax": 2378600000, "incomeBeforeTaxRatio": 0.1011210638, "incomeTaxExpense": 526500000, "netIncome": 1865500000, "netIncomeRatio": 0.0793077208, "eps": 3.58, "epsdiluted": 3.57, "weightedAverageShsOut": 521699979, "weightedAverageShsOutDil": 522599979, "link": "https://www.sec.gov/Archives/edgar/data/75362/000156459022006237/0001564590-22-006237-index.htm", "finalLink": "https://www.sec.gov/Archives/edgar/data/75362/000156459022006237/pcar-10k_20211231.htm", "calculatedOtherExpenses": 16000000, "calculatedOperatingExpenses": 1016900000, "calculatedNetInterest": -1047700000, "calculatedOtherIncome": 1151300000, "calculatedIncomeNonControlling": -13400000, "calculatedEbitda": 3178300000}, {"date": "2020-12-31", "symbol": "PCAR", "reportedCurrency": "USD", "cik": "0000075362", "fillingDate": "2021-02-17", "acceptedDate": "2021-02-17 16:06:35", "calendarYear": "2020", "period": "FY", "revenue": 18728500000, "costOfRevenue": 16276500000, "grossProfit": 2452000000, "grossProfitRatio": 0.1309234589, "researchAndDevelopmentExpenses": 273900000, "generalAndAdministrativeExpenses": 0, "sellingAndMarketingExpenses": 0, "sellingGeneralAndAdministrativeExpenses": 581400000, "otherExpenses": 28800000, "operatingExpenses": 884100000, "costAndExpenses": 17160600000, "interestIncome": 54100000, "interestExpense": 1200100000, "depreciationAndAmortization": 1049000000, "ebitda": 2581000000, "ebitdaratio": 0.137811357, "operatingIncome": 1532000000, "operatingIncomeRatio": 0.0818004645, "totalOtherIncomeExpensesNet": 125900000, "incomeBeforeTax": 1657900000, "incomeBeforeTaxRatio": 0.0885228395, "incomeTaxExpense": 359500000, "netIncome": 1301200000, "netIncomeRatio": 0.0694770003, "eps": 2.5, "epsdiluted": 2.49, "weightedAverageShsOut": 520199979, "weightedAverageShsOutDil": 521099979, "link": "https://www.sec.gov/Archives/edgar/data/75362/000156459021006370/0001564590-21-006370-index.htm", "finalLink": "https://www.sec.gov/Archives/edgar/data/75362/000156459021006370/pcar-10k_20201231.htm", "calculatedOtherExpenses": 64700000, "calculatedOperatingExpenses": 920000000, "calculatedNetInterest": -1146000000, "calculatedOtherIncome": 1271900000, "calculatedIncomeNonControlling": -2800000, "calculatedEbitda": 2581000000}, {"date": "2019-12-31", "symbol": "PCAR", "reportedCurrency": "USD", "cik": "0000075362", "fillingDate": "2020-02-19", "acceptedDate": "2020-02-19 16:08:44", "calendarYear": "2019", "period": "FY", "revenue": 25599700000, "costOfRevenue": 21584300000, "grossProfit": 4015400000, "grossProfitRatio": 0.1568534006, "researchAndDevelopmentExpenses": 326600000, "generalAndAdministrativeExpenses": 0, "sellingAndMarketingExpenses": 0, "sellingGeneralAndAdministrativeExpenses": 698500000, "otherExpenses": 15400000, "operatingExpenses": 1040500000, "costAndExpenses": 22624800000, "interestIncome": 42000000, "interestExpense": 0, "depreciationAndAmortization": 1077300000, "ebitda": 3969900000, "ebitdaratio": 0.155076036, "operatingIncome": 2892600000, "operatingIncomeRatio": 0.1129935116, "totalOtherIncomeExpensesNet": 206600000, "incomeBeforeTax": 3099200000, "incomeBeforeTaxRatio": 0.1210639187, "incomeTaxExpense": 711300000, "netIncome": 2387900000, "netIncomeRatio": 0.0932784369, "eps": 4.59, "epsdiluted": 4.58, "weightedAverageShsOut": 520349979, "weightedAverageShsOutDil": 521249979, "link": "https://www.sec.gov/Archives/edgar/data/75362/000156459020005276/0001564590-20-005276-index.htm", "finalLink": "https://www.sec.gov/Archives/edgar/data/75362/000156459020005276/pcar-10k_20191231.htm", "calculatedOtherExpenses": 97700000, "calculatedOperatingExpenses": 1122800000, "calculatedNetInterest": 42000000, "calculatedOtherIncome": 164600000, "calculatedIncomeNonControlling": 0, "calculatedEbitda": 3969900000}, {"date": "2018-12-31", "symbol": "PCAR", "reportedCurrency": "USD", "cik": "0000075362", "fillingDate": "2019-02-21", "acceptedDate": "2019-02-21 16:07:58", "calendarYear": "2018", "period": "FY", "revenue": 23495700000, "costOfRevenue": 19839900000, "grossProfit": 3655800000, "grossProfitRatio": 0.1555944279, "researchAndDevelopmentExpenses": 306100000, "generalAndAdministrativeExpenses": 0, "sellingAndMarketingExpenses": 0, "sellingGeneralAndAdministrativeExpenses": 644700000, "otherExpenses": 16500000, "operatingExpenses": 967300000, "costAndExpenses": 20807200000, "interestIncome": 60800000, "interestExpense": -182600000, "depreciationAndAmortization": 1054100000, "ebitda": 3681700000, "ebitdaratio": 0.1566967573, "operatingIncome": 2627600000, "operatingIncomeRatio": 0.1118332291, "totalOtherIncomeExpensesNet": 182600000, "incomeBeforeTax": 2810200000, "incomeBeforeTaxRatio": 0.1196048639, "incomeTaxExpense": 615100000, "netIncome": 2195100000, "netIncomeRatio": 0.0934256055, "eps": 4.17, "epsdiluted": 4.16, "weightedAverageShsOut": 526500000, "weightedAverageShsOutDil": 527700000, "link": "https://www.sec.gov/Archives/edgar/data/75362/000156459019003670/0001564590-19-003670-index.htm", "finalLink": "https://www.sec.gov/Archives/edgar/data/75362/000156459019003670/pcar-10k_20181231.htm", "calculatedOtherExpenses": 77400000, "calculatedOperatingExpenses": 1028200000, "calculatedNetInterest": 243400000, "calculatedOtherIncome": -60800000, "calculatedIncomeNonControlling": 0, "calculatedEbitda": 3681700000}, {"date": "2017-12-31", "symbol": "PCAR", "reportedCurrency": "USD", "cik": "0000075362", "fillingDate": "2018-02-21", "acceptedDate": "2018-02-21 16:12:28", "calendarYear": "2017", "period": "FY", "revenue": 19456400000, "costOfRevenue": 16470800000, "grossProfit": 2985600000, "grossProfitRatio": 0.1534507925, "researchAndDevelopmentExpenses": 264700000, "generalAndAdministrativeExpenses": 555000000, "sellingAndMarketingExpenses": 0, "sellingGeneralAndAdministrativeExpenses": 555000000, "otherExpenses": 609700000, "operatingExpenses": 842000000, "costAndExpenses": 17312800000, "interestIncome": -5600000, "interestExpense": -65000000, "depreciationAndAmortization": 1107500000, "ebitda": 3215800000, "ebitdaratio": 0.165282375, "operatingIncome": 2108300000, "operatingIncomeRatio": 0.1083602311, "totalOtherIncomeExpensesNet": 35300000, "incomeBeforeTax": 2173300000, "incomeBeforeTaxRatio": 0.1117010341, "incomeTaxExpense": 498100000, "netIncome": 1675200000, "netIncomeRatio": 0.0861002035, "eps": 3.17, "epsdiluted": 3.16, "weightedAverageShsOut": 527850000, "weightedAverageShsOutDil": 529350000, "link": "https://www.sec.gov/Archives/edgar/data/75362/000156459018002675/0001564590-18-002675-index.htm", "finalLink": "https://www.sec.gov/Archives/edgar/data/75362/000156459018002675/pcar-10k_20171231.htm", "calculatedOtherExpenses": 57600000, "calculatedOperatingExpenses": 877300000, "calculatedNetInterest": 59400000, "calculatedOtherIncome": 5600000, "calculatedIncomeNonControlling": 0, "calculatedEbitda": 3215800000}, {"date": "2016-12-31", "symbol": "PCAR", "reportedCurrency": "USD", "cik": "0000075362", "fillingDate": "2017-02-21", "acceptedDate": "2017-02-21 16:14:38", "calendarYear": "2016", "period": "FY", "revenue": 17033300000, "costOfRevenue": 14280100000, "grossProfit": 2753200000, "grossProfitRatio": 0.1616363241, "researchAndDevelopmentExpenses": 247200000, "generalAndAdministrativeExpenses": 540200000, "sellingAndMarketingExpenses": 0, "sellingGeneralAndAdministrativeExpenses": 540200000, "otherExpenses": 527500000, "operatingExpenses": 805800000, "costAndExpenses": 15085900000, "interestIncome": -11600000, "interestExpense": 1622400000, "depreciationAndAmortization": 993100000, "ebitda": 3745900000, "ebitdaratio": 0.2199162816, "operatingIncome": 2752800000, "operatingIncomeRatio": 0.1616128407, "totalOtherIncomeExpensesNet": -805400000, "incomeBeforeTax": 1130400000, "incomeBeforeTaxRatio": 0.066364122, "incomeTaxExpense": 608700000, "netIncome": 521700000, "netIncomeRatio": 0.03062824, "eps": 0.99, "epsdiluted": 0.99, "weightedAverageShsOut": 526650000, "weightedAverageShsOutDil": 527700000, "link": "https://www.sec.gov/Archives/edgar/data/75362/000119312517050405/0001193125-17-050405-index.htm", "finalLink": "https://www.sec.gov/Archives/edgar/data/75362/000119312517050405/d283100d10k.htm", "calculatedOtherExpenses": -787000000, "calculatedOperatingExpenses": 400000, "calculatedNetInterest": -1634000000, "calculatedOtherIncome": 11600000, "calculatedIncomeNonControlling": 0, "calculatedEbitda": 3745900000}, {"date": "2015-12-31", "symbol": "PCAR", "reportedCurrency": "USD", "cik": "0000075362", "fillingDate": "2016-02-16", "acceptedDate": "2016-02-16 16:14:11", "calendarYear": "2015", "period": "FY", "revenue": 19115100000, "costOfRevenue": 15993800000, "grossProfit": 3121300000, "grossProfitRatio": 0.1632897552, "researchAndDevelopmentExpenses": 239800000, "generalAndAdministrativeExpenses": 541500000, "sellingAndMarketingExpenses": 0, "sellingGeneralAndAdministrativeExpenses": 541500000, "otherExpenses": 479000000, "operatingExpenses": 793700000, "costAndExpenses": 16787500000, "interestIncome": -12300000, "interestExpense": -31300000, "depreciationAndAmortization": 907100000, "ebitda": 3212900000, "ebitdaratio": 0.1680817783, "operatingIncome": 2305800000, "operatingIncomeRatio": 0.1206271482, "totalOtherIncomeExpensesNet": 21800000, "incomeBeforeTax": 2337100000, "incomeBeforeTaxRatio": 0.1222645971, "incomeTaxExpense": 733100000, "netIncome": 1604000000, "netIncomeRatio": 0.0839127182, "eps": 3.02, "epsdiluted": 3.01, "weightedAverageShsOut": 531900000, "weightedAverageShsOutDil": 533400000, "link": "https://www.sec.gov/Archives/edgar/data/75362/000119312516465258/0001193125-16-465258-index.htm", "finalLink": "https://www.sec.gov/Archives/edgar/data/75362/000119312516465258/d45361d10k.htm", "calculatedOtherExpenses": 34200000, "calculatedOperatingExpenses": 815500000, "calculatedNetInterest": 19000000, "calculatedOtherIncome": 12300000, "calculatedIncomeNonControlling": 0, "calculatedEbitda": 3212900000}, {"date": "2014-12-31", "symbol": "PCAR", "reportedCurrency": "USD", "cik": "0000075362", "fillingDate": "2015-02-26", "acceptedDate": "2015-02-26 16:20:55", "calendarYear": "2014", "period": "FY", "revenue": 18997000000, "costOfRevenue": 16203800000, "grossProfit": 2793200000, "grossProfitRatio": 0.1470337422, "researchAndDevelopmentExpenses": 215600000, "generalAndAdministrativeExpenses": 561400000, "sellingAndMarketingExpenses": 0, "sellingGeneralAndAdministrativeExpenses": 561400000, "otherExpenses": 487700000, "operatingExpenses": 792400000, "costAndExpenses": 16996200000, "interestIncome": -5500000, "interestExpense": -39100000, "depreciationAndAmortization": 917700000, "ebitda": 2896200000, "ebitdaratio": 0.1524556509, "operatingIncome": 1978500000, "operatingIncomeRatio": 0.1041480234, "totalOtherIncomeExpensesNet": 22300000, "incomeBeforeTax": 2017600000, "incomeBeforeTaxRatio": 0.1062062431, "incomeTaxExpense": 658800000, "netIncome": 1358800000, "netIncomeRatio": 0.0715270832, "eps": 2.55, "epsdiluted": 2.54, "weightedAverageShsOut": 532500000, "weightedAverageShsOutDil": 534150000, "link": "https://www.sec.gov/Archives/edgar/data/75362/000119312515065702/0001193125-15-065702-index.htm", "finalLink": "https://www.sec.gov/Archives/edgar/data/75362/000119312515065702/d823556d10k.htm", "calculatedOtherExpenses": 37700000, "calculatedOperatingExpenses": 814700000, "calculatedNetInterest": 33600000, "calculatedOtherIncome": 5500000, "calculatedIncomeNonControlling": 0, "calculatedEbitda": 2896200000}, {"date": "2013-12-31", "symbol": "PCAR", "reportedCurrency": "USD", "cik": "0000075362", "fillingDate": "2014-02-27", "acceptedDate": "2014-02-27 16:27:31", "calendarYear": "2013", "period": "FY", "revenue": 17123800000, "costOfRevenue": 14628300000, "grossProfit": 2495500000, "grossProfitRatio": 0.1457328397, "researchAndDevelopmentExpenses": 251400000, "generalAndAdministrativeExpenses": 559500000, "sellingAndMarketingExpenses": 0, "sellingGeneralAndAdministrativeExpenses": 559500000, "otherExpenses": 448300000, "operatingExpenses": 823800000, "costAndExpenses": 15452100000, "interestIncome": -5300000, "interestExpense": -51900000, "depreciationAndAmortization": 810700000, "ebitda": 2453800000, "ebitdaratio": 0.1432976325, "operatingIncome": 1643100000, "operatingIncomeRatio": 0.0959541691, "totalOtherIncomeExpensesNet": 28600000, "incomeBeforeTax": 1695000000, "incomeBeforeTaxRatio": 0.0989850384, "incomeTaxExpense": 523700000, "netIncome": 1171300000, "netIncomeRatio": 0.0684018734, "eps": 2.2, "epsdiluted": 2.2, "weightedAverageShsOut": 531300000, "weightedAverageShsOutDil": 532800000, "link": "https://www.sec.gov/Archives/edgar/data/75362/000119312514073103/0001193125-14-073103-index.htm", "finalLink": "https://www.sec.gov/Archives/edgar/data/75362/000119312514073103/d628678d10k.htm", "calculatedOtherExpenses": 41500000, "calculatedOperatingExpenses": 852400000, "calculatedNetInterest": 46600000, "calculatedOtherIncome": 5300000, "calculatedIncomeNonControlling": 0, "calculatedEbitda": 2453800000}, {"date": "2012-12-31", "symbol": "PCAR", "reportedCurrency": "USD", "cik": "0000075362", "fillingDate": "2013-02-27", "acceptedDate": "2013-02-27 16:53:38", "calendarYear": "2012", "period": "FY", "revenue": 17050500000, "costOfRevenue": 14584100000, "grossProfit": 2466400000, "grossProfitRatio": 0.1446526495, "researchAndDevelopmentExpenses": 279300000, "generalAndAdministrativeExpenses": 571600000, "sellingAndMarketingExpenses": 0, "sellingGeneralAndAdministrativeExpenses": 571600000, "otherExpenses": 537400000, "operatingExpenses": 870900000, "costAndExpenses": 15455000000, "interestIncome": 300000, "interestExpense": -66500000, "depreciationAndAmortization": 700900000, "ebitda": 2263300000, "ebitdaratio": 0.1327409753, "operatingIncome": 1562400000, "operatingIncomeRatio": 0.0916336764, "totalOtherIncomeExpensesNet": 33100000, "incomeBeforeTax": 1628900000, "incomeBeforeTaxRatio": 0.0955338553, "incomeTaxExpense": 517300000, "netIncome": 1111600000, "netIncomeRatio": 0.0651945691, "eps": 2.09, "epsdiluted": 2.08, "weightedAverageShsOut": 532650000, "weightedAverageShsOutDil": 533700000, "link": "https://www.sec.gov/Archives/edgar/data/75362/000119312513080215/0001193125-13-080215-index.htm", "finalLink": "https://www.sec.gov/Archives/edgar/data/75362/000119312513080215/d446518d10k.htm", "calculatedOtherExpenses": 53100000, "calculatedOperatingExpenses": 904000000, "calculatedNetInterest": 66800000, "calculatedOtherIncome": -300000, "calculatedIncomeNonControlling": 0, "calculatedEbitda": 2263300000}, {"date": "2011-12-31", "symbol": "PCAR", "reportedCurrency": "USD", "cik": "0000075362", "fillingDate": "2012-02-29", "acceptedDate": "2012-02-29 06:12:25", "calendarYear": "2011", "period": "FY", "revenue": 16355200000, "costOfRevenue": 13341800000, "grossProfit": 3013400000, "grossProfitRatio": 0.1842472119, "researchAndDevelopmentExpenses": 288200000, "generalAndAdministrativeExpenses": 546900000, "sellingAndMarketingExpenses": 0, "sellingGeneralAndAdministrativeExpenses": 546900000, "otherExpenses": 517600000, "operatingExpenses": 876500000, "costAndExpenses": 14218300000, "interestIncome": 423100000, "interestExpense": 668200000, "depreciationAndAmortization": 673800000, "ebitda": 2810700000, "ebitdaratio": 0.1718536001, "operatingIncome": 1660700000, "operatingIncomeRatio": 0.1015395715, "totalOtherIncomeExpensesNet": 38200000, "incomeBeforeTax": 1506900000, "incomeBeforeTaxRatio": 0.0921358345, "incomeTaxExpense": 464600000, "netIncome": 1042300000, "netIncomeRatio": 0.0637289669, "eps": 1.91, "epsdiluted": 1.91, "weightedAverageShsOut": 544950000, "weightedAverageShsOutDil": 546600000, "link": "https://www.sec.gov/Archives/edgar/data/75362/000119312512086978/0001193125-12-086978-index.htm", "finalLink": "https://www.sec.gov/Archives/edgar/data/75362/000119312512086978/d261646d10k.htm", "calculatedOtherExpenses": 517600000, "calculatedOperatingExpenses": 1352700000, "calculatedNetInterest": -245100000, "calculatedOtherIncome": 91300000, "calculatedIncomeNonControlling": 0, "calculatedEbitda": 2334500000}, {"date": "2010-12-31", "symbol": "PCAR", "reportedCurrency": "USD", "cik": "0000075362", "fillingDate": "2011-03-01", "acceptedDate": "2011-03-01 13:49:29", "calendarYear": "2010", "period": "FY", "revenue": 10292900000, "costOfRevenue": 8198800000, "grossProfit": 2094100000, "grossProfitRatio": 0.2034509225, "researchAndDevelopmentExpenses": 238500000, "generalAndAdministrativeExpenses": 481500000, "sellingAndMarketingExpenses": 0, "sellingGeneralAndAdministrativeExpenses": 481500000, "otherExpenses": 512600000, "operatingExpenses": 788200000, "costAndExpenses": 8987000000, "interestIncome": 421600000, "interestExpense": 222300000, "depreciationAndAmortization": 616000000, "ebitda": 1900800000, "ebitdaratio": 0.1846709868, "operatingIncome": 861500000, "operatingIncomeRatio": 0.0836984718, "totalOtherIncomeExpensesNet": 21100000, "incomeBeforeTax": 660300000, "incomeBeforeTaxRatio": 0.0641510167, "incomeTaxExpense": 202700000, "netIncome": 457600000, "netIncomeRatio": 0.0444578302, "eps": 0.84, "epsdiluted": 0.83, "weightedAverageShsOut": 547500000, "weightedAverageShsOutDil": 549300000, "link": "https://www.sec.gov/Archives/edgar/data/75362/000119312511051678/0001193125-11-051678-index.htm", "finalLink": "https://www.sec.gov/Archives/edgar/data/75362/000119312511051678/d10k.htm", "calculatedOtherExpenses": 512600000, "calculatedOperatingExpenses": 1232600000, "calculatedNetInterest": 199300000, "calculatedOtherIncome": -400500000, "calculatedIncomeNonControlling": 0, "calculatedEbitda": 1477500000}, {"date": "2009-12-31", "symbol": "PCAR", "reportedCurrency": "USD", "cik": "0000075362", "fillingDate": "2010-02-26", "acceptedDate": "2010-02-26 14:58:49", "calendarYear": "2009", "period": "FY", "revenue": 8086500000, "costOfRevenue": 6483400000, "grossProfit": 1603100000, "grossProfitRatio": 0.1982439869, "researchAndDevelopmentExpenses": 199200000, "generalAndAdministrativeExpenses": 434900000, "sellingAndMarketingExpenses": 0, "sellingGeneralAndAdministrativeExpenses": 434900000, "otherExpenses": 546900000, "operatingExpenses": 634100000, "costAndExpenses": 7117500000, "interestIncome": 501800000, "interestExpense": 335400000, "depreciationAndAmortization": 638100000, "ebitda": 1480400000, "ebitdaratio": 0.1830705497, "operatingIncome": 422100000, "operatingIncomeRatio": 0.052198108, "totalOtherIncomeExpensesNet": 126700000, "incomeBeforeTax": 175000000, "incomeBeforeTaxRatio": 0.0216410066, "incomeTaxExpense": 63100000, "netIncome": 111900000, "netIncomeRatio": 0.0138378779, "eps": 0.21, "epsdiluted": 0.2, "weightedAverageShsOut": 545700000, "weightedAverageShsOutDil": 547350000, "link": "https://www.sec.gov/Archives/edgar/data/75362/000119312510042642/0001193125-10-042642-index.htm", "finalLink": "https://www.sec.gov/Archives/edgar/data/75362/000119312510042642/d10k.htm", "calculatedOtherExpenses": 546900000, "calculatedOperatingExpenses": 1181000000, "calculatedNetInterest": 166400000, "calculatedOtherIncome": -413500000, "calculatedIncomeNonControlling": 0, "calculatedEbitda": 1060200000}, {"date": "2008-12-31", "symbol": "PCAR", "reportedCurrency": "USD", "cik": "0000075362", "fillingDate": "2009-02-27", "acceptedDate": "2009-02-27 14:10:05", "calendarYear": "2008", "period": "FY", "revenue": 14972500000, "costOfRevenue": 11736900000, "grossProfit": 3235600000, "grossProfitRatio": 0.2161028552, "researchAndDevelopmentExpenses": 341800000, "generalAndAdministrativeExpenses": 581400000, "sellingAndMarketingExpenses": 0, "sellingGeneralAndAdministrativeExpenses": 581400000, "otherExpenses": 0, "operatingExpenses": 923200000, "costAndExpenses": 12660100000, "interestIncome": 0, "interestExpense": 866700000, "depreciationAndAmortization": 649400000, "ebitda": 2980100000, "ebitdaratio": 0.1990382368, "operatingIncome": 2330700000, "operatingIncomeRatio": 0.1556653865, "totalOtherIncomeExpensesNet": -18300000, "incomeBeforeTax": 14640000000, "incomeBeforeTaxRatio": 0.9777926198, "incomeTaxExpense": 446100000, "netIncome": 1017900000, "netIncomeRatio": 0.0679846385, "eps": 1.86, "epsdiluted": 1.85, "weightedAverageShsOut": 546300000, "weightedAverageShsOutDil": 548850000, "link": "https://www.sec.gov/Archives/edgar/data/75362/000110465909012954/0001104659-09-012954-index.htm", "finalLink": "https://www.sec.gov/Archives/edgar/data/75362/000110465909012954/a09-1261_110k.htm", "calculatedOtherExpenses": -18300000, "calculatedOperatingExpenses": 904900000, "calculatedNetInterest": -866700000, "calculatedOtherIncome": 13176000000, "calculatedIncomeNonControlling": 13176000000, "calculatedEbitda": 2980100000}, {"date": "2007-12-31", "symbol": "PCAR", "reportedCurrency": "USD", "cik": "0000075362", "fillingDate": "2008-02-27", "acceptedDate": "2008-02-27 13:16:16", "calendarYear": "2007", "period": "FY", "revenue": 15221700000, "costOfRevenue": 11917300000, "grossProfit": 3304400000, "grossProfitRatio": 0.2170848197, "researchAndDevelopmentExpenses": 255500000, "generalAndAdministrativeExpenses": 602300000, "sellingAndMarketingExpenses": 0, "sellingGeneralAndAdministrativeExpenses": 602300000, "otherExpenses": 0, "operatingExpenses": 857800000, "costAndExpenses": 12775100000, "interestIncome": 0, "interestExpense": 627900000, "depreciationAndAmortization": 526400000, "ebitda": 2918600000, "ebitdaratio": 0.1917394246, "operatingIncome": 2392200000, "operatingIncomeRatio": 0.1571572163, "totalOtherIncomeExpensesNet": 54400000, "incomeBeforeTax": 1764300000, "incomeBeforeTaxRatio": 0.1159068961, "incomeTaxExpense": 537000000, "netIncome": 1227300000, "netIncomeRatio": 0.0806283135, "eps": 2.2, "epsdiluted": 2.19, "weightedAverageShsOut": 556650000, "weightedAverageShsOutDil": 559950000, "link": "https://www.sec.gov/Archives/edgar/data/75362/000110465908013201/0001104659-08-013201-index.htm", "finalLink": "https://www.sec.gov/Archives/edgar/data/75362/000110465908013201/a08-2420_110k.htm", "calculatedOtherExpenses": 54400000, "calculatedOperatingExpenses": 912200000, "calculatedNetInterest": -627900000, "calculatedOtherIncome": 0, "calculatedIncomeNonControlling": 0, "calculatedEbitda": 2918600000}, {"date": "2006-12-31", "symbol": "PCAR", "reportedCurrency": "USD", "cik": "0000075362", "fillingDate": "2007-02-26", "acceptedDate": "2007-02-26 15:48:13", "calendarYear": "2006", "period": "FY", "revenue": 16454100000, "costOfRevenue": 13773400000, "grossProfit": 2680700000, "grossProfitRatio": 0.1629198802, "researchAndDevelopmentExpenses": 0, "generalAndAdministrativeExpenses": 587000000, "sellingAndMarketingExpenses": 0, "sellingGeneralAndAdministrativeExpenses": 587000000, "otherExpenses": 0, "operatingExpenses": 587000000, "costAndExpenses": 14360400000, "interestIncome": 0, "interestExpense": -162900000, "depreciationAndAmortization": 434600000, "ebitda": 2447000000, "ebitdaratio": 0.1487167332, "operatingIncome": 2012400000, "operatingIncomeRatio": 0.1223038635, "totalOtherIncomeExpensesNet": 81300000, "incomeBeforeTax": 2175300000, "incomeBeforeTaxRatio": 0.1322041315, "incomeTaxExpense": 679300000, "netIncome": 1496000000, "netIncomeRatio": 0.0909195884, "eps": 2.66, "epsdiluted": 2.64, "weightedAverageShsOut": 562650000, "weightedAverageShsOutDil": 565800000, "link": "https://www.sec.gov/Archives/edgar/data/75362/000110465907013855/0001104659-07-013855-index.htm", "finalLink": "https://www.sec.gov/Archives/edgar/data/75362/000110465907013855/a07-4930_110k.htm", "calculatedOtherExpenses": 81300000, "calculatedOperatingExpenses": 668300000, "calculatedNetInterest": 162900000, "calculatedOtherIncome": 0, "calculatedIncomeNonControlling": 0, "calculatedEbitda": 2447000000}, {"date": "2005-12-31", "symbol": "PCAR", "reportedCurrency": "USD", "cik": "0000075362", "fillingDate": "2006-02-27", "acceptedDate": "2006-02-27 14:20:53", "calendarYear": "2005", "period": "FY", "revenue": 14057400000, "costOfRevenue": 11340500000, "grossProfit": 2716900000, "grossProfitRatio": 0.193271871, "researchAndDevelopmentExpenses": 0, "generalAndAdministrativeExpenses": 555200000, "sellingAndMarketingExpenses": 0, "sellingGeneralAndAdministrativeExpenses": 555200000, "otherExpenses": 0, "operatingExpenses": 555200000, "costAndExpenses": 11895700000, "interestIncome": 0, "interestExpense": 331200000, "depreciationAndAmortization": 370100000, "ebitda": 2474900000, "ebitdaratio": 0.1760567388, "operatingIncome": 2104800000, "operatingIncomeRatio": 0.1497289684, "totalOtherIncomeExpensesNet": 56900000, "incomeBeforeTax": 1773600000, "incomeBeforeTaxRatio": 0.1261684237, "incomeTaxExpense": 640400000, "netIncome": 1133200000, "netIncomeRatio": 0.0806123465, "eps": 1.96, "epsdiluted": 1.94, "weightedAverageShsOut": 579600000, "weightedAverageShsOutDil": 583200000, "link": "https://www.sec.gov/Archives/edgar/data/75362/000110465906012138/0001104659-06-012138-index.htm", "finalLink": "https://www.sec.gov/Archives/edgar/data/75362/000110465906012138/a06-2326_110k.htm", "calculatedOtherExpenses": 56900000, "calculatedOperatingExpenses": 612100000, "calculatedNetInterest": -331200000, "calculatedOtherIncome": 0, "calculatedIncomeNonControlling": 0, "calculatedEbitda": 2474900000}, {"date": "2004-12-31", "symbol": "PCAR", "reportedCurrency": "USD", "cik": "0000075362", "fillingDate": "2005-03-04", "acceptedDate": "2005-03-04 11:53:42", "calendarYear": "2004", "period": "FY", "revenue": 11396300000, "costOfRevenue": 9268600000, "grossProfit": 2127700000, "grossProfitRatio": 0.1867009468, "researchAndDevelopmentExpenses": 0, "generalAndAdministrativeExpenses": 488500000, "sellingAndMarketingExpenses": 0, "sellingGeneralAndAdministrativeExpenses": 488500000, "otherExpenses": 0, "operatingExpenses": 488500000, "costAndExpenses": 9757100000, "interestIncome": 0, "interestExpense": 211100000, "depreciationAndAmortization": 315000000, "ebitda": 1894300000, "ebitdaratio": 0.1662206155, "operatingIncome": 1579300000, "operatingIncomeRatio": 0.1385800655, "totalOtherIncomeExpensesNet": 59900000, "incomeBeforeTax": 1368200000, "incomeBeforeTaxRatio": 0.1200565096, "incomeTaxExpense": 461400000, "netIncome": 906800000, "netIncomeRatio": 0.0795696849, "eps": 1.54, "epsdiluted": 1.53, "weightedAverageShsOut": 589275000, "weightedAverageShsOutDil": 592987500, "link": "https://www.sec.gov/Archives/edgar/data/75362/000110465905009484/0001104659-05-009484-index.htm", "finalLink": "https://www.sec.gov/Archives/edgar/data/75362/000110465905009484/a05-1783_110k.htm", "calculatedOtherExpenses": 59900000, "calculatedOperatingExpenses": 548400000, "calculatedNetInterest": -211100000, "calculatedOtherIncome": 0, "calculatedIncomeNonControlling": 0, "calculatedEbitda": 1894300000}, {"date": "2003-12-31", "symbol": "PCAR", "reportedCurrency": "USD", "cik": "0000075362", "fillingDate": "2004-03-12", "acceptedDate": "2004-03-12 14:52:34", "calendarYear": "2003", "period": "FY", "revenue": 8194900000, "costOfRevenue": 6732000000, "grossProfit": 1462900000, "grossProfitRatio": 0.1785134657, "researchAndDevelopmentExpenses": 0, "generalAndAdministrativeExpenses": 446500000, "sellingAndMarketingExpenses": 0, "sellingGeneralAndAdministrativeExpenses": 446500000, "otherExpenses": 0, "operatingExpenses": 446500000, "costAndExpenses": 7178500000, "interestIncome": 0, "interestExpense": 169600000, "depreciationAndAmortization": 267500000, "ebitda": 1242600000, "ebitdaratio": 0.1516308924, "operatingIncome": 975100000, "operatingIncomeRatio": 0.1189886393, "totalOtherIncomeExpensesNet": 41300000, "incomeBeforeTax": 805500000, "incomeBeforeTaxRatio": 0.0982928407, "incomeTaxExpense": 279000000, "netIncome": 526500000, "netIncomeRatio": 0.0642472757, "eps": 0.89, "epsdiluted": 0.89, "weightedAverageShsOut": 589950000, "weightedAverageShsOutDil": 594337500, "link": "https://www.sec.gov/Archives/edgar/data/75362/000110465904007210/0001104659-04-007210-index.htm", "finalLink": "https://www.sec.gov/Archives/edgar/data/75362/000110465904007210/ba_10k.htm", "calculatedOtherExpenses": 41300000, "calculatedOperatingExpenses": 487800000, "calculatedNetInterest": -169600000, "calculatedOtherIncome": 0, "calculatedIncomeNonControlling": 0, "calculatedEbitda": 1242600000}, {"date": "2002-12-31", "symbol": "PCAR", "reportedCurrency": "USD", "cik": "0000075362", "fillingDate": "2003-03-10", "acceptedDate": "2003-03-10 15:36:47", "calendarYear": "2002", "period": "FY", "revenue": 7218600000, "costOfRevenue": 5947200000, "grossProfit": 1271400000, "grossProfitRatio": 0.1761283351, "researchAndDevelopmentExpenses": 0, "generalAndAdministrativeExpenses": 477200000, "sellingAndMarketingExpenses": 0, "sellingGeneralAndAdministrativeExpenses": 477200000, "otherExpenses": 0, "operatingExpenses": 477200000, "costAndExpenses": 6424400000, "interestIncome": 0, "interestExpense": 191600000, "depreciationAndAmortization": 218200000, "ebitda": 983900000, "ebitdaratio": 0.1363006677, "operatingIncome": 765700000, "operatingIncomeRatio": 0.1060731998, "totalOtherIncomeExpensesNet": 28500000, "incomeBeforeTax": 574100000, "incomeBeforeTaxRatio": 0.0795306569, "incomeTaxExpense": 202100000, "netIncome": 372000000, "netIncomeRatio": 0.0515335384, "eps": 0.64, "epsdiluted": 0.63, "weightedAverageShsOut": 585225000, "weightedAverageShsOutDil": 589275000, "link": "https://www.sec.gov/Archives/edgar/data/75362/000110465903003908/0001104659-03-003908-index.htm", "finalLink": "https://www.sec.gov/Archives/edgar/data/75362/000110465903003908/j8019_10k.htm", "calculatedOtherExpenses": 28500000, "calculatedOperatingExpenses": 505700000, "calculatedNetInterest": -191600000, "calculatedOtherIncome": 0, "calculatedIncomeNonControlling": 0, "calculatedEbitda": 983900000}, {"date": "2001-12-31", "symbol": "PCAR", "reportedCurrency": "USD", "cik": "0000075362", "fillingDate": "2002-03-22", "acceptedDate": "2002-03-22 00:00:00", "calendarYear": "2001", "period": "FY", "revenue": 6088800000, "costOfRevenue": 5072600000, "grossProfit": 1016200000, "grossProfitRatio": 0.166896597, "researchAndDevelopmentExpenses": 0, "generalAndAdministrativeExpenses": 524400000, "sellingAndMarketingExpenses": 0, "sellingGeneralAndAdministrativeExpenses": 524400000, "otherExpenses": 0, "operatingExpenses": 524400000, "costAndExpenses": 5597000000, "interestIncome": 0, "interestExpense": 201200000, "depreciationAndAmortization": 179900000, "ebitda": 636400000, "ebitdaratio": 0.104519774, "operatingIncome": 456500000, "operatingIncomeRatio": 0.0749737222, "totalOtherIncomeExpensesNet": 35300000, "incomeBeforeTax": 255300000, "incomeBeforeTaxRatio": 0.0419294442, "incomeTaxExpense": 81700000, "netIncome": 173600000, "netIncomeRatio": 0.0285113651, "eps": 0.3, "epsdiluted": 0.3, "weightedAverageShsOut": 580668750, "weightedAverageShsOutDil": 584212500, "link": "https://www.sec.gov/Archives/edgar/data/75362/000110465902000837/0001104659-02-000837-index.htm", "finalLink": "https://www.sec.gov/Archives/edgar/data/75362/000110465902000837/j3169_10k405.htm", "calculatedOtherExpenses": 35300000, "calculatedOperatingExpenses": 559700000, "calculatedNetInterest": -201200000, "calculatedOtherIncome": 0, "calculatedIncomeNonControlling": 0, "calculatedEbitda": 636400000}, {"date": "2000-12-31", "symbol": "PCAR", "reportedCurrency": "USD", "cik": "0000075362", "fillingDate": "2001-03-21", "acceptedDate": "2001-03-21 00:00:00", "calendarYear": "2000", "period": "FY", "revenue": 7919400000, "costOfRevenue": 6497300000, "grossProfit": 1422100000, "grossProfitRatio": 0.1795716847, "researchAndDevelopmentExpenses": 0, "generalAndAdministrativeExpenses": 497600000, "sellingAndMarketingExpenses": 0, "sellingGeneralAndAdministrativeExpenses": 497600000, "otherExpenses": 0, "operatingExpenses": 497600000, "costAndExpenses": 6994900000, "interestIncome": 0, "interestExpense": 224500000, "depreciationAndAmortization": 155500000, "ebitda": 1045100000, "ebitdaratio": 0.1319670682, "operatingIncome": 889600000, "operatingIncomeRatio": 0.1123317423, "totalOtherIncomeExpensesNet": 34900000, "incomeBeforeTax": 665100000, "incomeBeforeTaxRatio": 0.0839836351, "incomeTaxExpense": 223300000, "netIncome": 441800000, "netIncomeRatio": 0.0557870546, "eps": 0.76, "epsdiluted": 0.75, "weightedAverageShsOut": 582440625, "weightedAverageShsOutDil": 585500654, "link": "https://www.sec.gov/Archives/edgar/data/75362/000091205701504547/0000912057-01-504547-index.htm", "finalLink": "https://www.sec.gov/Archives/edgar/data/75362/000091205701504547/a2040860z10-k405.htm", "calculatedOtherExpenses": 34900000, "calculatedOperatingExpenses": 532500000, "calculatedNetInterest": -224500000, "calculatedOtherIncome": 0, "calculatedIncomeNonControlling": 0, "calculatedEbitda": 1045100000}, {"date": "1999-12-31", "symbol": "PCAR", "reportedCurrency": "USD", "cik": "0000075362", "fillingDate": "2000-03-17", "acceptedDate": "2000-03-17 00:00:00", "calendarYear": "1999", "period": "FY", "revenue": 9021000000, "costOfRevenue": 7135500000, "grossProfit": 1885500000, "grossProfitRatio": 0.2090123046, "researchAndDevelopmentExpenses": 0, "generalAndAdministrativeExpenses": 663400000, "sellingAndMarketingExpenses": 0, "sellingGeneralAndAdministrativeExpenses": 663400000, "otherExpenses": 146900000, "operatingExpenses": 810300000, "costAndExpenses": 7945800000, "interestIncome": 0, "interestExpense": 80800000, "depreciationAndAmortization": 146900000, "ebitda": 1150900000, "ebitdaratio": 0.1275800909, "operatingIncome": 1004000000, "operatingIncomeRatio": 0.1112958652, "totalOtherIncomeExpensesNet": 71200000, "incomeBeforeTax": 923200000, "incomeBeforeTaxRatio": 0.1023389868, "incomeTaxExpense": 339600000, "netIncome": 583600000, "netIncomeRatio": 0.064693493, "eps": 0.98, "epsdiluted": 0.98, "weightedAverageShsOut": 593831250, "weightedAverageShsOutDil": 598071862, "link": "https://www.sec.gov/Archives/edgar/data/75362/000091205700012263/0000912057-00-012263-index.html", "finalLink": "https://www.sec.gov/Archives/edgar/data/75362/000091205700012263/", "calculatedOtherExpenses": 218100000, "calculatedOperatingExpenses": 881500000, "calculatedNetInterest": -80800000, "calculatedOtherIncome": 0, "calculatedIncomeNonControlling": 0, "calculatedEbitda": 1150900000}, {"date": "1998-12-31", "symbol": "PCAR", "reportedCurrency": "USD", "cik": "0000075362", "fillingDate": "1999-03-24", "acceptedDate": "1999-03-24 00:00:00", "calendarYear": "1998", "period": "FY", "revenue": 7894800000, "costOfRevenue": 6307100000, "grossProfit": 1587700000, "grossProfitRatio": 0.2011070578, "researchAndDevelopmentExpenses": 0, "generalAndAdministrativeExpenses": 656300000, "sellingAndMarketingExpenses": 0, "sellingGeneralAndAdministrativeExpenses": 656300000, "otherExpenses": 123900000, "operatingExpenses": 780200000, "costAndExpenses": 7087300000, "interestIncome": 0, "interestExpense": 116900000, "depreciationAndAmortization": 123900000, "ebitda": 893900000, "ebitdaratio": 0.1132264275, "operatingIncome": 770000000, "operatingIncomeRatio": 0.0975325531, "totalOtherIncomeExpensesNet": 37500000, "incomeBeforeTax": 653100000, "incomeBeforeTaxRatio": 0.0827253382, "incomeTaxExpense": 236300000, "netIncome": 416800000, "netIncomeRatio": 0.0527942443, "eps": 0.7, "epsdiluted": 0.7, "weightedAverageShsOut": 593071875, "weightedAverageShsOutDil": 597183962, "link": "https://www.sec.gov/Archives/edgar/data/75362/000104746999011075/0001047469-99-011075-index.html", "finalLink": "https://www.sec.gov/Archives/edgar/data/75362/", "calculatedOtherExpenses": 161400000, "calculatedOperatingExpenses": 817700000, "calculatedNetInterest": -116900000, "calculatedOtherIncome": 0, "calculatedIncomeNonControlling": 0, "calculatedEbitda": 893900000}, {"date": "1997-12-31", "symbol": "PCAR", "reportedCurrency": "USD", "cik": "0000075362", "fillingDate": "1998-03-25", "acceptedDate": "1998-03-25 00:00:00", "calendarYear": "1997", "period": "FY", "revenue": 6751900000, "costOfRevenue": 5437300000, "grossProfit": 1314600000, "grossProfitRatio": 0.1947007509, "researchAndDevelopmentExpenses": 0, "generalAndAdministrativeExpenses": 594400000, "sellingAndMarketingExpenses": 0, "sellingGeneralAndAdministrativeExpenses": 594400000, "otherExpenses": 112000000, "operatingExpenses": 706400000, "costAndExpenses": 6143700000, "interestIncome": 0, "interestExpense": -22100000, "depreciationAndAmortization": 112000000, "ebitda": 624600000, "ebitdaratio": 0.0925072942, "operatingIncome": 512600000, "operatingIncomeRatio": 0.0759193708, "totalOtherIncomeExpensesNet": 95600000, "incomeBeforeTax": 534700000, "incomeBeforeTaxRatio": 0.0791925236, "incomeTaxExpense": 190100000, "netIncome": 344600000, "netIncomeRatio": 0.0510374857, "eps": 0.58, "epsdiluted": 0.58, "weightedAverageShsOut": 589521369, "weightedAverageShsOutDil": 592195258, "link": "https://www.sec.gov/Archives/edgar/data/75362/000104746998011315/0001047469-98-011315-index.html", "finalLink": "https://www.sec.gov/Archives/edgar/data/75362/", "calculatedOtherExpenses": 207600000, "calculatedOperatingExpenses": 802000000, "calculatedNetInterest": 22100000, "calculatedOtherIncome": 0, "calculatedIncomeNonControlling": 0, "calculatedEbitda": 624600000}, {"date": "1996-12-31", "symbol": "PCAR", "reportedCurrency": "USD", "cik": "0000075362", "fillingDate": "1997-03-27", "acceptedDate": "1997-03-27 00:00:00", "calendarYear": "1996", "period": "FY", "revenue": 4584700000, "costOfRevenue": 3656200000, "grossProfit": 928500000, "grossProfitRatio": 0.20252143, "researchAndDevelopmentExpenses": 0, "generalAndAdministrativeExpenses": 427800000, "sellingAndMarketingExpenses": 0, "sellingGeneralAndAdministrativeExpenses": 427800000, "otherExpenses": 81100000, "operatingExpenses": 508900000, "costAndExpenses": 4165100000, "interestIncome": 0, "interestExpense": 63300000, "depreciationAndAmortization": 81100000, "ebitda": 457300000, "ebitdaratio": 0.0997448034, "operatingIncome": 376200000, "operatingIncomeRatio": 0.0820555325, "totalOtherIncomeExpensesNet": 43400000, "incomeBeforeTax": 312900000, "incomeBeforeTaxRatio": 0.0682487404, "incomeTaxExpense": 111900000, "netIncome": 201000000, "netIncomeRatio": 0.0438414727, "eps": 0.34, "epsdiluted": 0.34, "weightedAverageShsOut": 588144643, "weightedAverageShsOutDil": 588144643, "link": "https://www.sec.gov/Archives/edgar/data/75362/000091205797010312/0000912057-97-010312-index.html", "finalLink": "https://www.sec.gov/Archives/edgar/data/75362/", "calculatedOtherExpenses": 124500000, "calculatedOperatingExpenses": 552300000, "calculatedNetInterest": -63300000, "calculatedOtherIncome": 0, "calculatedIncomeNonControlling": 0, "calculatedEbitda": 457300000}, {"date": "1995-12-31", "symbol": "PCAR", "reportedCurrency": "USD", "cik": "0000075362", "fillingDate": "1996-03-25", "acceptedDate": "1996-03-25 00:00:00", "calendarYear": "1995", "period": "FY", "revenue": 4830000000, "costOfRevenue": 3878300000, "grossProfit": 951700000, "grossProfitRatio": 0.1970393375, "researchAndDevelopmentExpenses": 0, "generalAndAdministrativeExpenses": 395300000, "sellingAndMarketingExpenses": 0, "sellingGeneralAndAdministrativeExpenses": 395300000, "otherExpenses": 72400000, "operatingExpenses": 467700000, "costAndExpenses": 4346000000, "interestIncome": 0, "interestExpense": 38500000, "depreciationAndAmortization": 72400000, "ebitda": 510500000, "ebitdaratio": 0.1056935818, "operatingIncome": 438100000, "operatingIncomeRatio": 0.0907039337, "totalOtherIncomeExpensesNet": 45900000, "incomeBeforeTax": 399600000, "incomeBeforeTaxRatio": 0.0827329193, "incomeTaxExpense": 146800000, "netIncome": 252800000, "netIncomeRatio": 0.0523395445, "eps": 0.43, "epsdiluted": 0.43, "weightedAverageShsOut": 590793750, "weightedAverageShsOutDil": 590793750, "link": "https://www.sec.gov/Archives/edgar/data/75362/000091205796005057/0000912057-96-005057-index.html", "finalLink": "https://www.sec.gov/Archives/edgar/data/75362/", "calculatedOtherExpenses": 118300000, "calculatedOperatingExpenses": 513600000, "calculatedNetInterest": -38500000, "calculatedOtherIncome": 0, "calculatedIncomeNonControlling": 0, "calculatedEbitda": 510500000}, {"date": "1994-12-31", "symbol": "PCAR", "reportedCurrency": "USD", "cik": "0000075362", "fillingDate": "1995-03-24", "acceptedDate": "1995-03-24 00:00:00", "calendarYear": "1994", "period": "FY", "revenue": 4490100000, "costOfRevenue": 3636600000, "grossProfit": 853500000, "grossProfitRatio": 0.1900848533, "researchAndDevelopmentExpenses": 0, "generalAndAdministrativeExpenses": 382900000, "sellingAndMarketingExpenses": 0, "sellingGeneralAndAdministrativeExpenses": 382900000, "otherExpenses": 63200000, "operatingExpenses": 446100000, "costAndExpenses": 4082700000, "interestIncome": 0, "interestExpense": 54100000, "depreciationAndAmortization": 63200000, "ebitda": 437400000, "ebitdaratio": 0.0974143115, "operatingIncome": 374200000, "operatingIncomeRatio": 0.0833389011, "totalOtherIncomeExpensesNet": 33200000, "incomeBeforeTax": 320100000, "incomeBeforeTaxRatio": 0.0712901717, "incomeTaxExpense": 115600000, "netIncome": 204500000, "netIncomeRatio": 0.0455446427, "eps": 0.35, "epsdiluted": 0.35, "weightedAverageShsOut": 590793750, "weightedAverageShsOutDil": 590793750, "link": "https://www.sec.gov/Archives/edgar/data/75362/000089102095000063/0000891020-95-000063-index.html", "finalLink": "https://www.sec.gov/Archives/edgar/data/75362/", "calculatedOtherExpenses": 96400000, "calculatedOperatingExpenses": 479300000, "calculatedNetInterest": -54100000, "calculatedOtherIncome": 0, "calculatedIncomeNonControlling": 0, "calculatedEbitda": 437400000}, {"date": "1993-12-31", "symbol": "PCAR", "reportedCurrency": "USD", "cik": "0000075362", "fillingDate": "1994-03-24", "acceptedDate": "1994-03-24 00:00:00", "calendarYear": "1993", "period": "FY", "revenue": 3541500000, "costOfRevenue": 2884800000, "grossProfit": 656700000, "grossProfitRatio": 0.1854299026, "researchAndDevelopmentExpenses": 0, "generalAndAdministrativeExpenses": 0, "sellingAndMarketingExpenses": 0, "sellingGeneralAndAdministrativeExpenses": 331200000, "otherExpenses": 56700000, "operatingExpenses": 387900000, "costAndExpenses": 3272700000, "interestIncome": 0, "interestExpense": 18400000, "depreciationAndAmortization": 56700000, "ebitda": 294900000, "ebitdaratio": 0.0832698009, "operatingIncome": 238200000, "operatingIncomeRatio": 0.0672596357, "totalOtherIncomeExpensesNet": 30600000, "incomeBeforeTax": 219800000, "incomeBeforeTaxRatio": 0.0620640971, "incomeTaxExpense": 77600000, "netIncome": 142200000, "netIncomeRatio": 0.0401524778, "eps": 0.24, "epsdiluted": 0.24, "weightedAverageShsOut": 588893030, "weightedAverageShsOutDil": 588893030, "link": "https://www.sec.gov/Archives/edgar/data/75362/000089102094000045/0000891020-94-000045-index.html", "finalLink": "https://www.sec.gov/Archives/edgar/data/75362/", "calculatedOtherExpenses": 87300000, "calculatedOperatingExpenses": 418500000, "calculatedNetInterest": -18400000, "calculatedOtherIncome": 0, "calculatedIncomeNonControlling": 0, "calculatedEbitda": 294900000}, {"date": "1992-12-31", "symbol": "PCAR", "reportedCurrency": "USD", "cik": "0000075362", "fillingDate": "1992-12-31", "acceptedDate": "1992-12-31 00:00:00", "calendarYear": "1992", "period": "FY", "revenue": 2735200000, "costOfRevenue": 2249600000, "grossProfit": 485600000, "grossProfitRatio": 0.1775372916, "researchAndDevelopmentExpenses": 0, "generalAndAdministrativeExpenses": 0, "sellingAndMarketingExpenses": 0, "sellingGeneralAndAdministrativeExpenses": 286500000, "otherExpenses": 47200000, "operatingExpenses": 333700000, "costAndExpenses": 2583300000, "interestIncome": 0, "interestExpense": 34000000, "depreciationAndAmortization": 47200000, "ebitda": 172800000, "ebitdaratio": 0.0631763674, "operatingIncome": 125600000, "operatingIncomeRatio": 0.0459198596, "totalOtherIncomeExpensesNet": 26300000, "incomeBeforeTax": 91600000, "incomeBeforeTaxRatio": 0.0334893244, "incomeTaxExpense": 26400000, "netIncome": 65200000, "netIncomeRatio": 0.0238373794, "eps": 0.11, "epsdiluted": 0.11, "weightedAverageShsOut": 588242370, "weightedAverageShsOutDil": 588242370, "link": null, "finalLink": null, "calculatedOtherExpenses": 73500000, "calculatedOperatingExpenses": 360000000, "calculatedNetInterest": -34000000, "calculatedOtherIncome": 0, "calculatedIncomeNonControlling": 0, "calculatedEbitda": 172800000}, {"date": "1991-12-31", "symbol": "PCAR", "reportedCurrency": "USD", "cik": "0000075362", "fillingDate": "1991-12-31", "acceptedDate": "1991-12-31 00:00:00", "calendarYear": "1991", "period": "FY", "revenue": 2338900000, "costOfRevenue": 1886300000, "grossProfit": 452600000, "grossProfitRatio": 0.1935097695, "researchAndDevelopmentExpenses": 0, "generalAndAdministrativeExpenses": 0, "sellingAndMarketingExpenses": 0, "sellingGeneralAndAdministrativeExpenses": 306500000, "otherExpenses": 49200000, "operatingExpenses": 355700000, "costAndExpenses": 2242000000, "interestIncome": 0, "interestExpense": -13600000, "depreciationAndAmortization": 49200000, "ebitda": 83900000, "ebitdaratio": 0.0358715636, "operatingIncome": 34700000, "operatingIncomeRatio": 0.014836034, "totalOtherIncomeExpensesNet": 62200000, "incomeBeforeTax": 48300000, "incomeBeforeTaxRatio": 0.0206507333, "incomeTaxExpense": 8600000, "netIncome": 39700000, "netIncomeRatio": 0.0169737911, "eps": 0.0673, "epsdiluted": 0.0673, "weightedAverageShsOut": 589942739, "weightedAverageShsOutDil": 589942739, "link": null, "finalLink": null, "calculatedOtherExpenses": 111400000, "calculatedOperatingExpenses": 417900000, "calculatedNetInterest": 13600000, "calculatedOtherIncome": 0, "calculatedIncomeNonControlling": 0, "calculatedEbitda": 83900000}, {"date": "1990-12-31", "symbol": "PCAR", "reportedCurrency": "USD", "cik": "0000075362", "fillingDate": "1990-12-31", "acceptedDate": "1990-12-31 00:00:00", "calendarYear": "1990", "period": "FY", "revenue": 2778100000, "costOfRevenue": 2228000000, "grossProfit": 550100000, "grossProfitRatio": 0.1980130305, "researchAndDevelopmentExpenses": 0, "generalAndAdministrativeExpenses": 0, "sellingAndMarketingExpenses": 0, "sellingGeneralAndAdministrativeExpenses": 324100000, "otherExpenses": 51800000, "operatingExpenses": 375900000, "costAndExpenses": 2603900000, "interestIncome": 0, "interestExpense": 36200000, "depreciationAndAmortization": 51800000, "ebitda": 182200000, "ebitdaratio": 0.0655843922, "operatingIncome": 130400000, "operatingIncomeRatio": 0.0469385551, "totalOtherIncomeExpensesNet": 43800000, "incomeBeforeTax": 94200000, "incomeBeforeTaxRatio": 0.0339080667, "incomeTaxExpense": 30500000, "netIncome": 63700000, "netIncomeRatio": 0.0229293402, "eps": 0.11, "epsdiluted": 0.11, "weightedAverageShsOut": 603444465, "weightedAverageShsOutDil": 603444465, "link": null, "finalLink": null, "calculatedOtherExpenses": 95600000, "calculatedOperatingExpenses": 419700000, "calculatedNetInterest": -36200000, "calculatedOtherIncome": 0, "calculatedIncomeNonControlling": 0, "calculatedEbitda": 182200000}, {"date": "1989-12-31", "symbol": "PCAR", "reportedCurrency": "USD", "cik": "0000075362", "fillingDate": "1989-12-31", "acceptedDate": "1989-12-31 00:00:00", "calendarYear": "1989", "period": "FY", "revenue": 3522900000, "costOfRevenue": 2810500000, "grossProfit": 712400000, "grossProfitRatio": 0.2022197621, "researchAndDevelopmentExpenses": 0, "generalAndAdministrativeExpenses": 0, "sellingAndMarketingExpenses": 0, "sellingGeneralAndAdministrativeExpenses": 295300000, "otherExpenses": 52700000, "operatingExpenses": 348000000, "costAndExpenses": 3158500000, "interestIncome": 0, "interestExpense": -117100000, "depreciationAndAmortization": 52700000, "ebitda": 298900000, "ebitdaratio": 0.0848448721, "operatingIncome": 246200000, "operatingIncomeRatio": 0.0698856056, "totalOtherIncomeExpensesNet": 118200000, "incomeBeforeTax": 363300000, "incomeBeforeTaxRatio": 0.1031252661, "incomeTaxExpense": 121400000, "netIncome": 241900000, "netIncomeRatio": 0.0686650203, "eps": 0.4, "epsdiluted": 0.4, "weightedAverageShsOut": 611085943, "weightedAverageShsOutDil": 611085943, "link": null, "finalLink": null, "calculatedOtherExpenses": 170900000, "calculatedOperatingExpenses": 466200000, "calculatedNetInterest": 117100000, "calculatedOtherIncome": 0, "calculatedIncomeNonControlling": 0, "calculatedEbitda": 298900000}, {"date": "1988-12-31", "symbol": "PCAR", "reportedCurrency": "USD", "cik": "0000075362", "fillingDate": "1988-12-31", "acceptedDate": "1988-12-31 00:00:00", "calendarYear": "1988", "period": "FY", "revenue": 3112200000, "costOfRevenue": 2606100000, "grossProfit": 506100000, "grossProfitRatio": 0.1626180837, "researchAndDevelopmentExpenses": 0, "generalAndAdministrativeExpenses": 0, "sellingAndMarketingExpenses": 0, "sellingGeneralAndAdministrativeExpenses": 246300000, "otherExpenses": 50400000, "operatingExpenses": 296700000, "costAndExpenses": 2902800000, "interestIncome": 0, "interestExpense": -212300000, "depreciationAndAmortization": 50400000, "ebitda": 105800000, "ebitdaratio": 0.0339952445, "operatingIncome": 55400000, "operatingIncomeRatio": 0.0178009125, "totalOtherIncomeExpensesNet": 154000000, "incomeBeforeTax": 267700000, "incomeBeforeTaxRatio": 0.0860163229, "incomeTaxExpense": 91900000, "netIncome": 175800000, "netIncomeRatio": 0.0564873723, "eps": 0.28, "epsdiluted": 0.28, "weightedAverageShsOut": 625499605, "weightedAverageShsOutDil": 625499605, "link": null, "finalLink": null, "calculatedOtherExpenses": 204400000, "calculatedOperatingExpenses": 450700000, "calculatedNetInterest": 212300000, "calculatedOtherIncome": 0, "calculatedIncomeNonControlling": 0, "calculatedEbitda": 105800000}, {"date": "1987-12-31", "symbol": "PCAR", "reportedCurrency": "USD", "cik": "0000075362", "fillingDate": "1987-12-31", "acceptedDate": "1987-12-31 00:00:00", "calendarYear": "1987", "period": "FY", "revenue": 2448100000, "costOfRevenue": 2058900000, "grossProfit": 389200000, "grossProfitRatio": 0.1589804338, "researchAndDevelopmentExpenses": 0, "generalAndAdministrativeExpenses": 0, "sellingAndMarketingExpenses": 0, "sellingGeneralAndAdministrativeExpenses": 195700000, "otherExpenses": 29100000, "operatingExpenses": 224800000, "costAndExpenses": 2283700000, "interestIncome": 0, "interestExpense": -28400000, "depreciationAndAmortization": 29100000, "ebitda": 176500000, "ebitdaratio": 0.0720967281, "operatingIncome": 147400000, "operatingIncomeRatio": 0.0602099587, "totalOtherIncomeExpensesNet": 17000000, "incomeBeforeTax": 175800000, "incomeBeforeTaxRatio": 0.071810792, "incomeTaxExpense": 63300000, "netIncome": 112500000, "netIncomeRatio": 0.0459540051, "eps": 0.18, "epsdiluted": 0.18, "weightedAverageShsOut": 626903930, "weightedAverageShsOutDil": 626903930, "link": null, "finalLink": null, "calculatedOtherExpenses": 46100000, "calculatedOperatingExpenses": 241800000, "calculatedNetInterest": 28400000, "calculatedOtherIncome": 0, "calculatedIncomeNonControlling": 0, "calculatedEbitda": 176500000}, {"date": "1986-12-31", "symbol": "PCAR", "reportedCurrency": "USD", "cik": "0000075362", "fillingDate": "1986-12-31", "acceptedDate": "1986-12-31 00:00:00", "calendarYear": "1986", "period": "FY", "revenue": 1795600000, "costOfRevenue": 1568300000, "grossProfit": 227300000, "grossProfitRatio": 0.1265872132, "researchAndDevelopmentExpenses": 0, "generalAndAdministrativeExpenses": 0, "sellingAndMarketingExpenses": 0, "sellingGeneralAndAdministrativeExpenses": 144100000, "otherExpenses": 22700000, "operatingExpenses": 166800000, "costAndExpenses": 1735100000, "interestIncome": 0, "interestExpense": -38000000, "depreciationAndAmortization": 22700000, "ebitda": 62800000, "ebitdaratio": 0.0349743818, "operatingIncome": 40100000, "operatingIncomeRatio": 0.022332368, "totalOtherIncomeExpensesNet": 20400000, "incomeBeforeTax": 78100000, "incomeBeforeTaxRatio": 0.0434952105, "incomeTaxExpense": 23800000, "netIncome": 54300000, "netIncomeRatio": 0.0302405881, "eps": 0.0871, "epsdiluted": 0.0871, "weightedAverageShsOut": 623512030, "weightedAverageShsOutDil": 623512030, "link": null, "finalLink": null, "calculatedOtherExpenses": 43100000, "calculatedOperatingExpenses": 187200000, "calculatedNetInterest": 38000000, "calculatedOtherIncome": 0, "calculatedIncomeNonControlling": 0, "calculatedEbitda": 62800000}, {"date": "1985-12-31", "symbol": "PCAR", "reportedCurrency": "USD", "cik": "0000075362", "fillingDate": "1985-12-31", "acceptedDate": "1985-12-31 00:00:00", "calendarYear": "1985", "period": "FY", "revenue": 1893200000, "costOfRevenue": 1647900000, "grossProfit": 245300000, "grossProfitRatio": 0.1295689837, "researchAndDevelopmentExpenses": 0, "generalAndAdministrativeExpenses": 0, "sellingAndMarketingExpenses": 0, "sellingGeneralAndAdministrativeExpenses": 148200000, "otherExpenses": 21100000, "operatingExpenses": 169300000, "costAndExpenses": 1817200000, "interestIncome": 0, "interestExpense": -87400000, "depreciationAndAmortization": 21100000, "ebitda": 52100000, "ebitdaratio": 0.0275195436, "operatingIncome": 31000000, "operatingIncomeRatio": 0.0163743926, "totalOtherIncomeExpensesNet": 45000000, "incomeBeforeTax": 118400000, "incomeBeforeTaxRatio": 0.0625396155, "incomeTaxExpense": 45500000, "netIncome": 72900000, "netIncomeRatio": 0.0385062328, "eps": 0.12, "epsdiluted": 0.12, "weightedAverageShsOut": 627816851, "weightedAverageShsOutDil": 627816851, "link": null, "finalLink": null, "calculatedOtherExpenses": 66100000, "calculatedOperatingExpenses": 214300000, "calculatedNetInterest": 87400000, "calculatedOtherIncome": 0, "calculatedIncomeNonControlling": 0, "calculatedEbitda": 52100000}]}