{"originalCurrency": "USD", "convertedCurrency": "USD", "report": [{"date": "2023-12-31", "symbol": "PCG", "reportedCurrency": "USD", "cik": "0001004980", "fillingDate": "2024-02-22", "acceptedDate": "2024-02-21 21:28:44", "calendarYear": "2023", "period": "FY", "revenue": 24428000000, "costOfRevenue": 16121000000, "grossProfit": 8307000000, "grossProfitRatio": 0.3400605862, "researchAndDevelopmentExpenses": 0, "generalAndAdministrativeExpenses": 0, "sellingAndMarketingExpenses": 0, "sellingGeneralAndAdministrativeExpenses": 146000000, "otherExpenses": 272000000, "operatingExpenses": 4305000000, "costAndExpenses": 20426000000, "interestIncome": 606000000, "interestExpense": 2850000000, "depreciationAndAmortization": 3738000000, "ebitda": 8618000000, "ebitdaratio": 0.3527918782, "operatingIncome": 2671000000, "operatingIncomeRatio": 0.109341739, "totalOtherIncomeExpensesNet": -1059000000, "incomeBeforeTax": 699000000, "incomeBeforeTaxRatio": 0.0286147044, "incomeTaxExpense": -1557000000, "netIncome": 2256000000, "netIncomeRatio": 0.0923530375, "eps": 1.09, "epsdiluted": 1.05, "weightedAverageShsOut": 2064000000, "weightedAverageShsOutDil": 2138000000, "link": "https://www.sec.gov/Archives/edgar/data/1004980/000100498024000014/0001004980-24-000014-index.htm", "finalLink": "https://www.sec.gov/Archives/edgar/data/75488/000100498024000014/pcg-20231231.htm", "calculatedOtherExpenses": 5490000000, "calculatedOperatingExpenses": 5636000000, "calculatedNetInterest": -2244000000, "calculatedOtherIncome": 272000000, "calculatedIncomeNonControlling": 0, "calculatedEbitda": 6409000000}, {"date": "2022-12-31", "symbol": "PCG", "reportedCurrency": "USD", "cik": "0001004980", "fillingDate": "2023-02-23", "acceptedDate": "2023-02-22 22:00:15", "calendarYear": "2022", "period": "FY", "revenue": 21680000000, "costOfRevenue": 14665000000, "grossProfit": 7015000000, "grossProfitRatio": 0.3235701107, "researchAndDevelopmentExpenses": 0, "generalAndAdministrativeExpenses": 0, "sellingAndMarketingExpenses": 0, "sellingGeneralAndAdministrativeExpenses": 609000000, "otherExpenses": 4941000000, "operatingExpenses": 4941000000, "costAndExpenses": 19606000000, "interestIncome": 162000000, "interestExpense": 1917000000, "depreciationAndAmortization": 3856000000, "ebitda": 6486000000, "ebitdaratio": 0.2991697417, "operatingIncome": 2630000000, "operatingIncomeRatio": 0.1213099631, "totalOtherIncomeExpensesNet": -2154000000, "incomeBeforeTax": 476000000, "incomeBeforeTaxRatio": 0.0219557196, "incomeTaxExpense": -1338000000, "netIncome": 1814000000, "netIncomeRatio": 0.0836715867, "eps": 0.91, "epsdiluted": 0.84, "weightedAverageShsOut": 1987000000, "weightedAverageShsOutDil": 2132000000, "link": "https://www.sec.gov/Archives/edgar/data/1004980/000100498023000029/0001004980-23-000029-index.htm", "finalLink": "https://www.sec.gov/Archives/edgar/data/75488/000100498023000029/pcg-20221231.htm", "calculatedOtherExpenses": 3776000000, "calculatedOperatingExpenses": 4385000000, "calculatedNetInterest": -1755000000, "calculatedOtherIncome": -399000000, "calculatedIncomeNonControlling": 0, "calculatedEbitda": 6486000000}, {"date": "2021-12-31", "symbol": "PCG", "reportedCurrency": "USD", "cik": "0001004980", "fillingDate": "2022-02-10", "acceptedDate": "2022-02-10 08:07:20", "calendarYear": "2021", "period": "FY", "revenue": 20642000000, "costOfRevenue": 14581000000, "grossProfit": 6061000000, "grossProfitRatio": 0.2936246488, "researchAndDevelopmentExpenses": 0, "generalAndAdministrativeExpenses": 0, "sellingAndMarketingExpenses": 0, "sellingGeneralAndAdministrativeExpenses": 506000000, "otherExpenses": 3920000000, "operatingExpenses": 3920000000, "costAndExpenses": 18501000000, "interestIncome": 20000000, "interestExpense": 1601000000, "depreciationAndAmortization": 3403000000, "ebitda": 6021000000, "ebitdaratio": 0.291686852, "operatingIncome": 2618000000, "operatingIncomeRatio": 0.1268287957, "totalOtherIncomeExpensesNet": -1870000000, "incomeBeforeTax": 748000000, "incomeBeforeTaxRatio": 0.0362367988, "incomeTaxExpense": 836000000, "netIncome": -88000000, "netIncomeRatio": -0.0042631528, "eps": -0.0443, "epsdiluted": -0.0443, "weightedAverageShsOut": 1985000000, "weightedAverageShsOutDil": 1985000000, "link": "https://www.sec.gov/Archives/edgar/data/1004980/000100498022000009/0001004980-22-000009-index.htm", "finalLink": "https://www.sec.gov/Archives/edgar/data/75488/000100498022000009/pcg-20211231.htm", "calculatedOtherExpenses": 2937000000, "calculatedOperatingExpenses": 3443000000, "calculatedNetInterest": -1581000000, "calculatedOtherIncome": -289000000, "calculatedIncomeNonControlling": 0, "calculatedEbitda": 6021000000}, {"date": "2020-12-31", "symbol": "PCG", "reportedCurrency": "USD", "cik": "0001004980", "fillingDate": "2021-02-25", "acceptedDate": "2021-02-25 08:28:21", "calendarYear": "2020", "period": "FY", "revenue": 18469000000, "costOfRevenue": 12582000000, "grossProfit": 5887000000, "grossProfitRatio": 0.3187503384, "researchAndDevelopmentExpenses": 0, "generalAndAdministrativeExpenses": 0, "sellingAndMarketingExpenses": 0, "sellingGeneralAndAdministrativeExpenses": 416000000, "otherExpenses": 3881000000, "operatingExpenses": 3881000000, "costAndExpenses": 16463000000, "interestIncome": 39000000, "interestExpense": 1260000000, "depreciationAndAmortization": 3468000000, "ebitda": 5996000000, "ebitdaratio": 0.3246521198, "operatingIncome": 2528000000, "operatingIncomeRatio": 0.1368780118, "totalOtherIncomeExpensesNet": -3470000000, "incomeBeforeTax": -942000000, "incomeBeforeTaxRatio": -0.0510043857, "incomeTaxExpense": 362000000, "netIncome": -1304000000, "netIncomeRatio": -0.0706047972, "eps": -1.04, "epsdiluted": -1.04, "weightedAverageShsOut": 1257000000, "weightedAverageShsOutDil": 1257000000, "link": "https://www.sec.gov/Archives/edgar/data/1004980/000100498021000007/0001004980-21-000007-index.htm", "finalLink": "https://www.sec.gov/Archives/edgar/data/75488/000100498021000007/pcg-20201231.htm", "calculatedOtherExpenses": 2943000000, "calculatedOperatingExpenses": 3359000000, "calculatedNetInterest": -1221000000, "calculatedOtherIncome": -2249000000, "calculatedIncomeNonControlling": 0, "calculatedEbitda": 5996000000}, {"date": "2019-12-31", "symbol": "PCG", "reportedCurrency": "USD", "cik": "0001004980", "fillingDate": "2020-02-18", "acceptedDate": "2020-02-18 08:46:35", "calendarYear": "2019", "period": "FY", "revenue": 17129000000, "costOfRevenue": 12554000000, "grossProfit": 4575000000, "grossProfitRatio": 0.2670908985, "researchAndDevelopmentExpenses": 0, "generalAndAdministrativeExpenses": 0, "sellingAndMarketingExpenses": 0, "sellingGeneralAndAdministrativeExpenses": 187000000, "otherExpenses": 3234000000, "operatingExpenses": 3234000000, "costAndExpenses": 15788000000, "interestIncome": 82000000, "interestExpense": 934000000, "depreciationAndAmortization": 3234000000, "ebitda": 4907000000, "ebitdaratio": 0.2864732325, "operatingIncome": 1673000000, "operatingIncomeRatio": 0.0976706171, "totalOtherIncomeExpensesNet": -12715000000, "incomeBeforeTax": -11042000000, "incomeBeforeTaxRatio": -0.6446377488, "incomeTaxExpense": -3400000000, "netIncome": -7642000000, "netIncomeRatio": -0.4461439664, "eps": -14.47, "epsdiluted": -14.47, "weightedAverageShsOut": 528000000, "weightedAverageShsOutDil": 528000000, "link": "https://www.sec.gov/Archives/edgar/data/1004980/000100498020000009/0001004980-20-000009-index.htm", "finalLink": "https://www.sec.gov/Archives/edgar/data/75488/000100498020000009/pcg-20191231.htm", "calculatedOtherExpenses": 2715000000, "calculatedOperatingExpenses": 2902000000, "calculatedNetInterest": -852000000, "calculatedOtherIncome": -11863000000, "calculatedIncomeNonControlling": 0, "calculatedEbitda": 4907000000}, {"date": "2018-12-31", "symbol": "PCG", "reportedCurrency": "USD", "cik": "0001004980", "fillingDate": "2019-02-28", "acceptedDate": "2019-02-28 17:20:08", "calendarYear": "2018", "period": "FY", "revenue": 16759000000, "costOfRevenue": 11652000000, "grossProfit": 5107000000, "grossProfitRatio": 0.3047317859, "researchAndDevelopmentExpenses": 0, "generalAndAdministrativeExpenses": 0, "sellingAndMarketingExpenses": 0, "sellingGeneralAndAdministrativeExpenses": 52000000, "otherExpenses": 424000000, "operatingExpenses": 3036000000, "costAndExpenses": 14688000000, "interestIncome": 76000000, "interestExpense": 929000000, "depreciationAndAmortization": 3036000000, "ebitda": 5607000000, "ebitdaratio": 0.3345665016, "operatingIncome": -9700000000, "operatingIncomeRatio": -0.5787934841, "totalOtherIncomeExpensesNet": -11347000000, "incomeBeforeTax": -10129000000, "incomeBeforeTaxRatio": -0.6043916701, "incomeTaxExpense": -3292000000, "netIncome": -6837000000, "netIncomeRatio": -0.4079599021, "eps": -13.22, "epsdiluted": -13.22, "weightedAverageShsOut": 517000000, "weightedAverageShsOutDil": 517000000, "link": "https://www.sec.gov/Archives/edgar/data/1004980/000100498019000004/0001004980-19-000004-index.htm", "finalLink": "https://www.sec.gov/Archives/edgar/data/75488/000100498019000004/pge-123118x10k.htm", "calculatedOtherExpenses": 14755000000, "calculatedOperatingExpenses": 14807000000, "calculatedNetInterest": -853000000, "calculatedOtherIncome": 424000000, "calculatedIncomeNonControlling": 0, "calculatedEbitda": -6664000000}, {"date": "2017-12-31", "symbol": "PCG", "reportedCurrency": "USD", "cik": "0001004980", "fillingDate": "2018-02-09", "acceptedDate": "2018-02-09 13:54:44", "calendarYear": "2017", "period": "FY", "revenue": 17135000000, "costOfRevenue": 11325000000, "grossProfit": 5810000000, "grossProfitRatio": 0.3390720747, "researchAndDevelopmentExpenses": 0, "generalAndAdministrativeExpenses": 0, "sellingAndMarketingExpenses": 0, "sellingGeneralAndAdministrativeExpenses": 1000000, "otherExpenses": 72000000, "operatingExpenses": 2854000000, "costAndExpenses": 14179000000, "interestIncome": 31000000, "interestExpense": 888000000, "depreciationAndAmortization": 2854000000, "ebitda": 5913000000, "ebitdaratio": 0.3450831631, "operatingIncome": 2956000000, "operatingIncomeRatio": 0.1725124015, "totalOtherIncomeExpensesNet": 72000000, "incomeBeforeTax": 2171000000, "incomeBeforeTaxRatio": 0.1266997374, "incomeTaxExpense": 511000000, "netIncome": 1660000000, "netIncomeRatio": 0.0968777356, "eps": 3.21, "epsdiluted": 3.21, "weightedAverageShsOut": 512000000, "weightedAverageShsOutDil": 513000000, "link": "https://www.sec.gov/Archives/edgar/data/1004980/000100498018000003/0001004980-18-000003-index.htm", "finalLink": "https://www.sec.gov/Archives/edgar/data/75488/000100498018000003/form10k.htm", "calculatedOtherExpenses": 2853000000, "calculatedOperatingExpenses": 2854000000, "calculatedNetInterest": -857000000, "calculatedOtherIncome": 72000000, "calculatedIncomeNonControlling": 0, "calculatedEbitda": 5810000000}, {"date": "2016-12-31", "symbol": "PCG", "reportedCurrency": "USD", "cik": "0001004980", "fillingDate": "2017-02-16", "acceptedDate": "2017-02-16 16:00:54", "calendarYear": "2016", "period": "FY", "revenue": 17666000000, "costOfRevenue": 12734000000, "grossProfit": 4932000000, "grossProfitRatio": 0.2791803464, "researchAndDevelopmentExpenses": 0, "generalAndAdministrativeExpenses": 0, "sellingAndMarketingExpenses": 0, "sellingGeneralAndAdministrativeExpenses": 12000000, "otherExpenses": 91000000, "operatingExpenses": 2755000000, "costAndExpenses": 15489000000, "interestIncome": 23000000, "interestExpense": 829000000, "depreciationAndAmortization": 2755000000, "ebitda": 5046000000, "ebitdaratio": 0.2856334201, "operatingIncome": 2177000000, "operatingIncomeRatio": 0.1232310653, "totalOtherIncomeExpensesNet": 91000000, "incomeBeforeTax": 1462000000, "incomeBeforeTaxRatio": 0.0827578399, "incomeTaxExpense": 55000000, "netIncome": 1407000000, "netIncomeRatio": 0.0796445149, "eps": 2.79, "epsdiluted": 2.78, "weightedAverageShsOut": 499000000, "weightedAverageShsOutDil": 501000000, "link": "https://www.sec.gov/Archives/edgar/data/1004980/000100498017000006/0001004980-17-000006-index.htm", "finalLink": "https://www.sec.gov/Archives/edgar/data/75488/000100498017000006/form10k.htm", "calculatedOtherExpenses": 2743000000, "calculatedOperatingExpenses": 2755000000, "calculatedNetInterest": -806000000, "calculatedOtherIncome": 91000000, "calculatedIncomeNonControlling": 0, "calculatedEbitda": 4932000000}, {"date": "2015-12-31", "symbol": "PCG", "reportedCurrency": "USD", "cik": "0001004980", "fillingDate": "2016-02-18", "acceptedDate": "2016-02-18 15:28:36", "calendarYear": "2015", "period": "FY", "revenue": 16833000000, "costOfRevenue": 12713000000, "grossProfit": 4120000000, "grossProfitRatio": 0.2447573219, "researchAndDevelopmentExpenses": 0, "generalAndAdministrativeExpenses": 0, "sellingAndMarketingExpenses": 0, "sellingGeneralAndAdministrativeExpenses": 0, "otherExpenses": 117000000, "operatingExpenses": 2612000000, "costAndExpenses": 15325000000, "interestIncome": 9000000, "interestExpense": 773000000, "depreciationAndAmortization": 2612000000, "ebitda": 4246000000, "ebitdaratio": 0.2522426187, "operatingIncome": 1508000000, "operatingIncomeRatio": 0.0895859324, "totalOtherIncomeExpensesNet": 117000000, "incomeBeforeTax": 861000000, "incomeBeforeTaxRatio": 0.0511495277, "incomeTaxExpense": -27000000, "netIncome": 888000000, "netIncomeRatio": 0.0527535199, "eps": 1.81, "epsdiluted": 1.79, "weightedAverageShsOut": 484000000, "weightedAverageShsOutDil": 487000000, "link": "https://www.sec.gov/Archives/edgar/data/1004980/000100498016000065/0001004980-16-000065-index.htm", "finalLink": "https://www.sec.gov/Archives/edgar/data/75488/000100498016000065/form10k.htm", "calculatedOtherExpenses": 2612000000, "calculatedOperatingExpenses": 2612000000, "calculatedNetInterest": -764000000, "calculatedOtherIncome": 117000000, "calculatedIncomeNonControlling": 0, "calculatedEbitda": 4120000000}, {"date": "2014-12-31", "symbol": "PCG", "reportedCurrency": "USD", "cik": "0001004980", "fillingDate": "2015-02-10", "acceptedDate": "2015-02-10 17:03:53", "calendarYear": "2014", "period": "FY", "revenue": 17090000000, "costOfRevenue": 12207000000, "grossProfit": 4883000000, "grossProfitRatio": 0.2857226448, "researchAndDevelopmentExpenses": 0, "generalAndAdministrativeExpenses": 0, "sellingAndMarketingExpenses": 0, "sellingGeneralAndAdministrativeExpenses": 0, "otherExpenses": 70000000, "operatingExpenses": 2433000000, "costAndExpenses": 14640000000, "interestIncome": 9000000, "interestExpense": 734000000, "depreciationAndAmortization": 2433000000, "ebitda": 4962000000, "ebitdaratio": 0.2903452311, "operatingIncome": 2450000000, "operatingIncomeRatio": 0.1433586893, "totalOtherIncomeExpensesNet": 70000000, "incomeBeforeTax": 1795000000, "incomeBeforeTaxRatio": 0.1050321826, "incomeTaxExpense": 345000000, "netIncome": 1450000000, "netIncomeRatio": 0.0848449386, "eps": 3.07, "epsdiluted": 3.06, "weightedAverageShsOut": 468000000, "weightedAverageShsOutDil": 470000000, "link": "https://www.sec.gov/Archives/edgar/data/1004980/000100498015000010/0001004980-15-000010-index.htm", "finalLink": "https://www.sec.gov/Archives/edgar/data/75488/000100498015000010/form10k.htm", "calculatedOtherExpenses": 2433000000, "calculatedOperatingExpenses": 2433000000, "calculatedNetInterest": -725000000, "calculatedOtherIncome": 70000000, "calculatedIncomeNonControlling": 0, "calculatedEbitda": 4883000000}, {"date": "2013-12-31", "symbol": "PCG", "reportedCurrency": "USD", "cik": "0001004980", "fillingDate": "2014-02-11", "acceptedDate": "2014-02-11 17:08:47", "calendarYear": "2013", "period": "FY", "revenue": 15598000000, "costOfRevenue": 11759000000, "grossProfit": 3839000000, "grossProfitRatio": 0.2461212976, "researchAndDevelopmentExpenses": 0, "generalAndAdministrativeExpenses": 0, "sellingAndMarketingExpenses": 0, "sellingGeneralAndAdministrativeExpenses": 0, "otherExpenses": 40000000, "operatingExpenses": 2077000000, "costAndExpenses": 13836000000, "interestIncome": 9000000, "interestExpense": 715000000, "depreciationAndAmortization": 2077000000, "ebitda": 3888000000, "ebitdaratio": 0.249262726, "operatingIncome": 1762000000, "operatingIncomeRatio": 0.1129632004, "totalOtherIncomeExpensesNet": 40000000, "incomeBeforeTax": 1096000000, "incomeBeforeTaxRatio": 0.0702654186, "incomeTaxExpense": 268000000, "netIncome": 828000000, "netIncomeRatio": 0.0530837287, "eps": 1.83, "epsdiluted": 1.83, "weightedAverageShsOut": 444000000, "weightedAverageShsOutDil": 445000000, "link": "https://www.sec.gov/Archives/edgar/data/1004980/000100498014000023/0001004980-14-000023-index.htm", "finalLink": "https://www.sec.gov/Archives/edgar/data/75488/000100498014000023/form10k.htm", "calculatedOtherExpenses": 2077000000, "calculatedOperatingExpenses": 2077000000, "calculatedNetInterest": -706000000, "calculatedOtherIncome": 40000000, "calculatedIncomeNonControlling": 0, "calculatedEbitda": 3839000000}, {"date": "2012-12-31", "symbol": "PCG", "reportedCurrency": "USD", "cik": "0001004980", "fillingDate": "2013-02-21", "acceptedDate": "2013-02-21 15:15:03", "calendarYear": "2012", "period": "FY", "revenue": 15040000000, "costOfRevenue": 11075000000, "grossProfit": 3965000000, "grossProfitRatio": 0.2636303191, "researchAndDevelopmentExpenses": 0, "generalAndAdministrativeExpenses": 0, "sellingAndMarketingExpenses": 0, "sellingGeneralAndAdministrativeExpenses": 0, "otherExpenses": 70000000, "operatingExpenses": 2272000000, "costAndExpenses": 13347000000, "interestIncome": 7000000, "interestExpense": 703000000, "depreciationAndAmortization": 2272000000, "ebitda": 4042000000, "ebitdaratio": 0.26875, "operatingIncome": 1693000000, "operatingIncomeRatio": 0.1125664894, "totalOtherIncomeExpensesNet": 70000000, "incomeBeforeTax": 1067000000, "incomeBeforeTaxRatio": 0.0709441489, "incomeTaxExpense": 237000000, "netIncome": 830000000, "netIncomeRatio": 0.0551861702, "eps": 1.92, "epsdiluted": 1.92, "weightedAverageShsOut": 424000000, "weightedAverageShsOutDil": 425000000, "link": "https://www.sec.gov/Archives/edgar/data/1004980/000100498013000013/0001004980-13-000013-index.htm", "finalLink": "https://www.sec.gov/Archives/edgar/data/75488/000100498013000013/form10k.htm", "calculatedOtherExpenses": 2272000000, "calculatedOperatingExpenses": 2272000000, "calculatedNetInterest": -696000000, "calculatedOtherIncome": 70000000, "calculatedIncomeNonControlling": 0, "calculatedEbitda": 3965000000}, {"date": "2011-12-31", "symbol": "PCG", "reportedCurrency": "USD", "cik": "0001004980", "fillingDate": "2012-02-16", "acceptedDate": "2012-02-16 17:26:50", "calendarYear": "2011", "period": "FY", "revenue": 14956000000, "costOfRevenue": 5333000000, "grossProfit": 9623000000, "grossProfitRatio": 0.6434207007, "researchAndDevelopmentExpenses": 0, "generalAndAdministrativeExpenses": 0, "sellingAndMarketingExpenses": 0, "sellingGeneralAndAdministrativeExpenses": 0, "otherExpenses": 7681000000, "operatingExpenses": 7681000000, "costAndExpenses": 13014000000, "interestIncome": 7000000, "interestExpense": 700000000, "depreciationAndAmortization": 2215000000, "ebitda": 4164000000, "ebitdaratio": 0.278416689, "operatingIncome": 1942000000, "operatingIncomeRatio": 0.1298475528, "totalOtherIncomeExpensesNet": 49000000, "incomeBeforeTax": 1298000000, "incomeBeforeTaxRatio": 0.0867879112, "incomeTaxExpense": 440000000, "netIncome": 858000000, "netIncomeRatio": 0.0573682803, "eps": 2.1, "epsdiluted": 2.1, "weightedAverageShsOut": 401000000, "weightedAverageShsOutDil": 402000000, "link": "https://www.sec.gov/Archives/edgar/data/1004980/000119312512065537/0001193125-12-065537-index.htm", "finalLink": "https://www.sec.gov/Archives/edgar/data/75488/000119312512065537/d264437d10k.htm", "calculatedOtherExpenses": 7681000000, "calculatedOperatingExpenses": 7681000000, "calculatedNetInterest": -693000000, "calculatedOtherIncome": 49000000, "calculatedIncomeNonControlling": 0, "calculatedEbitda": 4157000000}, {"date": "2010-12-31", "symbol": "PCG", "reportedCurrency": "USD", "cik": "0001004980", "fillingDate": "2011-02-17", "acceptedDate": "2011-02-17 14:38:15", "calendarYear": "2010", "period": "FY", "revenue": 13841000000, "costOfRevenue": 5189000000, "grossProfit": 8652000000, "grossProfitRatio": 0.6250993425, "researchAndDevelopmentExpenses": 0, "generalAndAdministrativeExpenses": 0, "sellingAndMarketingExpenses": 0, "sellingGeneralAndAdministrativeExpenses": 0, "otherExpenses": 6344000000, "operatingExpenses": 6344000000, "costAndExpenses": 11533000000, "interestIncome": 9000000, "interestExpense": 684000000, "depreciationAndAmortization": 2151000000, "ebitda": 4468000000, "ebitdaratio": 0.3228090456, "operatingIncome": 2308000000, "operatingIncomeRatio": 0.1667509573, "totalOtherIncomeExpensesNet": 27000000, "incomeBeforeTax": 1660000000, "incomeBeforeTaxRatio": 0.1199335308, "incomeTaxExpense": 547000000, "netIncome": 1113000000, "netIncomeRatio": 0.0804132649, "eps": 2.86, "epsdiluted": 2.82, "weightedAverageShsOut": 382000000, "weightedAverageShsOutDil": 392000000, "link": "https://www.sec.gov/Archives/edgar/data/1004980/000119312511038959/0001193125-11-038959-index.htm", "finalLink": "https://www.sec.gov/Archives/edgar/data/1004980/000119312511038959/d10k.htm", "calculatedOtherExpenses": 6344000000, "calculatedOperatingExpenses": 6344000000, "calculatedNetInterest": -675000000, "calculatedOtherIncome": 27000000, "calculatedIncomeNonControlling": 0, "calculatedEbitda": 4459000000}, {"date": "2009-12-31", "symbol": "PCG", "reportedCurrency": "USD", "cik": "0001004980", "fillingDate": "2010-02-19", "acceptedDate": "2010-02-19 17:12:56", "calendarYear": "2009", "period": "FY", "revenue": 13399000000, "costOfRevenue": 5002000000, "grossProfit": 8397000000, "grossProfitRatio": 0.6266885588, "researchAndDevelopmentExpenses": 0, "generalAndAdministrativeExpenses": 0, "sellingAndMarketingExpenses": 0, "sellingGeneralAndAdministrativeExpenses": 0, "otherExpenses": 6098000000, "operatingExpenses": 6098000000, "costAndExpenses": 11100000000, "interestIncome": 33000000, "interestExpense": 705000000, "depreciationAndAmortization": 1947000000, "ebitda": 4084000000, "ebitdaratio": 0.3047988656, "operatingIncome": 2299000000, "operatingIncomeRatio": 0.1715799687, "totalOtherIncomeExpensesNet": 67000000, "incomeBeforeTax": 1694000000, "incomeBeforeTaxRatio": 0.1264273453, "incomeTaxExpense": 460000000, "netIncome": 1234000000, "netIncomeRatio": 0.0920964251, "eps": 3.25, "epsdiluted": 3.2, "weightedAverageShsOut": 368000000, "weightedAverageShsOutDil": 386000000, "link": "https://www.sec.gov/Archives/edgar/data/1004980/000100498010000015/0001004980-10-000015-index.htm", "finalLink": "https://www.sec.gov/Archives/edgar/data/1004980/000100498010000015/form10k.htm", "calculatedOtherExpenses": 6098000000, "calculatedOperatingExpenses": 6098000000, "calculatedNetInterest": -672000000, "calculatedOtherIncome": 67000000, "calculatedIncomeNonControlling": 0, "calculatedEbitda": 4246000000}, {"date": "2008-12-31", "symbol": "PCG", "reportedCurrency": "USD", "cik": "0001004980", "fillingDate": "2009-02-24", "acceptedDate": "2009-02-24 16:03:04", "calendarYear": "2008", "period": "FY", "revenue": 14628000000, "costOfRevenue": 6515000000, "grossProfit": 8113000000, "grossProfitRatio": 0.5546212743, "researchAndDevelopmentExpenses": 0, "generalAndAdministrativeExpenses": 0, "sellingAndMarketingExpenses": 0, "sellingGeneralAndAdministrativeExpenses": 0, "otherExpenses": 5852000000, "operatingExpenses": 5852000000, "costAndExpenses": 12367000000, "interestIncome": 94000000, "interestExpense": 728000000, "depreciationAndAmortization": 1863000000, "ebitda": 4218000000, "ebitdaratio": 0.2883511075, "operatingIncome": 2261000000, "operatingIncomeRatio": 0.1545665846, "totalOtherIncomeExpensesNet": -18000000, "incomeBeforeTax": 1609000000, "incomeBeforeTaxRatio": 0.109994531, "incomeTaxExpense": 425000000, "netIncome": 1338000000, "netIncomeRatio": 0.0914684167, "eps": 3.64, "epsdiluted": 3.63, "weightedAverageShsOut": 357000000, "weightedAverageShsOutDil": 358000000, "link": "https://www.sec.gov/Archives/edgar/data/1004980/000100498009000009/0001004980-09-000009-index.htm", "finalLink": "https://www.sec.gov/Archives/edgar/data/1004980/000100498009000009/form10k123108.htm", "calculatedOtherExpenses": 5852000000, "calculatedOperatingExpenses": 5852000000, "calculatedNetInterest": -634000000, "calculatedOtherIncome": -18000000, "calculatedIncomeNonControlling": -154000000, "calculatedEbitda": 4124000000}, {"date": "2007-12-31", "symbol": "PCG", "reportedCurrency": "USD", "cik": "0001004980", "fillingDate": "2008-02-22", "acceptedDate": "2008-02-22 12:57:06", "calendarYear": "2007", "period": "FY", "revenue": 13237000000, "costOfRevenue": 5472000000, "grossProfit": 7765000000, "grossProfitRatio": 0.586613281, "researchAndDevelopmentExpenses": 0, "generalAndAdministrativeExpenses": 0, "sellingAndMarketingExpenses": 0, "sellingGeneralAndAdministrativeExpenses": 0, "otherExpenses": 5651000000, "operatingExpenses": 5651000000, "costAndExpenses": 11123000000, "interestIncome": 15000000, "interestExpense": -31000000, "depreciationAndAmortization": 1895000000, "ebitda": 3980000000, "ebitdaratio": 0.3006723578, "operatingIncome": 2114000000, "operatingIncomeRatio": 0.1597038604, "totalOtherIncomeExpensesNet": 29000000, "incomeBeforeTax": 1545000000, "incomeBeforeTaxRatio": 0.1167182896, "incomeTaxExpense": 539000000, "netIncome": 1006000000, "netIncomeRatio": 0.0759990935, "eps": 2.79, "epsdiluted": 2.78, "weightedAverageShsOut": 351000000, "weightedAverageShsOutDil": 353000000, "link": "https://www.sec.gov/Archives/edgar/data/1004980/000100498008000054/0001004980-08-000054-index.htm", "finalLink": "https://www.sec.gov/Archives/edgar/data/1004980/000100498008000054/form10k2007.htm", "calculatedOtherExpenses": 5651000000, "calculatedOperatingExpenses": 5651000000, "calculatedNetInterest": 46000000, "calculatedOtherIncome": -615000000, "calculatedIncomeNonControlling": 0, "calculatedEbitda": 4009000000}, {"date": "2006-12-31", "symbol": "PCG", "reportedCurrency": "USD", "cik": "0001004980", "fillingDate": "2007-02-22", "acceptedDate": "2007-02-22 17:03:55", "calendarYear": "2006", "period": "FY", "revenue": 12539000000, "costOfRevenue": 5019000000, "grossProfit": 7520000000, "grossProfitRatio": 0.599728846, "researchAndDevelopmentExpenses": 0, "generalAndAdministrativeExpenses": 0, "sellingAndMarketingExpenses": 0, "sellingGeneralAndAdministrativeExpenses": 0, "otherExpenses": 5412000000, "operatingExpenses": 5412000000, "costAndExpenses": 10431000000, "interestIncome": 15000000, "interestExpense": -30000000, "depreciationAndAmortization": 1756000000, "ebitda": 3877000000, "ebitdaratio": 0.3091953106, "operatingIncome": 2108000000, "operatingIncomeRatio": 0.1681154797, "totalOtherIncomeExpensesNet": -13000000, "incomeBeforeTax": 1545000000, "incomeBeforeTaxRatio": 0.1232155674, "incomeTaxExpense": 554000000, "netIncome": 991000000, "netIncomeRatio": 0.0790334157, "eps": 2.78, "epsdiluted": 2.76, "weightedAverageShsOut": 346000000, "weightedAverageShsOutDil": 359057971, "link": "https://www.sec.gov/Archives/edgar/data/1004980/000100498007000057/0001004980-07-000057-index.htm", "finalLink": "https://www.sec.gov/Archives/edgar/data/1004980/000100498007000057/form10k.htm", "calculatedOtherExpenses": 5412000000, "calculatedOperatingExpenses": 5412000000, "calculatedNetInterest": 45000000, "calculatedOtherIncome": -608000000, "calculatedIncomeNonControlling": 0, "calculatedEbitda": 3864000000}, {"date": "2005-12-31", "symbol": "PCG", "reportedCurrency": "USD", "cik": "0001004980", "fillingDate": "2006-02-17", "acceptedDate": "2006-02-17 15:50:08", "calendarYear": "2005", "period": "FY", "revenue": 11703000000, "costOfRevenue": 4601000000, "grossProfit": 7102000000, "grossProfitRatio": 0.6068529437, "researchAndDevelopmentExpenses": 0, "generalAndAdministrativeExpenses": 0, "sellingAndMarketingExpenses": 0, "sellingGeneralAndAdministrativeExpenses": 0, "otherExpenses": 5132000000, "operatingExpenses": 5132000000, "costAndExpenses": 9733000000, "interestIncome": 9000000, "interestExpense": -35000000, "depreciationAndAmortization": 1698000000, "ebitda": 3724000000, "ebitdaratio": 0.3182090062, "operatingIncome": 1970000000, "operatingIncomeRatio": 0.1683329061, "totalOtherIncomeExpensesNet": -19000000, "incomeBeforeTax": 1448000000, "incomeBeforeTaxRatio": 0.1237289584, "incomeTaxExpense": 544000000, "netIncome": 917000000, "netIncomeRatio": 0.0783559771, "eps": 2.4, "epsdiluted": 2.37, "weightedAverageShsOut": 372000000, "weightedAverageShsOutDil": 386919831, "link": "https://www.sec.gov/Archives/edgar/data/1004980/000100498006000066/0001004980-06-000066-index.htm", "finalLink": "https://www.sec.gov/Archives/edgar/data/1004980/000100498006000066/form10k.htm", "calculatedOtherExpenses": 5132000000, "calculatedOperatingExpenses": 5132000000, "calculatedNetInterest": 44000000, "calculatedOtherIncome": -566000000, "calculatedIncomeNonControlling": -13000000, "calculatedEbitda": 3668000000}, {"date": "2004-12-31", "symbol": "PCG", "reportedCurrency": "USD", "cik": "0001004980", "fillingDate": "2005-02-18", "acceptedDate": "2005-02-18 13:19:15", "calendarYear": "2004", "period": "FY", "revenue": 11080000000, "costOfRevenue": 4494000000, "grossProfit": 6586000000, "grossProfitRatio": 0.5944043321, "researchAndDevelopmentExpenses": 0, "generalAndAdministrativeExpenses": 0, "sellingAndMarketingExpenses": 0, "sellingGeneralAndAdministrativeExpenses": 0, "otherExpenses": -532000000, "operatingExpenses": -532000000, "costAndExpenses": 3962000000, "interestIncome": 0, "interestExpense": 0, "depreciationAndAmortization": 1497000000, "ebitda": 8713000000, "ebitdaratio": 0.7863718412, "operatingIncome": 7118000000, "operatingIncomeRatio": 0.6424187726, "totalOtherIncomeExpensesNet": -98000000, "incomeBeforeTax": 6286000000, "incomeBeforeTaxRatio": 0.5673285199, "incomeTaxExpense": 2466000000, "netIncome": 4504000000, "netIncomeRatio": 0.4064981949, "eps": 9.16, "epsdiluted": 8.97, "weightedAverageShsOut": 491703057, "weightedAverageShsOutDil": 502118172, "link": "https://www.sec.gov/Archives/edgar/data/1004980/000104746905004204/0001047469-05-004204-index.htm", "finalLink": "https://www.sec.gov/Archives/edgar/data/1004980/000104746905004204/a2150586z10-k.htm", "calculatedOtherExpenses": -532000000, "calculatedOperatingExpenses": -532000000, "calculatedNetInterest": 0, "calculatedOtherIncome": -832000000, "calculatedIncomeNonControlling": -684000000, "calculatedEbitda": 8615000000}, {"date": "2003-12-31", "symbol": "PCG", "reportedCurrency": "USD", "cik": "0001004980", "fillingDate": "2004-02-19", "acceptedDate": "2004-02-19 15:22:44", "calendarYear": "2003", "period": "FY", "revenue": 10435000000, "costOfRevenue": 3747000000, "grossProfit": 6688000000, "grossProfitRatio": 0.6409199808, "researchAndDevelopmentExpenses": 0, "generalAndAdministrativeExpenses": 0, "sellingAndMarketingExpenses": 0, "sellingGeneralAndAdministrativeExpenses": 0, "otherExpenses": 4345000000, "operatingExpenses": 4345000000, "costAndExpenses": 8092000000, "interestIncome": 0, "interestExpense": 0, "depreciationAndAmortization": 1222000000, "ebitda": 3574000000, "ebitdaratio": 0.3425011979, "operatingIncome": 2343000000, "operatingIncomeRatio": 0.2245328222, "totalOtherIncomeExpensesNet": -9000000, "incomeBeforeTax": 1249000000, "incomeBeforeTaxRatio": 0.1196933397, "incomeTaxExpense": 458000000, "netIncome": 420000000, "netIncomeRatio": 0.0402491615, "eps": 1.96, "epsdiluted": 1.92, "weightedAverageShsOut": 384000000, "weightedAverageShsOutDil": 398958333, "link": "https://www.sec.gov/Archives/edgar/data/1004980/000095014904000430/0000950149-04-000430-index.htm", "finalLink": "https://www.sec.gov/Archives/edgar/data/1004980/000095014904000430/f95893ae10vk.htm", "calculatedOtherExpenses": 4345000000, "calculatedOperatingExpenses": 4345000000, "calculatedNetInterest": 0, "calculatedOtherIncome": -1094000000, "calculatedIncomeNonControlling": 371000000, "calculatedEbitda": 3565000000}, {"date": "2002-12-31", "symbol": "PCG", "reportedCurrency": "USD", "cik": "0001004980", "fillingDate": "2003-02-27", "acceptedDate": "2003-02-27 17:02:50", "calendarYear": "2002", "period": "FY", "revenue": 12495000000, "costOfRevenue": 3759000000, "grossProfit": 8736000000, "grossProfitRatio": 0.6991596639, "researchAndDevelopmentExpenses": 0, "generalAndAdministrativeExpenses": 155000000, "sellingAndMarketingExpenses": 0, "sellingGeneralAndAdministrativeExpenses": 155000000, "otherExpenses": 7604000000, "operatingExpenses": 7604000000, "costAndExpenses": 11363000000, "interestIncome": 61000000, "interestExpense": -1454000000, "depreciationAndAmortization": 1309000000, "ebitda": 2351000000, "ebitdaratio": 0.1881552621, "operatingIncome": 1132000000, "operatingIncomeRatio": 0.0905962385, "totalOtherIncomeExpensesNet": 90000000, "incomeBeforeTax": -100000000, "incomeBeforeTaxRatio": -0.0080032013, "incomeTaxExpense": -43000000, "netIncome": -874000000, "netIncomeRatio": -0.0699479792, "eps": -2.37, "epsdiluted": -2.32, "weightedAverageShsOut": 368000000, "weightedAverageShsOutDil": 376790831, "link": "https://www.sec.gov/Archives/edgar/data/1004980/000104746903007123/0001047469-03-007123-index.htm", "finalLink": "https://www.sec.gov/Archives/edgar/data/1004980/000104746903007123/a2103978z10-k.htm", "calculatedOtherExpenses": 7449000000, "calculatedOperatingExpenses": 7604000000, "calculatedNetInterest": 1515000000, "calculatedOtherIncome": -2747000000, "calculatedIncomeNonControlling": 817000000, "calculatedEbitda": 2441000000}, {"date": "2001-12-31", "symbol": "PCG", "reportedCurrency": "USD", "cik": "0001004980", "fillingDate": "2002-03-05", "acceptedDate": "2002-03-05 00:00:00", "calendarYear": "2001", "period": "FY", "revenue": 22959000000, "costOfRevenue": 15945000000, "grossProfit": 7014000000, "grossProfitRatio": 0.3055011107, "researchAndDevelopmentExpenses": 0, "generalAndAdministrativeExpenses": 0, "sellingAndMarketingExpenses": 0, "sellingGeneralAndAdministrativeExpenses": 0, "otherExpenses": 4278000000, "operatingExpenses": 4278000000, "costAndExpenses": 20223000000, "interestIncome": 0, "interestExpense": 0, "depreciationAndAmortization": 1068000000, "ebitda": 3842000000, "ebitdaratio": 0.1673417832, "operatingIncome": 2736000000, "operatingIncomeRatio": 0.1191689534, "totalOtherIncomeExpensesNet": -38000000, "incomeBeforeTax": 1698000000, "incomeBeforeTaxRatio": 0.073957925, "incomeTaxExpense": 608000000, "netIncome": 1099000000, "netIncomeRatio": 0.0478679385, "eps": 2.81, "epsdiluted": 2.8, "weightedAverageShsOut": 391103203, "weightedAverageShsOutDil": 392500000, "link": "https://www.sec.gov/Archives/edgar/data/1004980/000095010902001149/0000950109-02-001149-index.htm", "finalLink": "https://www.sec.gov/Archives/edgar/data/1004980/000095010902001149/d10k.htm", "calculatedOtherExpenses": 4278000000, "calculatedOperatingExpenses": 4278000000, "calculatedNetInterest": 0, "calculatedOtherIncome": -1038000000, "calculatedIncomeNonControlling": -9000000, "calculatedEbitda": 3804000000}, {"date": "2000-12-31", "symbol": "PCG", "reportedCurrency": "USD", "cik": "0001004980", "fillingDate": "2001-04-17", "acceptedDate": "2001-04-17 00:00:00", "calendarYear": "2000", "period": "FY", "revenue": 26232000000, "costOfRevenue": 23386000000, "grossProfit": 2846000000, "grossProfitRatio": 0.1084934431, "researchAndDevelopmentExpenses": 0, "generalAndAdministrativeExpenses": 0, "sellingAndMarketingExpenses": 0, "sellingGeneralAndAdministrativeExpenses": 0, "otherExpenses": 7653000000, "operatingExpenses": 7653000000, "costAndExpenses": 31039000000, "interestIncome": 0, "interestExpense": 0, "depreciationAndAmortization": 3659000000, "ebitda": -1125000000, "ebitdaratio": -0.0428865508, "operatingIncome": -4807000000, "operatingIncomeRatio": -0.1832494663, "totalOtherIncomeExpensesNet": -23000000, "incomeBeforeTax": -5352000000, "incomeBeforeTaxRatio": -0.2040256176, "incomeTaxExpense": -2028000000, "netIncome": -3364000000, "netIncomeRatio": -0.1282403172, "eps": -9.49, "epsdiluted": -9.49, "weightedAverageShsOut": 354478398, "weightedAverageShsOutDil": 354478398, "link": "https://www.sec.gov/Archives/edgar/data/1004980/000092962401500037/0000929624-01-500037-index.htm", "finalLink": "https://www.sec.gov/Archives/edgar/data/1004980/000092962401500037/d10k.txt", "calculatedOtherExpenses": 7653000000, "calculatedOperatingExpenses": 7653000000, "calculatedNetInterest": 0, "calculatedOtherIncome": -545000000, "calculatedIncomeNonControlling": 40000000, "calculatedEbitda": -1148000000}, {"date": "1999-12-31", "symbol": "PCG", "reportedCurrency": "USD", "cik": "0001004980", "fillingDate": "2000-03-08", "acceptedDate": "2000-03-08 00:00:00", "calendarYear": "1999", "period": "FY", "revenue": 20820000000, "costOfRevenue": 13736000000, "grossProfit": 7084000000, "grossProfitRatio": 0.3402497598, "researchAndDevelopmentExpenses": 0, "generalAndAdministrativeExpenses": 0, "sellingAndMarketingExpenses": 0, "sellingGeneralAndAdministrativeExpenses": 0, "otherExpenses": 6206000000, "operatingExpenses": 6206000000, "costAndExpenses": 19942000000, "interestIncome": 0, "interestExpense": 0, "depreciationAndAmortization": 1625000000, "ebitda": 2503000000, "ebitdaratio": 0.1202209414, "operatingIncome": 878000000, "operatingIncomeRatio": 0.0421709894, "totalOtherIncomeExpensesNet": 155000000, "incomeBeforeTax": 261000000, "incomeBeforeTaxRatio": 0.0125360231, "incomeTaxExpense": 248000000, "netIncome": -73000000, "netIncomeRatio": -0.003506244, "eps": -0.2, "epsdiluted": -0.2, "weightedAverageShsOut": 368085106, "weightedAverageShsOutDil": 370714286, "link": "https://www.sec.gov/Archives/edgar/data/1004980/000092962400000321/0000929624-00-000321-index.html", "finalLink": "https://www.sec.gov/Archives/edgar/data/1004980/000092962400000321/", "calculatedOtherExpenses": 6206000000, "calculatedOperatingExpenses": 6206000000, "calculatedNetInterest": 0, "calculatedOtherIncome": -617000000, "calculatedIncomeNonControlling": 86000000, "calculatedEbitda": 2503000000}, {"date": "1998-12-31", "symbol": "PCG", "reportedCurrency": "USD", "cik": "0001004980", "fillingDate": "1999-03-09", "acceptedDate": "1999-03-09 00:00:00", "calendarYear": "1998", "period": "FY", "revenue": 19942000000, "costOfRevenue": 13223000000, "grossProfit": 6719000000, "grossProfitRatio": 0.3369270886, "researchAndDevelopmentExpenses": 0, "generalAndAdministrativeExpenses": 0, "sellingAndMarketingExpenses": 0, "sellingGeneralAndAdministrativeExpenses": 0, "otherExpenses": 4712000000, "operatingExpenses": 4712000000, "costAndExpenses": 17935000000, "interestIncome": 0, "interestExpense": 0, "depreciationAndAmortization": 1545000000, "ebitda": 3552000000, "ebitdaratio": 0.178116538, "operatingIncome": 2007000000, "operatingIncomeRatio": 0.1006418614, "totalOtherIncomeExpensesNet": 64000000, "incomeBeforeTax": 1289000000, "incomeBeforeTaxRatio": 0.0646374486, "incomeTaxExpense": 570000000, "netIncome": 719000000, "netIncomeRatio": 0.0360545582, "eps": 1.99, "epsdiluted": 1.99, "weightedAverageShsOut": 361306533, "weightedAverageShsOutDil": 361306533, "link": "https://www.sec.gov/Archives/edgar/data/1004980/000092962499000404/0000929624-99-000404-index.html", "finalLink": "https://www.sec.gov/Archives/edgar/data/1004980/", "calculatedOtherExpenses": 4712000000, "calculatedOperatingExpenses": 4712000000, "calculatedNetInterest": 0, "calculatedOtherIncome": -718000000, "calculatedIncomeNonControlling": 0, "calculatedEbitda": 3552000000}, {"date": "1997-12-31", "symbol": "PCG", "reportedCurrency": "USD", "cik": "0001004980", "fillingDate": "1998-03-05", "acceptedDate": "1998-03-05 00:00:00", "calendarYear": "1997", "period": "FY", "revenue": 15400000000, "costOfRevenue": 8485000000, "grossProfit": 6915000000, "grossProfitRatio": 0.449025974, "researchAndDevelopmentExpenses": 0, "generalAndAdministrativeExpenses": 0, "sellingAndMarketingExpenses": 0, "sellingGeneralAndAdministrativeExpenses": 0, "otherExpenses": 5187000000, "operatingExpenses": 5187000000, "costAndExpenses": 13672000000, "interestIncome": 0, "interestExpense": 0, "depreciationAndAmortization": 1813000000, "ebitda": 3541000000, "ebitdaratio": 0.2299350649, "operatingIncome": 1728000000, "operatingIncomeRatio": 0.1122077922, "totalOtherIncomeExpensesNet": 201000000, "incomeBeforeTax": 1264000000, "incomeBeforeTaxRatio": 0.0820779221, "incomeTaxExpense": 548000000, "netIncome": 716000000, "netIncomeRatio": 0.0464935065, "eps": 1.75, "epsdiluted": 1.75, "weightedAverageShsOut": 409142857, "weightedAverageShsOutDil": 409142857, "link": "https://www.sec.gov/Archives/edgar/data/1004980/000092962498000494/0000929624-98-000494-index.html", "finalLink": "https://www.sec.gov/Archives/edgar/data/1004980/", "calculatedOtherExpenses": 5187000000, "calculatedOperatingExpenses": 5187000000, "calculatedNetInterest": 0, "calculatedOtherIncome": -464000000, "calculatedIncomeNonControlling": 0, "calculatedEbitda": 3541000000}, {"date": "1996-12-31", "symbol": "PCG", "reportedCurrency": "USD", "cik": "0001004980", "fillingDate": "1997-03-04", "acceptedDate": "1997-03-04 00:00:00", "calendarYear": "1996", "period": "FY", "revenue": 9610000000, "costOfRevenue": 3065300000, "grossProfit": 6544700000, "grossProfitRatio": 0.6810301769, "researchAndDevelopmentExpenses": 0, "generalAndAdministrativeExpenses": 0, "sellingAndMarketingExpenses": 0, "sellingGeneralAndAdministrativeExpenses": 1016400000, "otherExpenses": 3651200000, "operatingExpenses": 4667600000, "costAndExpenses": 7732900000, "interestIncome": 0, "interestExpense": 0, "depreciationAndAmortization": 1315900000, "ebitda": 3193000000, "ebitdaratio": 0.3322580645, "operatingIncome": 1877100000, "operatingIncomeRatio": 0.1953277836, "totalOtherIncomeExpensesNet": -566900000, "incomeBeforeTax": 1310200000, "incomeBeforeTaxRatio": 0.1363371488, "incomeTaxExpense": 555000000, "netIncome": 755200000, "netIncomeRatio": 0.0785848075, "eps": 1.75, "epsdiluted": 1.75, "weightedAverageShsOut": 412628571, "weightedAverageShsOutDil": 412628571, "link": "https://www.sec.gov/Archives/edgar/data/1004980/000089843097000819/0000898430-97-000819-index.html", "finalLink": "https://www.sec.gov/Archives/edgar/data/1004980/", "calculatedOtherExpenses": 3651200000, "calculatedOperatingExpenses": 4667600000, "calculatedNetInterest": 0, "calculatedOtherIncome": -566900000, "calculatedIncomeNonControlling": 0, "calculatedEbitda": 3193000000}, {"date": "1995-12-31", "symbol": "PCG", "reportedCurrency": "USD", "cik": "0001004980", "fillingDate": "1995-12-31", "acceptedDate": "1995-12-30 19:00:00", "calendarYear": "1995", "period": "FY", "revenue": 9621700000, "costOfRevenue": 2450100000, "grossProfit": 7171600000, "grossProfitRatio": 0.7453568496, "researchAndDevelopmentExpenses": 0, "generalAndAdministrativeExpenses": 0, "sellingAndMarketingExpenses": 0, "sellingGeneralAndAdministrativeExpenses": 971600000, "otherExpenses": 3437100000, "operatingExpenses": 4408700000, "costAndExpenses": 6858800000, "interestIncome": 0, "interestExpense": 0, "depreciationAndAmortization": 1390900000, "ebitda": 4153800000, "ebitdaratio": 0.4317116518, "operatingIncome": 2762900000, "operatingIncomeRatio": 0.2871529979, "totalOtherIncomeExpensesNet": 58600000, "incomeBeforeTax": 2234200000, "incomeBeforeTaxRatio": 0.2322042882, "incomeTaxExpense": 895300000, "netIncome": 1338900000, "netIncomeRatio": 0.1391542035, "eps": 2.99, "epsdiluted": 2.99, "weightedAverageShsOut": 424280936, "weightedAverageShsOutDil": 424280936, "link": "", "finalLink": "", "calculatedOtherExpenses": 3437100000, "calculatedOperatingExpenses": 4408700000, "calculatedNetInterest": 0, "calculatedOtherIncome": -528700000, "calculatedIncomeNonControlling": 0, "calculatedEbitda": 4153800000}, {"date": "1994-12-31", "symbol": "PCG", "reportedCurrency": "USD", "cik": "0001004980", "fillingDate": "1994-12-31", "acceptedDate": "1994-12-30 19:00:00", "calendarYear": "1994", "period": "FY", "revenue": 10447400000, "costOfRevenue": 0, "grossProfit": 10447400000, "grossProfitRatio": 1, "researchAndDevelopmentExpenses": 0, "generalAndAdministrativeExpenses": 0, "sellingAndMarketingExpenses": 0, "sellingGeneralAndAdministrativeExpenses": 0, "otherExpenses": 0, "operatingExpenses": 0, "costAndExpenses": 0, "interestIncome": 0, "interestExpense": 0, "depreciationAndAmortization": 0, "ebitda": 10447400000, "ebitdaratio": 1, "operatingIncome": 10447400000, "operatingIncomeRatio": 1, "totalOtherIncomeExpensesNet": 0, "incomeBeforeTax": 0, "incomeBeforeTaxRatio": 0, "incomeTaxExpense": -1007500000, "netIncome": 1007500000, "netIncomeRatio": 0.0964354768, "eps": 2.21, "epsdiluted": 2.21, "weightedAverageShsOut": 429819005, "weightedAverageShsOutDil": 429819005, "link": "", "finalLink": "", "calculatedOtherExpenses": 0, "calculatedOperatingExpenses": 0, "calculatedNetInterest": 0, "calculatedOtherIncome": -10447400000, "calculatedIncomeNonControlling": 0, "calculatedEbitda": 10447400000}, {"date": "1993-12-31", "symbol": "PCG", "reportedCurrency": "USD", "cik": "0001004980", "fillingDate": "1993-12-31", "acceptedDate": "1993-12-30 19:00:00", "calendarYear": "1993", "period": "FY", "revenue": 10582400000, "costOfRevenue": 0, "grossProfit": 10582400000, "grossProfitRatio": 1, "researchAndDevelopmentExpenses": 0, "generalAndAdministrativeExpenses": 0, "sellingAndMarketingExpenses": 0, "sellingGeneralAndAdministrativeExpenses": 0, "otherExpenses": 0, "operatingExpenses": 0, "costAndExpenses": 0, "interestIncome": 0, "interestExpense": 0, "depreciationAndAmortization": 0, "ebitda": 10582400000, "ebitdaratio": 1, "operatingIncome": 10582400000, "operatingIncomeRatio": 1, "totalOtherIncomeExpensesNet": 0, "incomeBeforeTax": 0, "incomeBeforeTaxRatio": 0, "incomeTaxExpense": -1065500000, "netIncome": 1065500000, "netIncomeRatio": 0.1006860448, "eps": 2.33, "epsdiluted": 2.33, "weightedAverageShsOut": 429914163, "weightedAverageShsOutDil": 429914163, "link": "", "finalLink": "", "calculatedOtherExpenses": 0, "calculatedOperatingExpenses": 0, "calculatedNetInterest": 0, "calculatedOtherIncome": -10582400000, "calculatedIncomeNonControlling": 0, "calculatedEbitda": 10582400000}, {"date": "1992-12-31", "symbol": "PCG", "reportedCurrency": "USD", "cik": "0001004980", "fillingDate": "1992-12-31", "acceptedDate": "1992-12-30 19:00:00", "calendarYear": "1992", "period": "FY", "revenue": 10296100000, "costOfRevenue": 0, "grossProfit": 10296100000, "grossProfitRatio": 1, "researchAndDevelopmentExpenses": 0, "generalAndAdministrativeExpenses": 0, "sellingAndMarketingExpenses": 0, "sellingGeneralAndAdministrativeExpenses": 0, "otherExpenses": 0, "operatingExpenses": 0, "costAndExpenses": 0, "interestIncome": 0, "interestExpense": 0, "depreciationAndAmortization": 0, "ebitda": 10296100000, "ebitdaratio": 1, "operatingIncome": 10296100000, "operatingIncomeRatio": 1, "totalOtherIncomeExpensesNet": 0, "incomeBeforeTax": 0, "incomeBeforeTaxRatio": 0, "incomeTaxExpense": -1170600000, "netIncome": 1170600000, "netIncomeRatio": 0.1136935344, "eps": 2.58, "epsdiluted": 2.58, "weightedAverageShsOut": 423139535, "weightedAverageShsOutDil": 423139535, "link": "", "finalLink": "", "calculatedOtherExpenses": 0, "calculatedOperatingExpenses": 0, "calculatedNetInterest": 0, "calculatedOtherIncome": -10296100000, "calculatedIncomeNonControlling": 0, "calculatedEbitda": 10296100000}, {"date": "1991-12-31", "symbol": "PCG", "reportedCurrency": "USD", "cik": "0001004980", "fillingDate": "1991-12-31", "acceptedDate": "1991-12-30 19:00:00", "calendarYear": "1991", "period": "FY", "revenue": 9778100000, "costOfRevenue": 0, "grossProfit": 9778100000, "grossProfitRatio": 1, "researchAndDevelopmentExpenses": 0, "generalAndAdministrativeExpenses": 0, "sellingAndMarketingExpenses": 0, "sellingGeneralAndAdministrativeExpenses": 0, "otherExpenses": 0, "operatingExpenses": 0, "costAndExpenses": 0, "interestIncome": 0, "interestExpense": 0, "depreciationAndAmortization": 0, "ebitda": 9778100000, "ebitdaratio": 1, "operatingIncome": 9778100000, "operatingIncomeRatio": 1, "totalOtherIncomeExpensesNet": 0, "incomeBeforeTax": 0, "incomeBeforeTaxRatio": 0, "incomeTaxExpense": -1026400000, "netIncome": 1026400000, "netIncomeRatio": 0.1049692681, "eps": 2.24, "epsdiluted": 2.24, "weightedAverageShsOut": 418214286, "weightedAverageShsOutDil": 418214286, "link": "", "finalLink": "", "calculatedOtherExpenses": 0, "calculatedOperatingExpenses": 0, "calculatedNetInterest": 0, "calculatedOtherIncome": -9778100000, "calculatedIncomeNonControlling": 0, "calculatedEbitda": 9778100000}, {"date": "1990-12-31", "symbol": "PCG", "reportedCurrency": "USD", "cik": "0001004980", "fillingDate": "1990-12-31", "acceptedDate": "1990-12-30 19:00:00", "calendarYear": "1990", "period": "FY", "revenue": 9470100000, "costOfRevenue": 0, "grossProfit": 9470100000, "grossProfitRatio": 1, "researchAndDevelopmentExpenses": 0, "generalAndAdministrativeExpenses": 0, "sellingAndMarketingExpenses": 0, "sellingGeneralAndAdministrativeExpenses": 0, "otherExpenses": 0, "operatingExpenses": 0, "costAndExpenses": 0, "interestIncome": 0, "interestExpense": 0, "depreciationAndAmortization": 0, "ebitda": 9470100000, "ebitdaratio": 1, "operatingIncome": 9470100000, "operatingIncomeRatio": 1, "totalOtherIncomeExpensesNet": 0, "incomeBeforeTax": 0, "incomeBeforeTaxRatio": 0, "incomeTaxExpense": -987200000, "netIncome": 987200000, "netIncomeRatio": 0.1042438834, "eps": 2.1, "epsdiluted": 2.1, "weightedAverageShsOut": 423428571, "weightedAverageShsOutDil": 423428571, "link": "", "finalLink": "", "calculatedOtherExpenses": 0, "calculatedOperatingExpenses": 0, "calculatedNetInterest": 0, "calculatedOtherIncome": -9470100000, "calculatedIncomeNonControlling": 0, "calculatedEbitda": 9470100000}, {"date": "1989-12-31", "symbol": "PCG", "reportedCurrency": "USD", "cik": "0001004980", "fillingDate": "1989-12-31", "acceptedDate": "1989-12-30 19:00:00", "calendarYear": "1989", "period": "FY", "revenue": 8588300000, "costOfRevenue": 0, "grossProfit": 8588300000, "grossProfitRatio": 1, "researchAndDevelopmentExpenses": 0, "generalAndAdministrativeExpenses": 0, "sellingAndMarketingExpenses": 0, "sellingGeneralAndAdministrativeExpenses": 0, "otherExpenses": 0, "operatingExpenses": 0, "costAndExpenses": 0, "interestIncome": 0, "interestExpense": 0, "depreciationAndAmortization": 0, "ebitda": 8588300000, "ebitdaratio": 1, "operatingIncome": 8588300000, "operatingIncomeRatio": 1, "totalOtherIncomeExpensesNet": 0, "incomeBeforeTax": 0, "incomeBeforeTaxRatio": 0, "incomeTaxExpense": -900600000, "netIncome": 900600000, "netIncomeRatio": 0.1048635935, "eps": 1.9, "epsdiluted": 1.9, "weightedAverageShsOut": 420789474, "weightedAverageShsOutDil": 420789474, "link": "", "finalLink": "", "calculatedOtherExpenses": 0, "calculatedOperatingExpenses": 0, "calculatedNetInterest": 0, "calculatedOtherIncome": -8588300000, "calculatedIncomeNonControlling": 0, "calculatedEbitda": 8588300000}, {"date": "1988-12-31", "symbol": "PCG", "reportedCurrency": "USD", "cik": "0001004980", "fillingDate": "1988-12-31", "acceptedDate": "1988-12-30 19:00:00", "calendarYear": "1988", "period": "FY", "revenue": 7645700000, "costOfRevenue": 0, "grossProfit": 7645700000, "grossProfitRatio": 1, "researchAndDevelopmentExpenses": 0, "generalAndAdministrativeExpenses": 0, "sellingAndMarketingExpenses": 0, "sellingGeneralAndAdministrativeExpenses": 0, "otherExpenses": 0, "operatingExpenses": 0, "costAndExpenses": 0, "interestIncome": 0, "interestExpense": 0, "depreciationAndAmortization": 0, "ebitda": 7645700000, "ebitdaratio": 1, "operatingIncome": 7645700000, "operatingIncomeRatio": 1, "totalOtherIncomeExpensesNet": 0, "incomeBeforeTax": 0, "incomeBeforeTaxRatio": 0, "incomeTaxExpense": -62100000, "netIncome": 62100000, "netIncomeRatio": 0.0081222125, "eps": -0.1, "epsdiluted": -0.1, "weightedAverageShsOut": 404000000, "weightedAverageShsOutDil": 404000000, "link": "", "finalLink": "", "calculatedOtherExpenses": 0, "calculatedOperatingExpenses": 0, "calculatedNetInterest": 0, "calculatedOtherIncome": -7645700000, "calculatedIncomeNonControlling": 0, "calculatedEbitda": 7645700000}, {"date": "1987-12-31", "symbol": "PCG", "reportedCurrency": "USD", "cik": "0001004980", "fillingDate": "1987-12-31", "acceptedDate": "1987-12-30 19:00:00", "calendarYear": "1987", "period": "FY", "revenue": 7185700000, "costOfRevenue": 0, "grossProfit": 7185700000, "grossProfitRatio": 1, "researchAndDevelopmentExpenses": 0, "generalAndAdministrativeExpenses": 0, "sellingAndMarketingExpenses": 0, "sellingGeneralAndAdministrativeExpenses": 0, "otherExpenses": 0, "operatingExpenses": 0, "costAndExpenses": 0, "interestIncome": 0, "interestExpense": 0, "depreciationAndAmortization": 0, "ebitda": 7185700000, "ebitdaratio": 1, "operatingIncome": 7185700000, "operatingIncomeRatio": 1, "totalOtherIncomeExpensesNet": 0, "incomeBeforeTax": 0, "incomeBeforeTaxRatio": 0, "incomeTaxExpense": -597200000, "netIncome": 597200000, "netIncomeRatio": 0.0831095092, "eps": 1.29, "epsdiluted": 1.29, "weightedAverageShsOut": 377054264, "weightedAverageShsOutDil": 377054264, "link": "", "finalLink": "", "calculatedOtherExpenses": 0, "calculatedOperatingExpenses": 0, "calculatedNetInterest": 0, "calculatedOtherIncome": -7185700000, "calculatedIncomeNonControlling": 0, "calculatedEbitda": 7185700000}, {"date": "1986-12-31", "symbol": "PCG", "reportedCurrency": "USD", "cik": "0001004980", "fillingDate": "1986-12-31", "acceptedDate": "1986-12-30 19:00:00", "calendarYear": "1986", "period": "FY", "revenue": 7816700000, "costOfRevenue": 0, "grossProfit": 7816700000, "grossProfitRatio": 1, "researchAndDevelopmentExpenses": 0, "generalAndAdministrativeExpenses": 0, "sellingAndMarketingExpenses": 0, "sellingGeneralAndAdministrativeExpenses": 0, "otherExpenses": 0, "operatingExpenses": 0, "costAndExpenses": 0, "interestIncome": 0, "interestExpense": 0, "depreciationAndAmortization": 0, "ebitda": 7816700000, "ebitdaratio": 1, "operatingIncome": 7816700000, "operatingIncomeRatio": 1, "totalOtherIncomeExpensesNet": 0, "incomeBeforeTax": 0, "incomeBeforeTaxRatio": 0, "incomeTaxExpense": -1081200000, "netIncome": 1081200000, "netIncomeRatio": 0.1383192396, "eps": 2.6, "epsdiluted": 2.6, "weightedAverageShsOut": 355769231, "weightedAverageShsOutDil": 355769231, "link": "", "finalLink": "", "calculatedOtherExpenses": 0, "calculatedOperatingExpenses": 0, "calculatedNetInterest": 0, "calculatedOtherIncome": -7816700000, "calculatedIncomeNonControlling": 0, "calculatedEbitda": 7816700000}, {"date": "1985-12-31", "symbol": "PCG", "reportedCurrency": "USD", "cik": "0001004980", "fillingDate": "1985-12-31", "acceptedDate": "1985-12-30 19:00:00", "calendarYear": "1985", "period": "FY", "revenue": 8431000000, "costOfRevenue": 0, "grossProfit": 8431000000, "grossProfitRatio": 1, "researchAndDevelopmentExpenses": 0, "generalAndAdministrativeExpenses": 0, "sellingAndMarketingExpenses": 0, "sellingGeneralAndAdministrativeExpenses": 0, "otherExpenses": 0, "operatingExpenses": 0, "costAndExpenses": 0, "interestIncome": 0, "interestExpense": 0, "depreciationAndAmortization": 0, "ebitda": 8431000000, "ebitdaratio": 1, "operatingIncome": 8431000000, "operatingIncomeRatio": 1, "totalOtherIncomeExpensesNet": 0, "incomeBeforeTax": 0, "incomeBeforeTaxRatio": 0, "incomeTaxExpense": -1030800000, "netIncome": 1030800000, "netIncomeRatio": 0.1222630767, "eps": 2.65, "epsdiluted": 2.65, "weightedAverageShsOut": 326981132, "weightedAverageShsOutDil": 326981132, "link": "", "finalLink": "", "calculatedOtherExpenses": 0, "calculatedOperatingExpenses": 0, "calculatedNetInterest": 0, "calculatedOtherIncome": -8431000000, "calculatedIncomeNonControlling": 0, "calculatedEbitda": 8431000000}]}