{"originalCurrency": "USD", "convertedCurrency": "USD", "report": [{"date": "2023-12-31", "symbol": "PCH", "reportedCurrency": "USD", "cik": "0001338749", "fillingDate": "2024-02-15", "acceptedDate": "2024-02-15 12:46:51", "calendarYear": "2023", "period": "FY", "revenue": 1024075000, "costOfRevenue": 780060000, "grossProfit": 244015000, "grossProfitRatio": 0.2382784464, "researchAndDevelopmentExpenses": 0, "generalAndAdministrativeExpenses": 76644000, "sellingAndMarketingExpenses": 0, "sellingGeneralAndAdministrativeExpenses": 76644000, "otherExpenses": -75730000, "operatingExpenses": 75730000, "costAndExpenses": 975308000, "interestIncome": 0, "interestExpense": 5313000, "depreciationAndAmortization": 119518000, "ebitda": 287803000, "ebitdaratio": 0.2810370334, "operatingIncome": 168285000, "operatingIncomeRatio": 0.1643287845, "totalOtherIncomeExpensesNet": -106400000, "incomeBeforeTax": 61885000, "incomeBeforeTaxRatio": 0.0604301443, "incomeTaxExpense": -216000, "netIncome": 62101000, "netIncomeRatio": 0.0606410663, "eps": 0.78, "epsdiluted": 0.77, "weightedAverageShsOut": 79985000, "weightedAverageShsOutDil": 80167000, "link": "https://www.sec.gov/Archives/edgar/data/1338749/000095017024015684/0000950170-24-015684-index.htm", "finalLink": "https://www.sec.gov/Archives/edgar/data/1338749/000095017024015684/pch-20231231.htm", "calculatedOtherExpenses": -914000, "calculatedOperatingExpenses": 75730000, "calculatedNetInterest": -5313000, "calculatedOtherIncome": -101087000, "calculatedIncomeNonControlling": 0, "calculatedEbitda": 287803000}, {"date": "2022-12-31", "symbol": "PCH", "reportedCurrency": "USD", "cik": "0001338749", "fillingDate": "2023-02-16", "acceptedDate": "2023-02-16 16:44:22", "calendarYear": "2022", "period": "FY", "revenue": 1330780000, "costOfRevenue": 806822000, "grossProfit": 523958000, "grossProfitRatio": 0.3937224785, "researchAndDevelopmentExpenses": 0, "generalAndAdministrativeExpenses": 84644000, "sellingAndMarketingExpenses": -8138000, "sellingGeneralAndAdministrativeExpenses": 76506000, "otherExpenses": 5550000, "operatingExpenses": 82056000, "costAndExpenses": 888878000, "interestIncome": 27400000, "interestExpense": 27400000, "depreciationAndAmortization": 68684000, "ebitda": 517766000, "ebitdaratio": 0.3890695682, "operatingIncome": 449082000, "operatingIncomeRatio": 0.3374577316, "totalOtherIncomeExpensesNet": -49770000, "incomeBeforeTax": 399312000, "incomeBeforeTaxRatio": 0.3000586122, "incomeTaxExpense": 65412000, "netIncome": 333900000, "netIncomeRatio": 0.250905484, "eps": 4.59, "epsdiluted": 4.58, "weightedAverageShsOut": 72740000, "weightedAverageShsOutDil": 72922000, "link": "https://www.sec.gov/Archives/edgar/data/1338749/000095017023003076/0000950170-23-003076-index.htm", "finalLink": "https://www.sec.gov/Archives/edgar/data/1338749/000095017023003076/pch-20221231.htm", "calculatedOtherExpenses": -1630000, "calculatedOperatingExpenses": 74876000, "calculatedNetInterest": 0, "calculatedOtherIncome": -49770000, "calculatedIncomeNonControlling": 0, "calculatedEbitda": 517766000}, {"date": "2021-12-31", "symbol": "PCH", "reportedCurrency": "USD", "cik": "0001338749", "fillingDate": "2022-02-17", "acceptedDate": "2022-02-17 16:28:50", "calendarYear": "2021", "period": "FY", "revenue": 1337435000, "costOfRevenue": 715846000, "grossProfit": 621589000, "grossProfitRatio": 0.4647620258, "researchAndDevelopmentExpenses": 0, "generalAndAdministrativeExpenses": 86659000, "sellingAndMarketingExpenses": -13227000, "sellingGeneralAndAdministrativeExpenses": 73432000, "otherExpenses": -13227000, "operatingExpenses": 73432000, "costAndExpenses": 789278000, "interestIncome": 29275000, "interestExpense": 29275000, "depreciationAndAmortization": 60837000, "ebitda": 612355000, "ebitdaratio": 0.4578577651, "operatingIncome": 551518000, "operatingIncomeRatio": 0.412369947, "totalOtherIncomeExpensesNet": -42502000, "incomeBeforeTax": 509016000, "incomeBeforeTaxRatio": 0.3805912063, "incomeTaxExpense": 85156000, "netIncome": 423860000, "netIncomeRatio": 0.3169200746, "eps": 6.29, "epsdiluted": 6.26, "weightedAverageShsOut": 67352000, "weightedAverageShsOutDil": 67719000, "link": "https://www.sec.gov/Archives/edgar/data/1338749/000095017022001428/0000950170-22-001428-index.htm", "finalLink": "https://www.sec.gov/Archives/edgar/data/1338749/000095017022001428/pch-20211231.htm", "calculatedOtherExpenses": -3361000, "calculatedOperatingExpenses": 70071000, "calculatedNetInterest": 0, "calculatedOtherIncome": -42502000, "calculatedIncomeNonControlling": 0, "calculatedEbitda": 612355000}, {"date": "2020-12-31", "symbol": "PCH", "reportedCurrency": "USD", "cik": "0001338749", "fillingDate": "2021-02-18", "acceptedDate": "2021-02-18 15:37:04", "calendarYear": "2020", "period": "FY", "revenue": 1040930000, "costOfRevenue": 687781000, "grossProfit": 353149000, "grossProfitRatio": 0.3392629668, "researchAndDevelopmentExpenses": 0, "generalAndAdministrativeExpenses": 72519000, "sellingAndMarketingExpenses": 0, "sellingGeneralAndAdministrativeExpenses": 72519000, "otherExpenses": -57214000, "operatingExpenses": 72519000, "costAndExpenses": 760300000, "interestIncome": 29463000, "interestExpense": 29463000, "depreciationAndAmortization": 77885000, "ebitda": 301301000, "ebitdaratio": 0.2894536616, "operatingIncome": 223416000, "operatingIncomeRatio": 0.2146311471, "totalOtherIncomeExpensesNet": -29463000, "incomeBeforeTax": 193953000, "incomeBeforeTaxRatio": 0.1863266502, "incomeTaxExpense": 27123000, "netIncome": 166830000, "netIncomeRatio": 0.160270143, "eps": 2.48, "epsdiluted": 2.47, "weightedAverageShsOut": 67237000, "weightedAverageShsOutDil": 67568000, "link": "https://www.sec.gov/Archives/edgar/data/1338749/000156459021006637/0001564590-21-006637-index.htm", "finalLink": "https://www.sec.gov/Archives/edgar/data/1338749/000156459021006637/pch-10k_20201231.htm", "calculatedOtherExpenses": 57214000, "calculatedOperatingExpenses": 129733000, "calculatedNetInterest": 0, "calculatedOtherIncome": -29463000, "calculatedIncomeNonControlling": 0, "calculatedEbitda": 301301000}, {"date": "2019-12-31", "symbol": "PCH", "reportedCurrency": "USD", "cik": "0001338749", "fillingDate": "2020-02-19", "acceptedDate": "2020-02-19 16:14:37", "calendarYear": "2019", "period": "FY", "revenue": 827098000, "costOfRevenue": 682066000, "grossProfit": 145032000, "grossProfitRatio": 0.1753504421, "researchAndDevelopmentExpenses": 0, "generalAndAdministrativeExpenses": 61664000, "sellingAndMarketingExpenses": -3739000, "sellingGeneralAndAdministrativeExpenses": 57925000, "otherExpenses": -3739000, "operatingExpenses": 57925000, "costAndExpenses": 739991000, "interestIncome": 30361000, "interestExpense": 30361000, "depreciationAndAmortization": 59190000, "ebitda": 155473000, "ebitdaratio": 0.1879740974, "operatingIncome": 96283000, "operatingIncomeRatio": 0.1164106309, "totalOtherIncomeExpensesNet": -39612000, "incomeBeforeTax": 56671000, "incomeBeforeTaxRatio": 0.0685178782, "incomeTaxExpense": 1010000, "netIncome": 55661000, "netIncomeRatio": 0.0672967411, "eps": 0.82, "epsdiluted": 0.82, "weightedAverageShsOut": 67608000, "weightedAverageShsOutDil": 67743000, "link": "https://www.sec.gov/Archives/edgar/data/1338749/000156459020005284/0001564590-20-005284-index.htm", "finalLink": "https://www.sec.gov/Archives/edgar/data/1338749/000156459020005284/pch-10k_20191231.htm", "calculatedOtherExpenses": -9176000, "calculatedOperatingExpenses": 48749000, "calculatedNetInterest": 0, "calculatedOtherIncome": -39612000, "calculatedIncomeNonControlling": 0, "calculatedEbitda": 155473000}, {"date": "2018-12-31", "symbol": "PCH", "reportedCurrency": "USD", "cik": "0001338749", "fillingDate": "2019-02-27", "acceptedDate": "2019-02-27 15:35:38", "calendarYear": "2018", "period": "FY", "revenue": 974579000, "costOfRevenue": 707645000, "grossProfit": 266934000, "grossProfitRatio": 0.2738967287, "researchAndDevelopmentExpenses": 0, "generalAndAdministrativeExpenses": 0, "sellingAndMarketingExpenses": 0, "sellingGeneralAndAdministrativeExpenses": 59861000, "otherExpenses": -7648000, "operatingExpenses": 59861000, "costAndExpenses": 767506000, "interestIncome": 0, "interestExpense": 35227000, "depreciationAndAmortization": 73161000, "ebitda": 272586000, "ebitdaratio": 0.279696156, "operatingIncome": 184954000, "operatingIncomeRatio": 0.1897783556, "totalOtherIncomeExpensesNet": -29767000, "incomeBeforeTax": 142079000, "incomeBeforeTaxRatio": 0.1457850005, "incomeTaxExpense": 19199000, "netIncome": 122880000, "netIncomeRatio": 0.1260852122, "eps": 2.03, "epsdiluted": 1.99, "weightedAverageShsOut": 60534000, "weightedAverageShsOutDil": 61814000, "link": "https://www.sec.gov/Archives/edgar/data/1338749/000156459019004862/0001564590-19-004862-index.htm", "finalLink": "https://www.sec.gov/Archives/edgar/data/1338749/000156459019004862/pch-10k_20181231.htm", "calculatedOtherExpenses": 22119000, "calculatedOperatingExpenses": 81980000, "calculatedNetInterest": -35227000, "calculatedOtherIncome": -7648000, "calculatedIncomeNonControlling": 0, "calculatedEbitda": 258115000}, {"date": "2017-12-31", "symbol": "PCH", "reportedCurrency": "USD", "cik": "0001338749", "fillingDate": "2018-02-16", "acceptedDate": "2018-02-16 16:59:07", "calendarYear": "2017", "period": "FY", "revenue": 678595000, "costOfRevenue": 470365000, "grossProfit": 208230000, "grossProfitRatio": 0.306854604, "researchAndDevelopmentExpenses": 0, "generalAndAdministrativeExpenses": 0, "sellingAndMarketingExpenses": 0, "sellingGeneralAndAdministrativeExpenses": 55408000, "otherExpenses": 4978000, "operatingExpenses": 60386000, "costAndExpenses": 530751000, "interestIncome": 0, "interestExpense": 27049000, "depreciationAndAmortization": 29912000, "ebitda": 177756000, "ebitdaratio": 0.2619471113, "operatingIncome": 145523000, "operatingIncomeRatio": 0.2144474981, "totalOtherIncomeExpensesNet": -2321000, "incomeBeforeTax": 118474000, "incomeBeforeTaxRatio": 0.1745871985, "incomeTaxExpense": 32021000, "netIncome": 86453000, "netIncomeRatio": 0.1273999956, "eps": 2.12, "epsdiluted": 2.1, "weightedAverageShsOut": 40824000, "weightedAverageShsOutDil": 41227000, "link": "https://www.sec.gov/Archives/edgar/data/1338749/000156459018002349/0001564590-18-002349-index.htm", "finalLink": "https://www.sec.gov/Archives/edgar/data/1338749/000156459018002349/pch-10k_20171231.htm", "calculatedOtherExpenses": 7299000, "calculatedOperatingExpenses": 62707000, "calculatedNetInterest": -27049000, "calculatedOtherIncome": 0, "calculatedIncomeNonControlling": 0, "calculatedEbitda": 175435000}, {"date": "2016-12-31", "symbol": "PCH", "reportedCurrency": "USD", "cik": "0001338749", "fillingDate": "2017-02-17", "acceptedDate": "2017-02-17 15:35:26", "calendarYear": "2016", "period": "FY", "revenue": 599099000, "costOfRevenue": 462304000, "grossProfit": 136795000, "grossProfitRatio": 0.228334549, "researchAndDevelopmentExpenses": 0, "generalAndAdministrativeExpenses": 0, "sellingAndMarketingExpenses": 0, "sellingGeneralAndAdministrativeExpenses": 52719000, "otherExpenses": -52719000, "operatingExpenses": 52719000, "costAndExpenses": 515023000, "interestIncome": 0, "interestExpense": 28941000, "depreciationAndAmortization": 34190000, "ebitda": 118266000, "ebitdaratio": 0.1974064387, "operatingIncome": 35554000, "operatingIncomeRatio": 0.0593457843, "totalOtherIncomeExpensesNet": -48522000, "incomeBeforeTax": 6613000, "incomeBeforeTaxRatio": 0.0110382424, "incomeTaxExpense": -4325000, "netIncome": 10938000, "netIncomeRatio": 0.0182574166, "eps": 0.27, "epsdiluted": 0.27, "weightedAverageShsOut": 40798000, "weightedAverageShsOutDil": 41033000, "link": "https://www.sec.gov/Archives/edgar/data/1338749/000156459017001760/0001564590-17-001760-index.htm", "finalLink": "https://www.sec.gov/Archives/edgar/data/1338749/000156459017001760/pch-10k_20161231.htm", "calculatedOtherExpenses": 48522000, "calculatedOperatingExpenses": 101241000, "calculatedNetInterest": -28941000, "calculatedOtherIncome": 0, "calculatedIncomeNonControlling": 0, "calculatedEbitda": 69744000}, {"date": "2015-12-31", "symbol": "PCH", "reportedCurrency": "USD", "cik": "0001338749", "fillingDate": "2016-02-12", "acceptedDate": "2016-02-12 15:30:12", "calendarYear": "2015", "period": "FY", "revenue": 575336000, "costOfRevenue": 470037000, "grossProfit": 105299000, "grossProfitRatio": 0.1830217473, "researchAndDevelopmentExpenses": 0, "generalAndAdministrativeExpenses": 0, "sellingAndMarketingExpenses": 0, "sellingGeneralAndAdministrativeExpenses": 46392000, "otherExpenses": 0, "operatingExpenses": 46392000, "costAndExpenses": 516429000, "interestIncome": 0, "interestExpense": 32761000, "depreciationAndAmortization": 38105000, "ebitda": 97012000, "ebitdaratio": 0.1686179902, "operatingIncome": 58907000, "operatingIncomeRatio": 0.1023871268, "totalOtherIncomeExpensesNet": -32761000, "incomeBeforeTax": 26146000, "incomeBeforeTaxRatio": 0.0454447488, "incomeTaxExpense": -5568000, "netIncome": 31714000, "netIncomeRatio": 0.0551225719, "eps": 0.78, "epsdiluted": 0.77, "weightedAverageShsOut": 40842000, "weightedAverageShsOutDil": 40988000, "link": "https://www.sec.gov/Archives/edgar/data/1338749/000133874916000089/0001338749-16-000089-index.htm", "finalLink": "https://www.sec.gov/Archives/edgar/data/1338749/000133874916000089/pch10k2015.htm", "calculatedOtherExpenses": 0, "calculatedOperatingExpenses": 46392000, "calculatedNetInterest": -32761000, "calculatedOtherIncome": 0, "calculatedIncomeNonControlling": 0, "calculatedEbitda": 97012000}, {"date": "2014-12-31", "symbol": "PCH", "reportedCurrency": "USD", "cik": "0001338749", "fillingDate": "2015-02-13", "acceptedDate": "2015-02-13 15:53:27", "calendarYear": "2014", "period": "FY", "revenue": 606950000, "costOfRevenue": 429789000, "grossProfit": 177161000, "grossProfitRatio": 0.2918873054, "researchAndDevelopmentExpenses": 0, "generalAndAdministrativeExpenses": 0, "sellingAndMarketingExpenses": 0, "sellingGeneralAndAdministrativeExpenses": 44655000, "otherExpenses": 0, "operatingExpenses": 44655000, "costAndExpenses": 474444000, "interestIncome": 0, "interestExpense": 22909000, "depreciationAndAmortization": 26749000, "ebitda": 159255000, "ebitdaratio": 0.262385699, "operatingIncome": 132506000, "operatingIncomeRatio": 0.2183145234, "totalOtherIncomeExpensesNet": -22909000, "incomeBeforeTax": 109597000, "incomeBeforeTaxRatio": 0.1805700634, "incomeTaxExpense": 19687000, "netIncome": 89910000, "netIncomeRatio": 0.1481341132, "eps": 2.21, "epsdiluted": 2.2, "weightedAverageShsOut": 40749000, "weightedAverageShsOutDil": 40894000, "link": "https://www.sec.gov/Archives/edgar/data/1338749/000133874915000008/0001338749-15-000008-index.htm", "finalLink": "https://www.sec.gov/Archives/edgar/data/1338749/000133874915000008/pch10k2014.htm", "calculatedOtherExpenses": 0, "calculatedOperatingExpenses": 44655000, "calculatedNetInterest": -22909000, "calculatedOtherIncome": 0, "calculatedIncomeNonControlling": 0, "calculatedEbitda": 159255000}, {"date": "2013-12-31", "symbol": "PCH", "reportedCurrency": "USD", "cik": "0001338749", "fillingDate": "2014-02-14", "acceptedDate": "2014-02-14 16:09:11", "calendarYear": "2013", "period": "FY", "revenue": 570289000, "costOfRevenue": 408772000, "grossProfit": 161517000, "grossProfitRatio": 0.2832195606, "researchAndDevelopmentExpenses": 0, "generalAndAdministrativeExpenses": 0, "sellingAndMarketingExpenses": 0, "sellingGeneralAndAdministrativeExpenses": 50397000, "otherExpenses": 3522000, "operatingExpenses": 53919000, "costAndExpenses": 462691000, "interestIncome": 0, "interestExpense": 23132000, "depreciationAndAmortization": 26962000, "ebitda": 134560000, "ebitdaratio": 0.2359505444, "operatingIncome": 107598000, "operatingIncomeRatio": 0.1886727607, "totalOtherIncomeExpensesNet": -23132000, "incomeBeforeTax": 84466000, "incomeBeforeTaxRatio": 0.1481108701, "incomeTaxExpense": 13885000, "netIncome": 70581000, "netIncomeRatio": 0.1237635655, "eps": 1.74, "epsdiluted": 1.73, "weightedAverageShsOut": 40503000, "weightedAverageShsOutDil": 40709000, "link": "https://www.sec.gov/Archives/edgar/data/1338749/000133874914000007/0001338749-14-000007-index.htm", "finalLink": "https://www.sec.gov/Archives/edgar/data/1338749/000133874914000007/pch10k2013.htm", "calculatedOtherExpenses": 3522000, "calculatedOperatingExpenses": 53919000, "calculatedNetInterest": -23132000, "calculatedOtherIncome": 0, "calculatedIncomeNonControlling": 0, "calculatedEbitda": 134560000}, {"date": "2012-12-31", "symbol": "PCH", "reportedCurrency": "USD", "cik": "0001338749", "fillingDate": "2013-02-15", "acceptedDate": "2013-02-15 15:43:18", "calendarYear": "2012", "period": "FY", "revenue": 525134000, "costOfRevenue": 390666000, "grossProfit": 134468000, "grossProfitRatio": 0.2560641665, "researchAndDevelopmentExpenses": 0, "generalAndAdministrativeExpenses": 0, "sellingAndMarketingExpenses": 0, "sellingGeneralAndAdministrativeExpenses": 49419000, "otherExpenses": 0, "operatingExpenses": 49419000, "costAndExpenses": 440085000, "interestIncome": 0, "interestExpense": 25539000, "depreciationAndAmortization": 26247000, "ebitda": 111296000, "ebitdaratio": 0.2119382862, "operatingIncome": 84942000, "operatingIncomeRatio": 0.1617530002, "totalOtherIncomeExpensesNet": -107000, "incomeBeforeTax": 59403000, "incomeBeforeTaxRatio": 0.113119699, "incomeTaxExpense": 16809000, "netIncome": 42594000, "netIncomeRatio": 0.081110726, "eps": 1.06, "epsdiluted": 1.05, "weightedAverageShsOut": 40333000, "weightedAverageShsOutDil": 40553000, "link": "https://www.sec.gov/Archives/edgar/data/1338749/000133874913000007/0001338749-13-000007-index.htm", "finalLink": "https://www.sec.gov/Archives/edgar/data/1338749/000133874913000007/pch10k2012.htm", "calculatedOtherExpenses": 107000, "calculatedOperatingExpenses": 49526000, "calculatedNetInterest": -25539000, "calculatedOtherIncome": 0, "calculatedIncomeNonControlling": 0, "calculatedEbitda": 111189000}, {"date": "2011-12-31", "symbol": "PCH", "reportedCurrency": "USD", "cik": "0001338749", "fillingDate": "2012-02-17", "acceptedDate": "2012-02-17 14:24:59", "calendarYear": "2011", "period": "FY", "revenue": 497421000, "costOfRevenue": 382252000, "grossProfit": 115169000, "grossProfitRatio": 0.2315322433, "researchAndDevelopmentExpenses": 0, "generalAndAdministrativeExpenses": 0, "sellingAndMarketingExpenses": 0, "sellingGeneralAndAdministrativeExpenses": 41749000, "otherExpenses": 0, "operatingExpenses": 41749000, "costAndExpenses": 424001000, "interestIncome": 0, "interestExpense": 27829000, "depreciationAndAmortization": 29092000, "ebitda": 102512000, "ebitdaratio": 0.2060869967, "operatingIncome": 72240000, "operatingIncomeRatio": 0.1452290917, "totalOtherIncomeExpensesNet": -1180000, "incomeBeforeTax": 44411000, "incomeBeforeTaxRatio": 0.0892825192, "incomeTaxExpense": 4145000, "netIncome": 40266000, "netIncomeRatio": 0.0809495377, "eps": 1, "epsdiluted": 1, "weightedAverageShsOut": 40159000, "weightedAverageShsOutDil": 40383000, "link": "https://www.sec.gov/Archives/edgar/data/1338749/000133874912000006/0001338749-12-000006-index.htm", "finalLink": "https://www.sec.gov/Archives/edgar/data/1338749/000133874912000006/pch10k2011.htm", "calculatedOtherExpenses": 1180000, "calculatedOperatingExpenses": 42929000, "calculatedNetInterest": -27829000, "calculatedOtherIncome": 0, "calculatedIncomeNonControlling": 0, "calculatedEbitda": 101332000}, {"date": "2010-12-31", "symbol": "PCH", "reportedCurrency": "USD", "cik": "0001338749", "fillingDate": "2011-02-23", "acceptedDate": "2011-02-23 13:10:03", "calendarYear": "2010", "period": "FY", "revenue": 539447000, "costOfRevenue": 423353000, "grossProfit": 116094000, "grossProfitRatio": 0.2152092791, "researchAndDevelopmentExpenses": 0, "generalAndAdministrativeExpenses": 0, "sellingAndMarketingExpenses": 0, "sellingGeneralAndAdministrativeExpenses": 43443000, "otherExpenses": 0, "operatingExpenses": 43443000, "costAndExpenses": 466796000, "interestIncome": 0, "interestExpense": 27780000, "depreciationAndAmortization": 31204000, "ebitda": 103855000, "ebitdaratio": 0.1925212301, "operatingIncome": 72651000, "operatingIncomeRatio": 0.1346768079, "totalOtherIncomeExpensesNet": -27780000, "incomeBeforeTax": 44871000, "incomeBeforeTaxRatio": 0.0831796265, "incomeTaxExpense": 4596000, "netIncome": 40394000, "netIncomeRatio": 0.0748803868, "eps": 1.01, "epsdiluted": 1, "weightedAverageShsOut": 39971000, "weightedAverageShsOutDil": 40219000, "link": "https://www.sec.gov/Archives/edgar/data/1338749/000119312511043305/0001193125-11-043305-index.htm", "finalLink": "https://www.sec.gov/Archives/edgar/data/1338749/000119312511043305/d10k.htm", "calculatedOtherExpenses": 0, "calculatedOperatingExpenses": 43443000, "calculatedNetInterest": -27780000, "calculatedOtherIncome": 0, "calculatedIncomeNonControlling": -119000, "calculatedEbitda": 103855000}, {"date": "2009-12-31", "symbol": "PCH", "reportedCurrency": "USD", "cik": "0001338749", "fillingDate": "2010-02-18", "acceptedDate": "2010-02-18 12:02:04", "calendarYear": "2009", "period": "FY", "revenue": 476169000, "costOfRevenue": 338389000, "grossProfit": 137780000, "grossProfitRatio": 0.2893510497, "researchAndDevelopmentExpenses": 0, "generalAndAdministrativeExpenses": 0, "sellingAndMarketingExpenses": 0, "sellingGeneralAndAdministrativeExpenses": 48082000, "otherExpenses": 0, "operatingExpenses": 48082000, "costAndExpenses": 386471000, "interestIncome": 0, "interestExpense": 21921000, "depreciationAndAmortization": 34715000, "ebitda": 124413000, "ebitdaratio": 0.2612790837, "operatingIncome": 86704000, "operatingIncomeRatio": 0.1820866121, "totalOtherIncomeExpensesNet": -2994000, "incomeBeforeTax": 64783000, "incomeBeforeTaxRatio": 0.1360504359, "incomeTaxExpense": -16648000, "netIncome": 77328000, "netIncomeRatio": 0.1623961241, "eps": 1.94, "epsdiluted": 1.93, "weightedAverageShsOut": 39763000, "weightedAverageShsOutDil": 39974000, "link": "https://www.sec.gov/Archives/edgar/data/1338749/000119312510033994/0001193125-10-033994-index.htm", "finalLink": "https://www.sec.gov/Archives/edgar/data/1338749/000119312510033994/d10k.htm", "calculatedOtherExpenses": 2994000, "calculatedOperatingExpenses": 51076000, "calculatedNetInterest": -21921000, "calculatedOtherIncome": 0, "calculatedIncomeNonControlling": 4103000, "calculatedEbitda": 121419000}, {"date": "2008-12-31", "symbol": "PCH", "reportedCurrency": "USD", "cik": "0001338749", "fillingDate": "2009-03-02", "acceptedDate": "2009-03-02 15:36:13", "calendarYear": "2008", "period": "FY", "revenue": 439957000, "costOfRevenue": 300179000, "grossProfit": 139778000, "grossProfitRatio": 0.3177083215, "researchAndDevelopmentExpenses": 0, "generalAndAdministrativeExpenses": 0, "sellingAndMarketingExpenses": 0, "sellingGeneralAndAdministrativeExpenses": 48442000, "otherExpenses": 30153000, "operatingExpenses": 378774000, "costAndExpenses": 378774000, "interestIncome": 671000, "interestExpense": 20825000, "depreciationAndAmortization": 30153000, "ebitda": 92007000, "ebitdaratio": 0.2091272556, "operatingIncome": 61183000, "operatingIncomeRatio": 0.1390658633, "totalOtherIncomeExpensesNet": -20154000, "incomeBeforeTax": 41029000, "incomeBeforeTaxRatio": 0.093256841, "incomeTaxExpense": -27813000, "netIncome": 52637000, "netIncomeRatio": 0.1196412377, "eps": 1.33, "epsdiluted": 1.32, "weightedAverageShsOut": 39474000, "weightedAverageShsOutDil": 39803000, "link": "https://www.sec.gov/Archives/edgar/data/1338749/000119312509042452/0001193125-09-042452-index.htm", "finalLink": "https://www.sec.gov/Archives/edgar/data/1338749/000119312509042452/d10k.htm", "calculatedOtherExpenses": 30153000, "calculatedOperatingExpenses": 78595000, "calculatedNetInterest": -20154000, "calculatedOtherIncome": 0, "calculatedIncomeNonControlling": 16205000, "calculatedEbitda": 91336000}, {"date": "2007-12-31", "symbol": "PCH", "reportedCurrency": "USD", "cik": "0001338749", "fillingDate": "2008-02-20", "acceptedDate": "2008-02-20 16:12:14", "calendarYear": "2007", "period": "FY", "revenue": 1654021000, "costOfRevenue": 1365191000, "grossProfit": 288830000, "grossProfitRatio": 0.174622934, "researchAndDevelopmentExpenses": 0, "generalAndAdministrativeExpenses": 0, "sellingAndMarketingExpenses": 0, "sellingGeneralAndAdministrativeExpenses": 90488000, "otherExpenses": 80084000, "operatingExpenses": 170572000, "costAndExpenses": 1535763000, "interestIncome": 2282000, "interestExpense": -30710000, "depreciationAndAmortization": 80084000, "ebitda": 200995000, "ebitdaratio": 0.1215190134, "operatingIncome": 115605000, "operatingIncomeRatio": 0.0698933085, "totalOtherIncomeExpensesNet": -2653000, "incomeBeforeTax": 87177000, "incomeBeforeTaxRatio": 0.0527061023, "incomeTaxExpense": -5977000, "netIncome": 56432000, "netIncomeRatio": 0.0341180674, "eps": 1.44, "epsdiluted": 1.43, "weightedAverageShsOut": 39093573, "weightedAverageShsOutDil": 39384178, "link": "https://www.sec.gov/Archives/edgar/data/1338749/000119312508034507/0001193125-08-034507-index.htm", "finalLink": "https://www.sec.gov/Archives/edgar/data/1338749/000119312508034507/d10k.htm", "calculatedOtherExpenses": 82737000, "calculatedOperatingExpenses": 173225000, "calculatedNetInterest": 32992000, "calculatedOtherIncome": -61420000, "calculatedIncomeNonControlling": 36722000, "calculatedEbitda": 195689000}, {"date": "2006-12-31", "symbol": "PCH", "reportedCurrency": "USD", "cik": "0001338749", "fillingDate": "2007-02-23", "acceptedDate": "2007-02-23 15:30:39", "calendarYear": "2006", "period": "FY", "revenue": 1607827000, "costOfRevenue": 1347250000, "grossProfit": 260577000, "grossProfitRatio": 0.1620678095, "researchAndDevelopmentExpenses": 0, "generalAndAdministrativeExpenses": 0, "sellingAndMarketingExpenses": 0, "sellingGeneralAndAdministrativeExpenses": 91652000, "otherExpenses": 51701000, "operatingExpenses": 143353000, "costAndExpenses": 1490603000, "interestIncome": 1876000, "interestExpense": -29120000, "depreciationAndAmortization": 91021000, "ebitda": 168872000, "ebitdaratio": 0.1050312005, "operatingIncome": 117224000, "operatingIncomeRatio": 0.0729083415, "totalOtherIncomeExpensesNet": 39373000, "incomeBeforeTax": 90033000, "incomeBeforeTaxRatio": 0.0559966962, "incomeTaxExpense": -49077000, "netIncome": 139110000, "netIncomeRatio": 0.0865205025, "eps": 3.81, "epsdiluted": 3.79, "weightedAverageShsOut": 36511811, "weightedAverageShsOutDil": 36704485, "link": "https://www.sec.gov/Archives/edgar/data/1338749/000119312507038308/0001193125-07-038308-index.htm", "finalLink": "https://www.sec.gov/Archives/edgar/data/1338749/000119312507038308/d10k.htm", "calculatedOtherExpenses": 51701000, "calculatedOperatingExpenses": 143353000, "calculatedNetInterest": 30996000, "calculatedOtherIncome": -58187000, "calculatedIncomeNonControlling": 0, "calculatedEbitda": 208245000}, {"date": "2005-12-31", "symbol": "PCH", "reportedCurrency": "USD", "cik": "0001338749", "fillingDate": "2006-02-24", "acceptedDate": "2006-02-24 13:18:18", "calendarYear": "2005", "period": "FY", "revenue": 1496144000, "costOfRevenue": 1246620000, "grossProfit": 249524000, "grossProfitRatio": 0.1667780641, "researchAndDevelopmentExpenses": 0, "generalAndAdministrativeExpenses": 0, "sellingAndMarketingExpenses": 0, "sellingGeneralAndAdministrativeExpenses": 85959000, "otherExpenses": 89386000, "operatingExpenses": 175345000, "costAndExpenses": 1421965000, "interestIncome": 2506000, "interestExpense": -29045000, "depreciationAndAmortization": 89386000, "ebitda": 163565000, "ebitdaratio": 0.1093243698, "operatingIncome": 74179000, "operatingIncomeRatio": 0.0495801206, "totalOtherIncomeExpensesNet": -26539000, "incomeBeforeTax": 47640000, "incomeBeforeTaxRatio": 0.0318418548, "incomeTaxExpense": 14676000, "netIncome": 32964000, "netIncomeRatio": 0.0220326386, "eps": 1.13, "epsdiluted": 1.13, "weightedAverageShsOut": 29171681, "weightedAverageShsOutDil": 29171681, "link": "https://www.sec.gov/Archives/edgar/data/1338749/000119312506038583/0001193125-06-038583-index.htm", "finalLink": "https://www.sec.gov/Archives/edgar/data/1338749/000119312506038583/d10k.htm", "calculatedOtherExpenses": 89386000, "calculatedOperatingExpenses": 175345000, "calculatedNetInterest": 31551000, "calculatedOtherIncome": -58090000, "calculatedIncomeNonControlling": 0, "calculatedEbitda": 163565000}, {"date": "2004-12-31", "symbol": "PCH", "reportedCurrency": "USD", "cik": "0001338749", "fillingDate": "2004-12-31", "acceptedDate": "2004-12-30 19:00:00", "calendarYear": "2004", "period": "FY", "revenue": 1351472000, "costOfRevenue": 1083660000, "grossProfit": 267812000, "grossProfitRatio": 0.198163188, "researchAndDevelopmentExpenses": 0, "generalAndAdministrativeExpenses": 0, "sellingAndMarketingExpenses": 0, "sellingGeneralAndAdministrativeExpenses": 85571000, "otherExpenses": 88319000, "operatingExpenses": 173890000, "costAndExpenses": 1257550000, "interestIncome": 0, "interestExpense": 0, "depreciationAndAmortization": 88319000, "ebitda": 208620000, "ebitdaratio": 0.1543650183, "operatingIncome": 92729000, "operatingIncomeRatio": 0.0686133342, "totalOtherIncomeExpensesNet": -26379000, "incomeBeforeTax": 25297000, "incomeBeforeTaxRatio": 0.0187181088, "incomeTaxExpense": 9967000, "netIncome": 271249000, "netIncomeRatio": 0.2007063409, "eps": 9.23, "epsdiluted": 9.19, "weightedAverageShsOut": 29387757, "weightedAverageShsOutDil": 29515669, "link": "", "finalLink": "", "calculatedOtherExpenses": 89512000, "calculatedOperatingExpenses": 175083000, "calculatedNetInterest": 0, "calculatedOtherIncome": -67432000, "calculatedIncomeNonControlling": -255919000, "calculatedEbitda": 181048000}, {"date": "2003-12-31", "symbol": "PCH", "reportedCurrency": "USD", "cik": "0001338749", "fillingDate": "2003-12-31", "acceptedDate": "2003-12-30 19:00:00", "calendarYear": "2003", "period": "FY", "revenue": 1506634000, "costOfRevenue": 1207086000, "grossProfit": 299548000, "grossProfitRatio": 0.1988193549, "researchAndDevelopmentExpenses": 0, "generalAndAdministrativeExpenses": 0, "sellingAndMarketingExpenses": 0, "sellingGeneralAndAdministrativeExpenses": 80280000, "otherExpenses": 104859000, "operatingExpenses": 185139000, "costAndExpenses": 1392225000, "interestIncome": 0, "interestExpense": 0, "depreciationAndAmortization": 104859000, "ebitda": 219040000, "ebitdaratio": 0.1453836831, "operatingIncome": 114885000, "operatingIncomeRatio": 0.0762527595, "totalOtherIncomeExpensesNet": 228000, "incomeBeforeTax": 80555000, "incomeBeforeTaxRatio": 0.0534668672, "incomeTaxExpense": 27334000, "netIncome": 47537000, "netIncomeRatio": 0.0315517903, "eps": 1.77, "epsdiluted": 1.77, "weightedAverageShsOut": 28659322, "weightedAverageShsOutDil": 28659322, "link": "", "finalLink": "", "calculatedOtherExpenses": 104383000, "calculatedOperatingExpenses": 184663000, "calculatedNetInterest": 0, "calculatedOtherIncome": -34330000, "calculatedIncomeNonControlling": 5684000, "calculatedEbitda": 219744000}, {"date": "2002-12-31", "symbol": "PCH", "reportedCurrency": "USD", "cik": "0001338749", "fillingDate": "2002-12-31", "acceptedDate": "2002-12-30 19:00:00", "calendarYear": "2002", "period": "FY", "revenue": 1286217000, "costOfRevenue": 1102065000, "grossProfit": 184152000, "grossProfitRatio": 0.1431733526, "researchAndDevelopmentExpenses": 0, "generalAndAdministrativeExpenses": 0, "sellingAndMarketingExpenses": 0, "sellingGeneralAndAdministrativeExpenses": 83177000, "otherExpenses": 115469000, "operatingExpenses": 198646000, "costAndExpenses": 1300711000, "interestIncome": 0, "interestExpense": 0, "depreciationAndAmortization": 115469000, "ebitda": 112035000, "ebitdaratio": 0.0871042756, "operatingIncome": -23457000, "operatingIncomeRatio": -0.0182372026, "totalOtherIncomeExpensesNet": -11060000, "incomeBeforeTax": -83497000, "incomeBeforeTaxRatio": -0.0649167287, "incomeTaxExpense": -32564000, "netIncome": -234381000, "netIncomeRatio": -0.1822250833, "eps": -8.23, "epsdiluted": -8.23, "weightedAverageShsOut": 28478858, "weightedAverageShsOutDil": 28478858, "link": "", "finalLink": "", "calculatedOtherExpenses": 124432000, "calculatedOperatingExpenses": 207609000, "calculatedNetInterest": 0, "calculatedOtherIncome": -60040000, "calculatedIncomeNonControlling": 183448000, "calculatedEbitda": 92012000}, {"date": "2001-12-31", "symbol": "PCH", "reportedCurrency": "USD", "cik": "0001338749", "fillingDate": "2001-12-31", "acceptedDate": "2001-12-30 19:00:00", "calendarYear": "2001", "period": "FY", "revenue": 1751996000, "costOfRevenue": 1504950000, "grossProfit": 247046000, "grossProfitRatio": 0.1410083128, "researchAndDevelopmentExpenses": 0, "generalAndAdministrativeExpenses": 0, "sellingAndMarketingExpenses": 0, "sellingGeneralAndAdministrativeExpenses": 125148000, "otherExpenses": 169388000, "operatingExpenses": 294536000, "costAndExpenses": 1799486000, "interestIncome": 0, "interestExpense": 0, "depreciationAndAmortization": 169388000, "ebitda": 126793000, "ebitdaratio": 0.072370599, "operatingIncome": -50240000, "operatingIncomeRatio": -0.0286758646, "totalOtherIncomeExpensesNet": -4895000, "incomeBeforeTax": -130238000, "incomeBeforeTaxRatio": -0.0743369277, "incomeTaxExpense": -50793000, "netIncome": -79445000, "netIncomeRatio": -0.0453454232, "eps": -2.81, "epsdiluted": -2.81, "weightedAverageShsOut": 28280000, "weightedAverageShsOutDil": 28280000, "link": "", "finalLink": "", "calculatedOtherExpenses": 172138000, "calculatedOperatingExpenses": 297286000, "calculatedNetInterest": 0, "calculatedOtherIncome": -79998000, "calculatedIncomeNonControlling": 0, "calculatedEbitda": 119148000}, {"date": "2000-12-31", "symbol": "PCH", "reportedCurrency": "USD", "cik": "0001338749", "fillingDate": "2000-12-31", "acceptedDate": "2000-12-30 19:00:00", "calendarYear": "2000", "period": "FY", "revenue": 1808770000, "costOfRevenue": 1468316000, "grossProfit": 340454000, "grossProfitRatio": 0.1882240418, "researchAndDevelopmentExpenses": 0, "generalAndAdministrativeExpenses": 0, "sellingAndMarketingExpenses": 0, "sellingGeneralAndAdministrativeExpenses": 123347000, "otherExpenses": 161847000, "operatingExpenses": 285194000, "costAndExpenses": 1753510000, "interestIncome": 0, "interestExpense": 0, "depreciationAndAmortization": 161847000, "ebitda": 267378000, "ebitdaratio": 0.1478231063, "operatingIncome": 55260000, "operatingIncomeRatio": 0.030551148, "totalOtherIncomeExpensesNet": -50271000, "incomeBeforeTax": -54449000, "incomeBeforeTaxRatio": -0.030102777, "incomeTaxExpense": -21235000, "netIncome": -33214000, "netIncomeRatio": -0.0183627548, "eps": -1.16, "epsdiluted": -1.16, "weightedAverageShsOut": 28632759, "weightedAverageShsOutDil": 28632759, "link": "", "finalLink": "", "calculatedOtherExpenses": 161847000, "calculatedOperatingExpenses": 285194000, "calculatedNetInterest": 0, "calculatedOtherIncome": -109709000, "calculatedIncomeNonControlling": 0, "calculatedEbitda": 217107000}, {"date": "1999-12-31", "symbol": "PCH", "reportedCurrency": "USD", "cik": "0001338749", "fillingDate": "1999-12-31", "acceptedDate": "1999-12-30 19:00:00", "calendarYear": "1999", "period": "FY", "revenue": 1676800000, "costOfRevenue": 1284400000, "grossProfit": 392400000, "grossProfitRatio": 0.2340171756, "researchAndDevelopmentExpenses": 0, "generalAndAdministrativeExpenses": 0, "sellingAndMarketingExpenses": 0, "sellingGeneralAndAdministrativeExpenses": 130200000, "otherExpenses": 150300000, "operatingExpenses": 280500000, "costAndExpenses": 1564900000, "interestIncome": 0, "interestExpense": 0, "depreciationAndAmortization": 150300000, "ebitda": 262700000, "ebitdaratio": 0.1566674618, "operatingIncome": 111900000, "operatingIncomeRatio": 0.0667342557, "totalOtherIncomeExpensesNet": -500000, "incomeBeforeTax": 66000000, "incomeBeforeTaxRatio": 0.039360687, "incomeTaxExpense": 25100000, "netIncome": 40900000, "netIncomeRatio": 0.0243916985, "eps": 1.41, "epsdiluted": 1.41, "weightedAverageShsOut": 29007092, "weightedAverageShsOutDil": 29007092, "link": "", "finalLink": "", "calculatedOtherExpenses": 150300000, "calculatedOperatingExpenses": 280500000, "calculatedNetInterest": 0, "calculatedOtherIncome": -45900000, "calculatedIncomeNonControlling": 0, "calculatedEbitda": 262200000}, {"date": "1998-12-31", "symbol": "PCH", "reportedCurrency": "USD", "cik": "0001338749", "fillingDate": "1998-12-31", "acceptedDate": "1998-12-30 19:00:00", "calendarYear": "1998", "period": "FY", "revenue": 1565900000, "costOfRevenue": 1195400000, "grossProfit": 370500000, "grossProfitRatio": 0.2366051472, "researchAndDevelopmentExpenses": 0, "generalAndAdministrativeExpenses": 0, "sellingAndMarketingExpenses": 0, "sellingGeneralAndAdministrativeExpenses": 120900000, "otherExpenses": 150300000, "operatingExpenses": 271200000, "costAndExpenses": 1466600000, "interestIncome": 0, "interestExpense": 0, "depreciationAndAmortization": 150300000, "ebitda": 240900000, "ebitdaratio": 0.1538412415, "operatingIncome": 99300000, "operatingIncomeRatio": 0.0634140111, "totalOtherIncomeExpensesNet": 8700000, "incomeBeforeTax": 58100000, "incomeBeforeTaxRatio": 0.0371032633, "incomeTaxExpense": 20900000, "netIncome": 37200000, "netIncomeRatio": 0.0237563063, "eps": 1.28, "epsdiluted": 1.28, "weightedAverageShsOut": 29062500, "weightedAverageShsOutDil": 29062500, "link": "", "finalLink": "", "calculatedOtherExpenses": 150300000, "calculatedOperatingExpenses": 271200000, "calculatedNetInterest": 0, "calculatedOtherIncome": -41200000, "calculatedIncomeNonControlling": 0, "calculatedEbitda": 249600000}, {"date": "1997-12-31", "symbol": "PCH", "reportedCurrency": "USD", "cik": "0001338749", "fillingDate": "1997-12-31", "acceptedDate": "1997-12-30 19:00:00", "calendarYear": "1997", "period": "FY", "revenue": 1568900000, "costOfRevenue": 1219700000, "grossProfit": 349200000, "grossProfitRatio": 0.2225763274, "researchAndDevelopmentExpenses": 0, "generalAndAdministrativeExpenses": 0, "sellingAndMarketingExpenses": 0, "sellingGeneralAndAdministrativeExpenses": 106500000, "otherExpenses": 149800000, "operatingExpenses": 256300000, "costAndExpenses": 1476000000, "interestIncome": 0, "interestExpense": 0, "depreciationAndAmortization": 149800000, "ebitda": 234900000, "ebitdaratio": 0.1497227357, "operatingIncome": 92900000, "operatingIncomeRatio": 0.0592134617, "totalOtherIncomeExpensesNet": 7800000, "incomeBeforeTax": 54700000, "incomeBeforeTaxRatio": 0.0348651922, "incomeTaxExpense": 18600000, "netIncome": 36100000, "netIncomeRatio": 0.0230097521, "eps": 1.25, "epsdiluted": 1.24, "weightedAverageShsOut": 28880000, "weightedAverageShsOutDil": 29112903, "link": "", "finalLink": "", "calculatedOtherExpenses": 149800000, "calculatedOperatingExpenses": 256300000, "calculatedNetInterest": 0, "calculatedOtherIncome": -38200000, "calculatedIncomeNonControlling": 0, "calculatedEbitda": 242700000}, {"date": "1996-12-31", "symbol": "PCH", "reportedCurrency": "USD", "cik": "0001338749", "fillingDate": "1996-12-31", "acceptedDate": "1996-12-30 19:00:00", "calendarYear": "1996", "period": "FY", "revenue": 1554400000, "costOfRevenue": 1186100000, "grossProfit": 368300000, "grossProfitRatio": 0.2369402985, "researchAndDevelopmentExpenses": 0, "generalAndAdministrativeExpenses": 0, "sellingAndMarketingExpenses": 0, "sellingGeneralAndAdministrativeExpenses": 104100000, "otherExpenses": 141500000, "operatingExpenses": 245600000, "costAndExpenses": 1431700000, "interestIncome": 0, "interestExpense": 0, "depreciationAndAmortization": 141500000, "ebitda": 256600000, "ebitdaratio": 0.1650797735, "operatingIncome": 122700000, "operatingIncomeRatio": 0.0789372105, "totalOtherIncomeExpensesNet": 7600000, "incomeBeforeTax": 86300000, "incomeBeforeTaxRatio": 0.0555198147, "incomeTaxExpense": 24800000, "netIncome": 58100000, "netIncomeRatio": 0.0373777663, "eps": 2.01, "epsdiluted": 2.01, "weightedAverageShsOut": 28905473, "weightedAverageShsOutDil": 28905473, "link": "", "finalLink": "", "calculatedOtherExpenses": 141500000, "calculatedOperatingExpenses": 245600000, "calculatedNetInterest": 0, "calculatedOtherIncome": -36400000, "calculatedIncomeNonControlling": 3400000, "calculatedEbitda": 264200000}, {"date": "1995-12-31", "symbol": "PCH", "reportedCurrency": "USD", "cik": "0001338749", "fillingDate": "1995-12-31", "acceptedDate": "1995-12-30 19:00:00", "calendarYear": "1995", "period": "FY", "revenue": 1605200000, "costOfRevenue": 1158000000, "grossProfit": 447200000, "grossProfitRatio": 0.2785945677, "researchAndDevelopmentExpenses": 0, "generalAndAdministrativeExpenses": 0, "sellingAndMarketingExpenses": 0, "sellingGeneralAndAdministrativeExpenses": 90600000, "otherExpenses": 137000000, "operatingExpenses": 227600000, "costAndExpenses": 1385600000, "interestIncome": 0, "interestExpense": 0, "depreciationAndAmortization": 137000000, "ebitda": 357300000, "ebitdaratio": 0.2225890855, "operatingIncome": 219600000, "operatingIncomeRatio": 0.1368053825, "totalOtherIncomeExpensesNet": -700000, "incomeBeforeTax": 170900000, "incomeBeforeTaxRatio": 0.1064664839, "incomeTaxExpense": 62400000, "netIncome": 108500000, "netIncomeRatio": 0.0675928233, "eps": 3.72, "epsdiluted": 3.72, "weightedAverageShsOut": 29166667, "weightedAverageShsOutDil": 29225092, "link": "", "finalLink": "", "calculatedOtherExpenses": 137000000, "calculatedOperatingExpenses": 227600000, "calculatedNetInterest": 0, "calculatedOtherIncome": -48700000, "calculatedIncomeNonControlling": 0, "calculatedEbitda": 356600000}, {"date": "1994-12-31", "symbol": "PCH", "reportedCurrency": "USD", "cik": "0001338749", "fillingDate": "1994-12-31", "acceptedDate": "1994-12-30 19:00:00", "calendarYear": "1994", "period": "FY", "revenue": 1471300000, "costOfRevenue": 1121500000, "grossProfit": 349800000, "grossProfitRatio": 0.2377489295, "researchAndDevelopmentExpenses": 0, "generalAndAdministrativeExpenses": 0, "sellingAndMarketingExpenses": 0, "sellingGeneralAndAdministrativeExpenses": 82800000, "otherExpenses": 138300000, "operatingExpenses": 221100000, "costAndExpenses": 1342600000, "interestIncome": 0, "interestExpense": 0, "depreciationAndAmortization": 138300000, "ebitda": 268700000, "ebitdaratio": 0.1826276082, "operatingIncome": 128700000, "operatingIncomeRatio": 0.0874736627, "totalOtherIncomeExpensesNet": -1700000, "incomeBeforeTax": 76000000, "incomeBeforeTaxRatio": 0.051654999, "incomeTaxExpense": 27000000, "netIncome": 49000000, "netIncomeRatio": 0.0333038809, "eps": 1.68, "epsdiluted": 1.68, "weightedAverageShsOut": 29166667, "weightedAverageShsOutDil": 29166667, "link": "", "finalLink": "", "calculatedOtherExpenses": 138300000, "calculatedOperatingExpenses": 221100000, "calculatedNetInterest": 0, "calculatedOtherIncome": -52700000, "calculatedIncomeNonControlling": 0, "calculatedEbitda": 267000000}, {"date": "1993-12-31", "symbol": "PCH", "reportedCurrency": "USD", "cik": "0001338749", "fillingDate": "1993-12-31", "acceptedDate": "1993-12-30 19:00:00", "calendarYear": "1993", "period": "FY", "revenue": 1368900000, "costOfRevenue": 1064300000, "grossProfit": 304600000, "grossProfitRatio": 0.2225144276, "researchAndDevelopmentExpenses": 0, "generalAndAdministrativeExpenses": 0, "sellingAndMarketingExpenses": 0, "sellingGeneralAndAdministrativeExpenses": 84000000, "otherExpenses": 123500000, "operatingExpenses": 207500000, "costAndExpenses": 1271800000, "interestIncome": 0, "interestExpense": 0, "depreciationAndAmortization": 123500000, "ebitda": 206400000, "ebitdaratio": 0.1507779969, "operatingIncome": 97100000, "operatingIncomeRatio": 0.0709328658, "totalOtherIncomeExpensesNet": 14200000, "incomeBeforeTax": 65000000, "incomeBeforeTaxRatio": 0.0474833808, "incomeTaxExpense": 26700000, "netIncome": 6600000, "netIncomeRatio": 0.0048213894, "eps": 0.41, "epsdiluted": 0.41, "weightedAverageShsOut": 29032258, "weightedAverageShsOutDil": 29032258, "link": "", "finalLink": "", "calculatedOtherExpenses": 123500000, "calculatedOperatingExpenses": 207500000, "calculatedNetInterest": 0, "calculatedOtherIncome": -32100000, "calculatedIncomeNonControlling": 31700000, "calculatedEbitda": 220600000}, {"date": "1992-12-31", "symbol": "PCH", "reportedCurrency": "USD", "cik": "0001338749", "fillingDate": "1992-12-31", "acceptedDate": "1992-12-30 19:00:00", "calendarYear": "1992", "period": "FY", "revenue": 1326600000, "costOfRevenue": 1006900000, "grossProfit": 319700000, "grossProfitRatio": 0.2409920096, "researchAndDevelopmentExpenses": 0, "generalAndAdministrativeExpenses": 0, "sellingAndMarketingExpenses": 0, "sellingGeneralAndAdministrativeExpenses": 83400000, "otherExpenses": 107200000, "operatingExpenses": 190600000, "costAndExpenses": 1197500000, "interestIncome": 0, "interestExpense": 0, "depreciationAndAmortization": 107200000, "ebitda": 205900000, "ebitdaratio": 0.1552088045, "operatingIncome": 129100000, "operatingIncomeRatio": 0.0973164481, "totalOtherIncomeExpensesNet": 30400000, "incomeBeforeTax": 124600000, "incomeBeforeTaxRatio": 0.0939243178, "incomeTaxExpense": 45700000, "netIncome": 78900000, "netIncomeRatio": 0.0594753505, "eps": 2.71, "epsdiluted": 2.71, "weightedAverageShsOut": 29114391, "weightedAverageShsOutDil": 29114391, "link": "", "finalLink": "", "calculatedOtherExpenses": 107200000, "calculatedOperatingExpenses": 190600000, "calculatedNetInterest": 0, "calculatedOtherIncome": -4500000, "calculatedIncomeNonControlling": 0, "calculatedEbitda": 236300000}, {"date": "1991-12-31", "symbol": "PCH", "reportedCurrency": "USD", "cik": "0001338749", "fillingDate": "1991-12-31", "acceptedDate": "1991-12-30 19:00:00", "calendarYear": "1991", "period": "FY", "revenue": 1237000000, "costOfRevenue": 945900000, "grossProfit": 291100000, "grossProfitRatio": 0.235327405, "researchAndDevelopmentExpenses": 0, "generalAndAdministrativeExpenses": 0, "sellingAndMarketingExpenses": 0, "sellingGeneralAndAdministrativeExpenses": 75000000, "otherExpenses": 96900000, "operatingExpenses": 171900000, "costAndExpenses": 1117800000, "interestIncome": 0, "interestExpense": 0, "depreciationAndAmortization": 96900000, "ebitda": 221200000, "ebitdaratio": 0.1788197251, "operatingIncome": 119200000, "operatingIncomeRatio": 0.0963621665, "totalOtherIncomeExpensesNet": -5100000, "incomeBeforeTax": 85200000, "incomeBeforeTaxRatio": 0.0688763137, "incomeTaxExpense": 29400000, "netIncome": 55800000, "netIncomeRatio": 0.045109135, "eps": 1.92, "epsdiluted": 1.92, "weightedAverageShsOut": 29062500, "weightedAverageShsOutDil": 29062500, "link": "", "finalLink": "", "calculatedOtherExpenses": 96900000, "calculatedOperatingExpenses": 171900000, "calculatedNetInterest": 0, "calculatedOtherIncome": -34000000, "calculatedIncomeNonControlling": 0, "calculatedEbitda": 216100000}, {"date": "1990-12-31", "symbol": "PCH", "reportedCurrency": "USD", "cik": "0001338749", "fillingDate": "1990-12-31", "acceptedDate": "1990-12-30 19:00:00", "calendarYear": "1990", "period": "FY", "revenue": 1252900000, "costOfRevenue": 924300000, "grossProfit": 328600000, "grossProfitRatio": 0.2622715301, "researchAndDevelopmentExpenses": 0, "generalAndAdministrativeExpenses": 0, "sellingAndMarketingExpenses": 0, "sellingGeneralAndAdministrativeExpenses": 67000000, "otherExpenses": 86200000, "operatingExpenses": 153200000, "costAndExpenses": 1077500000, "interestIncome": 0, "interestExpense": 0, "depreciationAndAmortization": 86200000, "ebitda": 253900000, "ebitdaratio": 0.2026498523, "operatingIncome": 175400000, "operatingIncomeRatio": 0.1399952111, "totalOtherIncomeExpensesNet": 7700000, "incomeBeforeTax": 152300000, "incomeBeforeTaxRatio": 0.1215579855, "incomeTaxExpense": 53700000, "netIncome": 98600000, "netIncomeRatio": 0.078697422, "eps": 3.41, "epsdiluted": 3.41, "weightedAverageShsOut": 28914956, "weightedAverageShsOutDil": 28914956, "link": "", "finalLink": "", "calculatedOtherExpenses": 86200000, "calculatedOperatingExpenses": 153200000, "calculatedNetInterest": 0, "calculatedOtherIncome": -23100000, "calculatedIncomeNonControlling": 0, "calculatedEbitda": 261600000}, {"date": "1989-12-31", "symbol": "PCH", "reportedCurrency": "USD", "cik": "0001338749", "fillingDate": "1989-12-31", "acceptedDate": "1989-12-30 19:00:00", "calendarYear": "1989", "period": "FY", "revenue": 1227600000, "costOfRevenue": 856200000, "grossProfit": 371400000, "grossProfitRatio": 0.3025415445, "researchAndDevelopmentExpenses": 0, "generalAndAdministrativeExpenses": 0, "sellingAndMarketingExpenses": 0, "sellingGeneralAndAdministrativeExpenses": 67100000, "otherExpenses": 77300000, "operatingExpenses": 144400000, "costAndExpenses": 1000600000, "interestIncome": 0, "interestExpense": 0, "depreciationAndAmortization": 77300000, "ebitda": 294500000, "ebitdaratio": 0.2398989899, "operatingIncome": 227000000, "operatingIncomeRatio": 0.1849136527, "totalOtherIncomeExpensesNet": 9800000, "incomeBeforeTax": 208500000, "incomeBeforeTaxRatio": 0.1698435973, "incomeTaxExpense": 71800000, "netIncome": 136700000, "netIncomeRatio": 0.1113554904, "eps": 4.79, "epsdiluted": 4.56, "weightedAverageShsOut": 28538622, "weightedAverageShsOutDil": 29978070, "link": "", "finalLink": "", "calculatedOtherExpenses": 77300000, "calculatedOperatingExpenses": 144400000, "calculatedNetInterest": 0, "calculatedOtherIncome": -18500000, "calculatedIncomeNonControlling": 0, "calculatedEbitda": 304300000}, {"date": "1988-12-31", "symbol": "PCH", "reportedCurrency": "USD", "cik": "0001338749", "fillingDate": "1988-12-31", "acceptedDate": "1988-12-30 19:00:00", "calendarYear": "1988", "period": "FY", "revenue": 1084100000, "costOfRevenue": 758900000, "grossProfit": 325200000, "grossProfitRatio": 0.2999723273, "researchAndDevelopmentExpenses": 0, "generalAndAdministrativeExpenses": 0, "sellingAndMarketingExpenses": 0, "sellingGeneralAndAdministrativeExpenses": 59000000, "otherExpenses": 72400000, "operatingExpenses": 131400000, "costAndExpenses": 890300000, "interestIncome": 0, "interestExpense": 0, "depreciationAndAmortization": 72400000, "ebitda": 259100000, "ebitdaratio": 0.2390000922, "operatingIncome": 193800000, "operatingIncomeRatio": 0.1787657965, "totalOtherIncomeExpensesNet": 7100000, "incomeBeforeTax": 175700000, "incomeBeforeTaxRatio": 0.1620699197, "incomeTaxExpense": 63300000, "netIncome": 112400000, "netIncomeRatio": 0.1036804723, "eps": 4.04, "epsdiluted": 3.78, "weightedAverageShsOut": 26881188, "weightedAverageShsOutDil": 28730159, "link": "", "finalLink": "", "calculatedOtherExpenses": 72400000, "calculatedOperatingExpenses": 131400000, "calculatedNetInterest": 0, "calculatedOtherIncome": -18100000, "calculatedIncomeNonControlling": 0, "calculatedEbitda": 266200000}, {"date": "1987-12-31", "symbol": "PCH", "reportedCurrency": "USD", "cik": "0001338749", "fillingDate": "1987-12-31", "acceptedDate": "1987-12-30 19:00:00", "calendarYear": "1987", "period": "FY", "revenue": 992100000, "costOfRevenue": 709200000, "grossProfit": 282900000, "grossProfitRatio": 0.2851527064, "researchAndDevelopmentExpenses": 0, "generalAndAdministrativeExpenses": 0, "sellingAndMarketingExpenses": 0, "sellingGeneralAndAdministrativeExpenses": 58300000, "otherExpenses": 65100000, "operatingExpenses": 123400000, "costAndExpenses": 832600000, "interestIncome": 0, "interestExpense": 0, "depreciationAndAmortization": 65100000, "ebitda": 222100000, "ebitdaratio": 0.2238685616, "operatingIncome": 159500000, "operatingIncomeRatio": 0.1607700837, "totalOtherIncomeExpensesNet": 2500000, "incomeBeforeTax": 134600000, "incomeBeforeTaxRatio": 0.1356718073, "incomeTaxExpense": 47000000, "netIncome": 87600000, "netIncomeRatio": 0.0882975507, "eps": 3.13, "epsdiluted": 2.98, "weightedAverageShsOut": 26773163, "weightedAverageShsOutDil": 28120805, "link": "", "finalLink": "", "calculatedOtherExpenses": 65100000, "calculatedOperatingExpenses": 123400000, "calculatedNetInterest": 0, "calculatedOtherIncome": -24900000, "calculatedIncomeNonControlling": 0, "calculatedEbitda": 224600000}, {"date": "1986-12-31", "symbol": "PCH", "reportedCurrency": "USD", "cik": "0001338749", "fillingDate": "1986-12-31", "acceptedDate": "1986-12-30 19:00:00", "calendarYear": "1986", "period": "FY", "revenue": 976400000, "costOfRevenue": 722100000, "grossProfit": 254300000, "grossProfitRatio": 0.2604465383, "researchAndDevelopmentExpenses": 0, "generalAndAdministrativeExpenses": 0, "sellingAndMarketingExpenses": 0, "sellingGeneralAndAdministrativeExpenses": 60300000, "otherExpenses": 64400000, "operatingExpenses": 124700000, "costAndExpenses": 846800000, "interestIncome": 0, "interestExpense": 0, "depreciationAndAmortization": 64400000, "ebitda": 189300000, "ebitdaratio": 0.1938754609, "operatingIncome": 129600000, "operatingIncomeRatio": 0.1327324867, "totalOtherIncomeExpensesNet": 4700000, "incomeBeforeTax": 107500000, "incomeBeforeTaxRatio": 0.1100983204, "incomeTaxExpense": 37600000, "netIncome": 69900000, "netIncomeRatio": 0.0715895125, "eps": 1.25, "epsdiluted": 1.25, "weightedAverageShsOut": 26710000, "weightedAverageShsOutDil": 26710000, "link": "", "finalLink": "", "calculatedOtherExpenses": 64400000, "calculatedOperatingExpenses": 124700000, "calculatedNetInterest": 0, "calculatedOtherIncome": -22100000, "calculatedIncomeNonControlling": 0, "calculatedEbitda": 194000000}, {"date": "1985-12-31", "symbol": "PCH", "reportedCurrency": "USD", "cik": "0001338749", "fillingDate": "1985-12-31", "acceptedDate": "1985-12-30 19:00:00", "calendarYear": "1985", "period": "FY", "revenue": 950300000, "costOfRevenue": 747700000, "grossProfit": 202600000, "grossProfitRatio": 0.2131958329, "researchAndDevelopmentExpenses": 0, "generalAndAdministrativeExpenses": 0, "sellingAndMarketingExpenses": 0, "sellingGeneralAndAdministrativeExpenses": 61000000, "otherExpenses": 61200000, "operatingExpenses": 122200000, "costAndExpenses": 869900000, "interestIncome": 0, "interestExpense": 0, "depreciationAndAmortization": 61200000, "ebitda": 144600000, "ebitdaratio": 0.152162475, "operatingIncome": 80400000, "operatingIncomeRatio": 0.0846048616, "totalOtherIncomeExpensesNet": -3000000, "incomeBeforeTax": 55300000, "incomeBeforeTaxRatio": 0.0581921498, "incomeTaxExpense": 17600000, "netIncome": 37700000, "netIncomeRatio": 0.0396716826, "eps": 0.55, "epsdiluted": 0.55, "weightedAverageShsOut": 26104000, "weightedAverageShsOutDil": 26104000, "link": "", "finalLink": "", "calculatedOtherExpenses": 61200000, "calculatedOperatingExpenses": 122200000, "calculatedNetInterest": 0, "calculatedOtherIncome": -25100000, "calculatedIncomeNonControlling": 0, "calculatedEbitda": 141600000}]}