{"originalCurrency": "USD", "convertedCurrency": "USD", "report": [{"date": "2023-04-29", "symbol": "PDCO", "reportedCurrency": "USD", "cik": "0000891024", "fillingDate": "2023-06-21", "acceptedDate": "2023-06-21 13:14:49", "calendarYear": "2023", "period": "FY", "revenue": 6471471000, "costOfRevenue": 5098526000, "grossProfit": 1372945000, "grossProfitRatio": 0.2121534656, "researchAndDevelopmentExpenses": 0, "generalAndAdministrativeExpenses": 0, "sellingAndMarketingExpenses": 0, "sellingGeneralAndAdministrativeExpenses": 1089171000, "otherExpenses": 1096974000, "operatingExpenses": 1096974000, "costAndExpenses": 6195500000, "interestIncome": 5810000, "interestExpense": 33636000, "depreciationAndAmortization": 111530000, "ebitda": 387501000, "ebitdaratio": 0.0598783491, "operatingIncome": 275971000, "operatingIncomeRatio": 0.0426442458, "totalOtherIncomeExpensesNet": -5810000, "incomeBeforeTax": 270161000, "incomeBeforeTaxRatio": 0.0417464592, "incomeTaxExpense": 63563000, "netIncome": 207557000, "netIncomeRatio": 0.0320726153, "eps": 2.14, "epsdiluted": 2.12, "weightedAverageShsOut": 97027000, "weightedAverageShsOutDil": 97815000, "link": "https://www.sec.gov/Archives/edgar/data/891024/000089102423000006/0000891024-23-000006-index.htm", "finalLink": "https://www.sec.gov/Archives/edgar/data/891024/000089102423000006/pdco-20230429.htm", "calculatedOtherExpenses": 7803000, "calculatedOperatingExpenses": 1096974000, "calculatedNetInterest": -27826000, "calculatedOtherIncome": 22016000, "calculatedIncomeNonControlling": -959000, "calculatedEbitda": 387501000}, {"date": "2022-04-30", "symbol": "PDCO", "reportedCurrency": "USD", "cik": "0000891024", "fillingDate": "2022-06-29", "acceptedDate": "2022-06-29 13:29:25", "calendarYear": "2022", "period": "FY", "revenue": 6499405000, "costOfRevenue": 5210318000, "grossProfit": 1289087000, "grossProfitRatio": 0.1983392326, "researchAndDevelopmentExpenses": 0, "generalAndAdministrativeExpenses": 0, "sellingAndMarketingExpenses": 0, "sellingGeneralAndAdministrativeExpenses": 1100838000, "otherExpenses": 1132085000, "operatingExpenses": 1132085000, "costAndExpenses": 6342403000, "interestIncome": 7443000, "interestExpense": 20288000, "depreciationAndAmortization": 109723000, "ebitda": 266725000, "ebitdaratio": 0.041038372, "operatingIncome": 157002000, "operatingIncomeRatio": 0.0241563651, "totalOtherIncomeExpensesNet": 109252000, "incomeBeforeTax": 266254000, "incomeBeforeTaxRatio": 0.0409659038, "incomeTaxExpense": 64540000, "netIncome": 203210000, "netIncomeRatio": 0.031265939, "eps": 2.09, "epsdiluted": 2.06, "weightedAverageShsOut": 97277000, "weightedAverageShsOutDil": 98514000, "link": "https://www.sec.gov/Archives/edgar/data/891024/000089102422000005/0000891024-22-000005-index.htm", "finalLink": "https://www.sec.gov/Archives/edgar/data/891024/000089102422000005/pdco-20220430.htm", "calculatedOtherExpenses": 31247000, "calculatedOperatingExpenses": 1132085000, "calculatedNetInterest": -12845000, "calculatedOtherIncome": 122097000, "calculatedIncomeNonControlling": -1496000, "calculatedEbitda": 266725000}, {"date": "2021-04-24", "symbol": "PDCO", "reportedCurrency": "USD", "cik": "0000891024", "fillingDate": "2021-06-23", "acceptedDate": "2021-06-23 16:26:58", "calendarYear": "2021", "period": "FY", "revenue": 5912066000, "costOfRevenue": 4708936000, "grossProfit": 1203130000, "grossProfitRatio": 0.2035041557, "researchAndDevelopmentExpenses": 0, "generalAndAdministrativeExpenses": 0, "sellingAndMarketingExpenses": 0, "sellingGeneralAndAdministrativeExpenses": 989185000, "otherExpenses": 992523000, "operatingExpenses": 992523000, "costAndExpenses": 5701459000, "interestIncome": 10676000, "interestExpense": 24284000, "depreciationAndAmortization": 92504000, "ebitda": 303111000, "ebitdaratio": 0.0512698945, "operatingIncome": 210607000, "operatingIncomeRatio": 0.0356232491, "totalOtherIncomeExpensesNet": -10676000, "incomeBeforeTax": 199931000, "incomeBeforeTaxRatio": 0.0338174506, "incomeTaxExpense": 44822000, "netIncome": 155981000, "netIncomeRatio": 0.0263835011, "eps": 1.63, "epsdiluted": 1.61, "weightedAverageShsOut": 95599000, "weightedAverageShsOutDil": 96664000, "link": "https://www.sec.gov/Archives/edgar/data/891024/000089102421000006/0000891024-21-000006-index.htm", "finalLink": "https://www.sec.gov/Archives/edgar/data/891024/000089102421000006/pdco-20210424.htm", "calculatedOtherExpenses": 3338000, "calculatedOperatingExpenses": 992523000, "calculatedNetInterest": -13608000, "calculatedOtherIncome": 2932000, "calculatedIncomeNonControlling": -872000, "calculatedEbitda": 303111000}, {"date": "2020-04-25", "symbol": "PDCO", "reportedCurrency": "USD", "cik": "0000891024", "fillingDate": "2020-06-24", "acceptedDate": "2020-06-24 16:45:03", "calendarYear": "2020", "period": "FY", "revenue": 5490011000, "costOfRevenue": 4292601000, "grossProfit": 1197410000, "grossProfitRatio": 0.2181070311, "researchAndDevelopmentExpenses": 0, "generalAndAdministrativeExpenses": 0, "sellingAndMarketingExpenses": 0, "sellingGeneralAndAdministrativeExpenses": 1046332000, "otherExpenses": 1094474000, "operatingExpenses": 1094474000, "costAndExpenses": 5387075000, "interestIncome": 52622000, "interestExpense": 41787000, "depreciationAndAmortization": 82182000, "ebitda": 208617000, "ebitdaratio": 0.0379993774, "operatingIncome": 126435000, "operatingIncomeRatio": 0.0230300085, "totalOtherIncomeExpensesNet": -716842000, "incomeBeforeTax": -590407000, "incomeBeforeTaxRatio": -0.1075420432, "incomeTaxExpense": -1040000, "netIncome": -589367000, "netIncomeRatio": -0.1073526082, "eps": -6.26, "epsdiluted": -6.26, "weightedAverageShsOut": 94154000, "weightedAverageShsOutDil": 94154000, "link": "https://www.sec.gov/Archives/edgar/data/891024/000089102420000008/0000891024-20-000008-index.htm", "finalLink": "https://www.sec.gov/Archives/edgar/data/891024/000089102420000008/pdco-20200425.htm", "calculatedOtherExpenses": 24643000, "calculatedOperatingExpenses": 1070975000, "calculatedNetInterest": 10835000, "calculatedOtherIncome": -727677000, "calculatedIncomeNonControlling": 0, "calculatedEbitda": 208617000}, {"date": "2019-04-27", "symbol": "PDCO", "reportedCurrency": "USD", "cik": "0000891024", "fillingDate": "2019-06-26", "acceptedDate": "2019-06-26 16:08:19", "calendarYear": "2019", "period": "FY", "revenue": 5574523000, "costOfRevenue": 4383748000, "grossProfit": 1190775000, "grossProfitRatio": 0.2136102049, "researchAndDevelopmentExpenses": 0, "generalAndAdministrativeExpenses": 0, "sellingAndMarketingExpenses": 0, "sellingGeneralAndAdministrativeExpenses": 1017137000, "otherExpenses": 8178000, "operatingExpenses": 1053059000, "costAndExpenses": 5436807000, "interestIncome": 35965000, "interestExpense": 39666000, "depreciationAndAmortization": 82773000, "ebitda": 228667000, "ebitdaratio": 0.0410200119, "operatingIncome": 137716000, "operatingIncomeRatio": 0.0247045353, "totalOtherIncomeExpensesNet": 8178000, "incomeBeforeTax": 106228000, "incomeBeforeTaxRatio": 0.0190559802, "incomeTaxExpense": 23352000, "netIncome": 83628000, "netIncomeRatio": 0.0150018217, "eps": 0.9, "epsdiluted": 0.89, "weightedAverageShsOut": 92755000, "weightedAverageShsOutDil": 93484000, "link": "https://www.sec.gov/Archives/edgar/data/891024/000089102419000007/0000891024-19-000007-index.htm", "finalLink": "https://www.sec.gov/Archives/edgar/data/891024/000089102419000007/pdco0427201910-k.htm", "calculatedOtherExpenses": 35922000, "calculatedOperatingExpenses": 1053059000, "calculatedNetInterest": -3701000, "calculatedOtherIncome": -27787000, "calculatedIncomeNonControlling": -752000, "calculatedEbitda": 220489000}, {"date": "2018-04-28", "symbol": "PDCO", "reportedCurrency": "USD", "cik": "0000891024", "fillingDate": "2018-06-27", "acceptedDate": "2018-06-27 14:22:51", "calendarYear": "2018", "period": "FY", "revenue": 5465683000, "costOfRevenue": 4266317000, "grossProfit": 1199366000, "grossProfitRatio": 0.2194357046, "researchAndDevelopmentExpenses": 0, "generalAndAdministrativeExpenses": 0, "sellingAndMarketingExpenses": 0, "sellingGeneralAndAdministrativeExpenses": 979477000, "otherExpenses": 6117000, "operatingExpenses": 979477000, "costAndExpenses": 5245794000, "interestIncome": 0, "interestExpense": 46743000, "depreciationAndAmortization": 83816000, "ebitda": 309822000, "ebitdaratio": 0.0566849559, "operatingIncome": 219889000, "operatingIncomeRatio": 0.0402308367, "totalOtherIncomeExpensesNet": 6117000, "incomeBeforeTax": 179263000, "incomeBeforeTaxRatio": 0.0327979138, "incomeTaxExpense": -21711000, "netIncome": 200974000, "netIncomeRatio": 0.036770153, "eps": 2.17, "epsdiluted": 2.16, "weightedAverageShsOut": 92467000, "weightedAverageShsOutDil": 93094000, "link": "https://www.sec.gov/Archives/edgar/data/891024/000089102418000006/0000891024-18-000006-index.htm", "finalLink": "https://www.sec.gov/Archives/edgar/data/891024/000089102418000006/pdco0428201810-k.htm", "calculatedOtherExpenses": 0, "calculatedOperatingExpenses": 979477000, "calculatedNetInterest": -46743000, "calculatedOtherIncome": 6117000, "calculatedIncomeNonControlling": 0, "calculatedEbitda": 303705000}, {"date": "2017-04-29", "symbol": "PDCO", "reportedCurrency": "USD", "cik": "0000891024", "fillingDate": "2017-06-28", "acceptedDate": "2017-06-28 12:37:48", "calendarYear": "2017", "period": "FY", "revenue": 5593127000, "costOfRevenue": 4291730000, "grossProfit": 1301397000, "grossProfitRatio": 0.232677892, "researchAndDevelopmentExpenses": 0, "generalAndAdministrativeExpenses": 0, "sellingAndMarketingExpenses": 0, "sellingGeneralAndAdministrativeExpenses": 977169000, "otherExpenses": 6013000, "operatingExpenses": 1013469000, "costAndExpenses": 5305199000, "interestIncome": 0, "interestExpense": 43060000, "depreciationAndAmortization": 83818000, "ebitda": 377759000, "ebitdaratio": 0.0675398574, "operatingIncome": 287928000, "operatingIncomeRatio": 0.0514788954, "totalOtherIncomeExpensesNet": 6013000, "incomeBeforeTax": 250881000, "incomeBeforeTaxRatio": 0.0448552304, "incomeTaxExpense": 77093000, "netIncome": 170893000, "netIncomeRatio": 0.0305541069, "eps": 1.8, "epsdiluted": 1.79, "weightedAverageShsOut": 94897000, "weightedAverageShsOutDil": 95567000, "link": "https://www.sec.gov/Archives/edgar/data/891024/000089102417000009/0000891024-17-000009-index.htm", "finalLink": "https://www.sec.gov/Archives/edgar/data/891024/000089102417000009/pdco429201710-k.htm", "calculatedOtherExpenses": 36300000, "calculatedOperatingExpenses": 1013469000, "calculatedNetInterest": -43060000, "calculatedOtherIncome": 6013000, "calculatedIncomeNonControlling": 2895000, "calculatedEbitda": 371746000}, {"date": "2016-04-30", "symbol": "PDCO", "reportedCurrency": "USD", "cik": "0000891024", "fillingDate": "2016-06-29", "acceptedDate": "2016-06-29 14:25:50", "calendarYear": "2016", "period": "FY", "revenue": 5386703000, "costOfRevenue": 4063955000, "grossProfit": 1322748000, "grossProfitRatio": 0.2455579972, "researchAndDevelopmentExpenses": 0, "generalAndAdministrativeExpenses": 0, "sellingAndMarketingExpenses": 0, "sellingGeneralAndAdministrativeExpenses": 964635000, "otherExpenses": 1215000, "operatingExpenses": 975035000, "costAndExpenses": 975035000, "interestIncome": 2830000, "interestExpense": 50065000, "depreciationAndAmortization": 82383000, "ebitda": 434141000, "ebitdaratio": 0.0805949391, "operatingIncome": 347713000, "operatingIncomeRatio": 0.0645502453, "totalOtherIncomeExpensesNet": 1215000, "incomeBeforeTax": 301693000, "incomeBeforeTaxRatio": 0.0560069861, "incomeTaxExpense": 116009000, "netIncome": 187184000, "netIncomeRatio": 0.0347492706, "eps": 1.93, "epsdiluted": 1.91, "weightedAverageShsOut": 97222000, "weightedAverageShsOutDil": 97902000, "link": "https://www.sec.gov/Archives/edgar/data/891024/000089102416000012/0000891024-16-000012-index.htm", "finalLink": "https://www.sec.gov/Archives/edgar/data/891024/000089102416000012/pdco430201610-k.htm", "calculatedOtherExpenses": 10400000, "calculatedOperatingExpenses": 975035000, "calculatedNetInterest": -47235000, "calculatedOtherIncome": 1215000, "calculatedIncomeNonControlling": -1500000, "calculatedEbitda": 430096000}, {"date": "2015-04-25", "symbol": "PDCO", "reportedCurrency": "USD", "cik": "0000891024", "fillingDate": "2015-06-24", "acceptedDate": "2015-06-24 17:25:35", "calendarYear": "2015", "period": "FY", "revenue": 4375020000, "costOfRevenue": 3136814000, "grossProfit": 1238206000, "grossProfitRatio": 0.2830172205, "researchAndDevelopmentExpenses": 0, "generalAndAdministrativeExpenses": 0, "sellingAndMarketingExpenses": 0, "sellingGeneralAndAdministrativeExpenses": 755963000, "otherExpenses": -1927000, "operatingExpenses": 864779000, "costAndExpenses": 864779000, "interestIncome": 4864000, "interestExpense": 33693000, "depreciationAndAmortization": 51330000, "ebitda": 427694000, "ebitdaratio": 0.0977581817, "operatingIncome": 373427000, "operatingIncomeRatio": 0.0853543527, "totalOtherIncomeExpensesNet": -1927000, "incomeBeforeTax": 342671000, "incomeBeforeTaxRatio": 0.0783244419, "incomeTaxExpense": 119410000, "netIncome": 223261000, "netIncomeRatio": 0.0510308524, "eps": 2.26, "epsdiluted": 2.24, "weightedAverageShsOut": 98989000, "weightedAverageShsOutDil": 99694000, "link": "https://www.sec.gov/Archives/edgar/data/891024/000119312515233555/0001193125-15-233555-index.htm", "finalLink": "https://www.sec.gov/Archives/edgar/data/891024/000119312515233555/d918864d10k.htm", "calculatedOtherExpenses": 108816000, "calculatedOperatingExpenses": 864779000, "calculatedNetInterest": -28829000, "calculatedOtherIncome": -1927000, "calculatedIncomeNonControlling": 0, "calculatedEbitda": 424757000}, {"date": "2014-04-26", "symbol": "PDCO", "reportedCurrency": "USD", "cik": "0000891024", "fillingDate": "2014-06-25", "acceptedDate": "2014-06-25 12:46:39", "calendarYear": "2014", "period": "FY", "revenue": 4063715000, "costOfRevenue": 2865437000, "grossProfit": 1198278000, "grossProfitRatio": 0.2948725489, "researchAndDevelopmentExpenses": 0, "generalAndAdministrativeExpenses": 0, "sellingAndMarketingExpenses": 0, "sellingGeneralAndAdministrativeExpenses": 724971000, "otherExpenses": -2113000, "operatingExpenses": 852522000, "costAndExpenses": 852522000, "interestIncome": 4982000, "interestExpense": 35713000, "depreciationAndAmortization": 49986000, "ebitda": 398611000, "ebitdaratio": 0.0980902942, "operatingIncome": 345756000, "operatingIncomeRatio": 0.0850837227, "totalOtherIncomeExpensesNet": -2113000, "incomeBeforeTax": 312912000, "incomeBeforeTaxRatio": 0.0770014629, "incomeTaxExpense": 112300000, "netIncome": 200612000, "netIncomeRatio": 0.049366651, "eps": 1.99, "epsdiluted": 1.97, "weightedAverageShsOut": 100727000, "weightedAverageShsOutDil": 101643000, "link": "https://www.sec.gov/Archives/edgar/data/891024/000119312514248644/0001193125-14-248644-index.htm", "finalLink": "https://www.sec.gov/Archives/edgar/data/891024/000119312514248644/d717337d10k.htm", "calculatedOtherExpenses": 127551000, "calculatedOperatingExpenses": 852522000, "calculatedNetInterest": -30731000, "calculatedOtherIncome": -2113000, "calculatedIncomeNonControlling": 0, "calculatedEbitda": 395742000}, {"date": "2013-04-27", "symbol": "PDCO", "reportedCurrency": "USD", "cik": "0000891024", "fillingDate": "2013-06-26", "acceptedDate": "2013-06-26 15:38:27", "calendarYear": "2013", "period": "FY", "revenue": 3637212000, "costOfRevenue": 2446443000, "grossProfit": 1190769000, "grossProfitRatio": 0.3273850961, "researchAndDevelopmentExpenses": 0, "generalAndAdministrativeExpenses": 0, "sellingAndMarketingExpenses": 0, "sellingGeneralAndAdministrativeExpenses": 836314000, "otherExpenses": 3059000, "operatingExpenses": 836314000, "costAndExpenses": 836314000, "interestIncome": 4541000, "interestExpense": 36397000, "depreciationAndAmortization": 46002000, "ebitda": 403516000, "ebitdaratio": 0.1109410175, "operatingIncome": 354455000, "operatingIncomeRatio": 0.0974523894, "totalOtherIncomeExpensesNet": 3059000, "incomeBeforeTax": 321117000, "incomeBeforeTaxRatio": 0.0882865777, "incomeTaxExpense": 110845000, "netIncome": 210272000, "netIncomeRatio": 0.0578113126, "eps": 2.04, "epsdiluted": 2.03, "weightedAverageShsOut": 103030000, "weightedAverageShsOutDil": 103807000, "link": "https://www.sec.gov/Archives/edgar/data/891024/000119312513272374/0001193125-13-272374-index.htm", "finalLink": "https://www.sec.gov/Archives/edgar/data/891024/000119312513272374/d516998d10k.htm", "calculatedOtherExpenses": 0, "calculatedOperatingExpenses": 836314000, "calculatedNetInterest": -31856000, "calculatedOtherIncome": -1482000, "calculatedIncomeNonControlling": 0, "calculatedEbitda": 400457000}, {"date": "2012-04-28", "symbol": "PDCO", "reportedCurrency": "USD", "cik": "0000891024", "fillingDate": "2012-06-27", "acceptedDate": "2012-06-27 17:20:20", "calendarYear": "2012", "period": "FY", "revenue": 3535661000, "costOfRevenue": 2373147000, "grossProfit": 1162514000, "grossProfitRatio": 0.3287967936, "researchAndDevelopmentExpenses": 0, "generalAndAdministrativeExpenses": 0, "sellingAndMarketingExpenses": 0, "sellingGeneralAndAdministrativeExpenses": 0, "otherExpenses": 2146000, "operatingExpenses": 804505000, "costAndExpenses": 804505000, "interestIncome": 4954000, "interestExpense": 30343000, "depreciationAndAmortization": 42209000, "ebitda": 402364000, "ebitdaratio": 0.1138016343, "operatingIncome": 358009000, "operatingIncomeRatio": 0.1012565967, "totalOtherIncomeExpensesNet": 2146000, "incomeBeforeTax": 329812000, "incomeBeforeTaxRatio": 0.0932815674, "incomeTaxExpense": 116997000, "netIncome": 212815000, "netIncomeRatio": 0.0601910081, "eps": 1.93, "epsdiluted": 1.92, "weightedAverageShsOut": 110121000, "weightedAverageShsOutDil": 110846000, "link": "https://www.sec.gov/Archives/edgar/data/891024/000119312512285752/0001193125-12-285752-index.htm", "finalLink": "https://www.sec.gov/Archives/edgar/data/891024/000119312512285752/d336400d10k.htm", "calculatedOtherExpenses": 804505000, "calculatedOperatingExpenses": 804505000, "calculatedNetInterest": -25389000, "calculatedOtherIncome": -2808000, "calculatedIncomeNonControlling": 0, "calculatedEbitda": 400218000}, {"date": "2011-04-30", "symbol": "PDCO", "reportedCurrency": "USD", "cik": "0000891024", "fillingDate": "2011-06-29", "acceptedDate": "2011-06-29 16:09:14", "calendarYear": "2011", "period": "FY", "revenue": 3415670000, "costOfRevenue": 2271445000, "grossProfit": 1144225000, "grossProfitRatio": 0.3349928418, "researchAndDevelopmentExpenses": 0, "generalAndAdministrativeExpenses": 0, "sellingAndMarketingExpenses": 0, "sellingGeneralAndAdministrativeExpenses": 768217000, "otherExpenses": 768217000, "operatingExpenses": 768217000, "costAndExpenses": 3039662000, "interestIncome": 0, "interestExpense": 25840000, "depreciationAndAmortization": 41339000, "ebitda": 437468000, "ebitdaratio": 0.1280767756, "operatingIncome": 376008000, "operatingIncomeRatio": 0.110083234, "totalOtherIncomeExpensesNet": -20121000, "incomeBeforeTax": 355887000, "incomeBeforeTaxRatio": 0.1041924425, "incomeTaxExpense": 130502000, "netIncome": 225385000, "netIncomeRatio": 0.0659855899, "eps": 1.91, "epsdiluted": 1.89, "weightedAverageShsOut": 118290000, "weightedAverageShsOutDil": 119066000, "link": "https://www.sec.gov/Archives/edgar/data/891024/000119312511177283/0001193125-11-177283-index.htm", "finalLink": "https://www.sec.gov/Archives/edgar/data/891024/000119312511177283/d10k.htm", "calculatedOtherExpenses": 0, "calculatedOperatingExpenses": 768217000, "calculatedNetInterest": -25840000, "calculatedOtherIncome": 5719000, "calculatedIncomeNonControlling": 0, "calculatedEbitda": 417347000}, {"date": "2010-04-24", "symbol": "PDCO", "reportedCurrency": "USD", "cik": "0000891024", "fillingDate": "2010-06-23", "acceptedDate": "2010-06-23 16:04:43", "calendarYear": "2010", "period": "FY", "revenue": 3237376000, "costOfRevenue": 2147975000, "grossProfit": 1089401000, "grossProfitRatio": 0.336507406, "researchAndDevelopmentExpenses": 0, "generalAndAdministrativeExpenses": 0, "sellingAndMarketingExpenses": 0, "sellingGeneralAndAdministrativeExpenses": 0, "otherExpenses": 734110000, "operatingExpenses": 734110000, "costAndExpenses": 2882085000, "interestIncome": 0, "interestExpense": 25694000, "depreciationAndAmortization": 39474000, "ebitda": 411015000, "ebitdaratio": 0.1269593028, "operatingIncome": 355291000, "operatingIncomeRatio": 0.1097465972, "totalOtherIncomeExpensesNet": -16250000, "incomeBeforeTax": 339041000, "incomeBeforeTaxRatio": 0.1047271, "incomeTaxExpense": 126787000, "netIncome": 212254000, "netIncomeRatio": 0.0655635922, "eps": 1.79, "epsdiluted": 1.78, "weightedAverageShsOut": 118443000, "weightedAverageShsOutDil": 119202000, "link": "https://www.sec.gov/Archives/edgar/data/891024/000119312510144960/0001193125-10-144960-index.htm", "finalLink": "https://www.sec.gov/Archives/edgar/data/891024/000119312510144960/d10k.htm", "calculatedOtherExpenses": 734110000, "calculatedOperatingExpenses": 734110000, "calculatedNetInterest": -25694000, "calculatedOtherIncome": 9444000, "calculatedIncomeNonControlling": 0, "calculatedEbitda": 394765000}, {"date": "2009-04-25", "symbol": "PDCO", "reportedCurrency": "USD", "cik": "0000891024", "fillingDate": "2009-06-24", "acceptedDate": "2009-06-24 16:15:09", "calendarYear": "2009", "period": "FY", "revenue": 3094227000, "costOfRevenue": 2050703000, "grossProfit": 1043524000, "grossProfitRatio": 0.3372486893, "researchAndDevelopmentExpenses": 0, "generalAndAdministrativeExpenses": 0, "sellingAndMarketingExpenses": 0, "sellingGeneralAndAdministrativeExpenses": 0, "otherExpenses": 697298000, "operatingExpenses": 697298000, "costAndExpenses": 2748001000, "interestIncome": 0, "interestExpense": 30149000, "depreciationAndAmortization": 30346000, "ebitda": 376572000, "ebitdaratio": 0.1217014783, "operatingIncome": 346226000, "operatingIncomeRatio": 0.1118941823, "totalOtherIncomeExpensesNet": 3574000, "incomeBeforeTax": 319651000, "incomeBeforeTaxRatio": 0.1033056075, "incomeTaxExpense": 120016000, "netIncome": 199635000, "netIncomeRatio": 0.0645185373, "eps": 1.7, "epsdiluted": 1.69, "weightedAverageShsOut": 117716000, "weightedAverageShsOutDil": 118355000, "link": "https://www.sec.gov/Archives/edgar/data/891024/000119312509136664/0001193125-09-136664-index.htm", "finalLink": "https://www.sec.gov/Archives/edgar/data/891024/000119312509136664/d10k.htm", "calculatedOtherExpenses": 697298000, "calculatedOperatingExpenses": 697298000, "calculatedNetInterest": -30149000, "calculatedOtherIncome": 3574000, "calculatedIncomeNonControlling": 0, "calculatedEbitda": 376572000}, {"date": "2008-04-26", "symbol": "PDCO", "reportedCurrency": "USD", "cik": "0000891024", "fillingDate": "2008-06-25", "acceptedDate": "2008-06-25 16:13:06", "calendarYear": "2008", "period": "FY", "revenue": 2998729000, "costOfRevenue": 1967004000, "grossProfit": 1031725000, "grossProfitRatio": 0.3440540976, "researchAndDevelopmentExpenses": 0, "generalAndAdministrativeExpenses": 0, "sellingAndMarketingExpenses": 0, "sellingGeneralAndAdministrativeExpenses": 672522000, "otherExpenses": 672522000, "operatingExpenses": 672522000, "costAndExpenses": 2639526000, "interestIncome": 0, "interestExpense": -12792000, "depreciationAndAmortization": 26280000, "ebitda": 374466000, "ebitdaratio": 0.1248749053, "operatingIncome": 359203000, "operatingIncomeRatio": 0.1197850823, "totalOtherIncomeExpensesNet": 11017000, "incomeBeforeTax": 357428000, "incomeBeforeTaxRatio": 0.1191931648, "incomeTaxExpense": 132570000, "netIncome": 224858000, "netIncomeRatio": 0.0749844351, "eps": 1.7, "epsdiluted": 1.69, "weightedAverageShsOut": 132078000, "weightedAverageShsOutDil": 132910000, "link": "https://www.sec.gov/Archives/edgar/data/891024/000119312508140218/0001193125-08-140218-index.htm", "finalLink": "https://www.sec.gov/Archives/edgar/data/891024/000119312508140218/d10k.htm", "calculatedOtherExpenses": 0, "calculatedOperatingExpenses": 672522000, "calculatedNetInterest": 12792000, "calculatedOtherIncome": -14567000, "calculatedIncomeNonControlling": 0, "calculatedEbitda": 385483000}, {"date": "2007-04-28", "symbol": "PDCO", "reportedCurrency": "USD", "cik": "0000891024", "fillingDate": "2007-06-27", "acceptedDate": "2007-06-27 16:27:00", "calendarYear": "2007", "period": "FY", "revenue": 2798398000, "costOfRevenue": 1829526000, "grossProfit": 968872000, "grossProfitRatio": 0.3462238038, "researchAndDevelopmentExpenses": 0, "generalAndAdministrativeExpenses": 0, "sellingAndMarketingExpenses": 0, "sellingGeneralAndAdministrativeExpenses": 633182000, "otherExpenses": 633182000, "operatingExpenses": 633182000, "costAndExpenses": 2462708000, "interestIncome": 0, "interestExpense": -14230000, "depreciationAndAmortization": 25501000, "ebitda": 353043000, "ebitdaratio": 0.1261589667, "operatingIncome": 335690000, "operatingIncomeRatio": 0.1199579188, "totalOtherIncomeExpensesNet": 8148000, "incomeBeforeTax": 329608000, "incomeBeforeTaxRatio": 0.1177845324, "incomeTaxExpense": 121272000, "netIncome": 208336000, "netIncomeRatio": 0.0744483094, "eps": 1.52, "epsdiluted": 1.51, "weightedAverageShsOut": 136815000, "weightedAverageShsOutDil": 137769000, "link": "https://www.sec.gov/Archives/edgar/data/891024/000119312507144264/0001193125-07-144264-index.htm", "finalLink": "https://www.sec.gov/Archives/edgar/data/891024/000119312507144264/d10k.htm", "calculatedOtherExpenses": 0, "calculatedOperatingExpenses": 633182000, "calculatedNetInterest": 14230000, "calculatedOtherIncome": -20312000, "calculatedIncomeNonControlling": 0, "calculatedEbitda": 361191000}, {"date": "2006-04-29", "symbol": "PDCO", "reportedCurrency": "USD", "cik": "0000891024", "fillingDate": "2006-07-13", "acceptedDate": "2006-07-13 15:30:18", "calendarYear": "2006", "period": "FY", "revenue": 2615123000, "costOfRevenue": 1700694000, "grossProfit": 914429000, "grossProfitRatio": 0.3496695949, "researchAndDevelopmentExpenses": 0, "generalAndAdministrativeExpenses": 0, "sellingAndMarketingExpenses": 0, "sellingGeneralAndAdministrativeExpenses": 591417000, "otherExpenses": 591417000, "operatingExpenses": 591417000, "costAndExpenses": 2292111000, "interestIncome": 0, "interestExpense": -13375000, "depreciationAndAmortization": 23676000, "ebitda": 339352000, "ebitdaratio": 0.1297652156, "operatingIncome": 323012000, "operatingIncomeRatio": 0.1235169436, "totalOtherIncomeExpensesNet": 7336000, "incomeBeforeTax": 316973000, "incomeBeforeTaxRatio": 0.1212076832, "incomeTaxExpense": 118548000, "netIncome": 198425000, "netIncomeRatio": 0.0758759722, "eps": 1.44, "epsdiluted": 1.43, "weightedAverageShsOut": 137690000, "weightedAverageShsOutDil": 139234000, "link": "https://www.sec.gov/Archives/edgar/data/891024/000119312506146127/0001193125-06-146127-index.htm", "finalLink": "https://www.sec.gov/Archives/edgar/data/891024/000119312506146127/d10k.htm", "calculatedOtherExpenses": 0, "calculatedOperatingExpenses": 591417000, "calculatedNetInterest": 13375000, "calculatedOtherIncome": -19414000, "calculatedIncomeNonControlling": 0, "calculatedEbitda": 346688000}, {"date": "2005-04-30", "symbol": "PDCO", "reportedCurrency": "USD", "cik": "0000891024", "fillingDate": "2005-07-14", "acceptedDate": "2005-07-14 10:03:37", "calendarYear": "2005", "period": "FY", "revenue": 2421457000, "costOfRevenue": 1558946000, "grossProfit": 862511000, "grossProfitRatio": 0.3561950512, "researchAndDevelopmentExpenses": 0, "generalAndAdministrativeExpenses": 0, "sellingAndMarketingExpenses": 0, "sellingGeneralAndAdministrativeExpenses": 560375000, "otherExpenses": 560375000, "operatingExpenses": 560375000, "costAndExpenses": 2119321000, "interestIncome": 0, "interestExpense": -15141000, "depreciationAndAmortization": 26862000, "ebitda": 322546000, "ebitdaratio": 0.1332032739, "operatingIncome": 302136000, "operatingIncomeRatio": 0.1247744643, "totalOtherIncomeExpensesNet": 6452000, "incomeBeforeTax": 293447000, "incomeBeforeTaxRatio": 0.1211861288, "incomeTaxExpense": 109749000, "netIncome": 183698000, "netIncomeRatio": 0.0758625902, "eps": 1.34, "epsdiluted": 1.32, "weightedAverageShsOut": 136839000, "weightedAverageShsOutDil": 138873000, "link": "https://www.sec.gov/Archives/edgar/data/891024/000119312505141990/0001193125-05-141990-index.htm", "finalLink": "https://www.sec.gov/Archives/edgar/data/891024/000119312505141990/d10k.htm", "calculatedOtherExpenses": 0, "calculatedOperatingExpenses": 560375000, "calculatedNetInterest": 15141000, "calculatedOtherIncome": -23830000, "calculatedIncomeNonControlling": 0, "calculatedEbitda": 328998000}, {"date": "2004-04-24", "symbol": "PDCO", "reportedCurrency": "USD", "cik": "0000891024", "fillingDate": "2004-07-08", "acceptedDate": "2004-07-08 15:49:38", "calendarYear": "2004", "period": "FY", "revenue": 1969349000, "costOfRevenue": 1267005000, "grossProfit": 702344000, "grossProfitRatio": 0.3566376503, "researchAndDevelopmentExpenses": 0, "generalAndAdministrativeExpenses": 0, "sellingAndMarketingExpenses": 0, "sellingGeneralAndAdministrativeExpenses": 459844000, "otherExpenses": 459844000, "operatingExpenses": 459844000, "costAndExpenses": 1726849000, "interestIncome": 0, "interestExpense": -9627000, "depreciationAndAmortization": 19441000, "ebitda": 255294000, "ebitdaratio": 0.1296337013, "operatingIncome": 242500000, "operatingIncomeRatio": 0.1231371382, "totalOtherIncomeExpensesNet": 6647000, "incomeBeforeTax": 239520000, "incomeBeforeTaxRatio": 0.1216239478, "incomeTaxExpense": 90055000, "netIncome": 149465000, "netIncomeRatio": 0.0758956386, "eps": 1.1, "epsdiluted": 1.08, "weightedAverageShsOut": 135932000, "weightedAverageShsOutDil": 137768000, "link": "https://www.sec.gov/Archives/edgar/data/891024/000119312504115571/0001193125-04-115571-index.htm", "finalLink": "https://www.sec.gov/Archives/edgar/data/891024/000119312504115571/d10k.htm", "calculatedOtherExpenses": 0, "calculatedOperatingExpenses": 459844000, "calculatedNetInterest": 9627000, "calculatedOtherIncome": -12607000, "calculatedIncomeNonControlling": 0, "calculatedEbitda": 261941000}, {"date": "2003-04-26", "symbol": "PDCO", "reportedCurrency": "USD", "cik": "0000891024", "fillingDate": "2003-07-24", "acceptedDate": "2003-07-24 16:24:07", "calendarYear": "2003", "period": "FY", "revenue": 1656956000, "costOfRevenue": 1082370000, "grossProfit": 574586000, "grossProfitRatio": 0.3467720326, "researchAndDevelopmentExpenses": 0, "generalAndAdministrativeExpenses": 0, "sellingAndMarketingExpenses": 0, "sellingGeneralAndAdministrativeExpenses": 395638000, "otherExpenses": 395638000, "operatingExpenses": 395638000, "costAndExpenses": 1478008000, "interestIncome": 0, "interestExpense": -66000, "depreciationAndAmortization": 12776000, "ebitda": 184204000, "ebitdaratio": 0.1111701216, "operatingIncome": 178948000, "operatingIncomeRatio": 0.1079980398, "totalOtherIncomeExpensesNet": 7520000, "incomeBeforeTax": 186402000, "incomeBeforeTaxRatio": 0.1124966505, "incomeTaxExpense": 70082000, "netIncome": 119692000, "netIncomeRatio": 0.0722360763, "eps": 0.88, "epsdiluted": 0.88, "weightedAverageShsOut": 135662000, "weightedAverageShsOutDil": 136894000, "link": "https://www.sec.gov/Archives/edgar/data/891024/000119312503023453/0001193125-03-023453-index.htm", "finalLink": "https://www.sec.gov/Archives/edgar/data/891024/000119312503023453/d10k.htm", "calculatedOtherExpenses": 0, "calculatedOperatingExpenses": 395638000, "calculatedNetInterest": 66000, "calculatedOtherIncome": 7388000, "calculatedIncomeNonControlling": -3372000, "calculatedEbitda": 191724000}, {"date": "2002-04-27", "symbol": "PDCO", "reportedCurrency": "USD", "cik": "0000891024", "fillingDate": "2002-07-25", "acceptedDate": "2002-07-25 17:13:25", "calendarYear": "2002", "period": "FY", "revenue": 1415515000, "costOfRevenue": 921335000, "grossProfit": 494180000, "grossProfitRatio": 0.3491167526, "researchAndDevelopmentExpenses": 0, "generalAndAdministrativeExpenses": 0, "sellingAndMarketingExpenses": 0, "sellingGeneralAndAdministrativeExpenses": 347000000, "otherExpenses": 0, "operatingExpenses": 347000000, "costAndExpenses": 1268335000, "interestIncome": 0, "interestExpense": 0, "depreciationAndAmortization": 13398000, "ebitda": 156311000, "ebitdaratio": 0.1104269471, "operatingIncome": 147180000, "operatingIncomeRatio": 0.1039762913, "totalOtherIncomeExpensesNet": 4267000, "incomeBeforeTax": 152223000, "incomeBeforeTaxRatio": 0.1075389523, "incomeTaxExpense": 56933000, "netIncome": 95290000, "netIncomeRatio": 0.0673182552, "eps": 0.71, "epsdiluted": 0.7, "weightedAverageShsOut": 135400000, "weightedAverageShsOutDil": 136402000, "link": "https://www.sec.gov/Archives/edgar/data/891024/000104596902001216/0001045969-02-001216-index.htm", "finalLink": "https://www.sec.gov/Archives/edgar/data/891024/000104596902001216/d10k.txt", "calculatedOtherExpenses": 0, "calculatedOperatingExpenses": 347000000, "calculatedNetInterest": 0, "calculatedOtherIncome": 5043000, "calculatedIncomeNonControlling": 0, "calculatedEbitda": 160578000}, {"date": "2001-04-28", "symbol": "PDCO", "reportedCurrency": "USD", "cik": "0000891024", "fillingDate": "2001-07-24", "acceptedDate": "2001-07-24 00:00:00", "calendarYear": "2001", "period": "FY", "revenue": 1156455000, "costOfRevenue": 739530000, "grossProfit": 416925000, "grossProfitRatio": 0.3605198646, "researchAndDevelopmentExpenses": 0, "generalAndAdministrativeExpenses": 0, "sellingAndMarketingExpenses": 0, "sellingGeneralAndAdministrativeExpenses": 294039000, "otherExpenses": 0, "operatingExpenses": 294039000, "costAndExpenses": 1033569000, "interestIncome": 0, "interestExpense": 0, "depreciationAndAmortization": 10192000, "ebitda": 125874000, "ebitdaratio": 0.1088447021, "operatingIncome": 115115000, "operatingIncomeRatio": 0.0995412705, "totalOtherIncomeExpensesNet": 7204000, "incomeBeforeTax": 122196000, "incomeBeforeTaxRatio": 0.105664293, "incomeTaxExpense": 45721000, "netIncome": 76475000, "netIncomeRatio": 0.0661288161, "eps": 0.56, "epsdiluted": 0.56, "weightedAverageShsOut": 134870000, "weightedAverageShsOutDil": 135526000, "link": "https://www.sec.gov/Archives/edgar/data/891024/000104596901500703/0001045969-01-500703-index.htm", "finalLink": "https://www.sec.gov/Archives/edgar/data/891024/000104596901500703/d10k405.txt", "calculatedOtherExpenses": 7771000, "calculatedOperatingExpenses": 301810000, "calculatedNetInterest": 0, "calculatedOtherIncome": 7081000, "calculatedIncomeNonControlling": 0, "calculatedEbitda": 125307000}, {"date": "2000-04-29", "symbol": "PDCO", "reportedCurrency": "USD", "cik": "0000891024", "fillingDate": "2000-07-25", "acceptedDate": "2000-07-25 00:00:00", "calendarYear": "2000", "period": "FY", "revenue": 1040348000, "costOfRevenue": 647112000, "grossProfit": 393236000, "grossProfitRatio": 0.3779850588, "researchAndDevelopmentExpenses": 0, "generalAndAdministrativeExpenses": 0, "sellingAndMarketingExpenses": 0, "sellingGeneralAndAdministrativeExpenses": 285587000, "otherExpenses": 9305000, "operatingExpenses": 294892000, "costAndExpenses": 942004000, "interestIncome": 0, "interestExpense": 0, "depreciationAndAmortization": 9305000, "ebitda": 102862000, "ebitdaratio": 0.0988726849, "operatingIncome": 98344000, "operatingIncomeRatio": 0.0945299073, "totalOtherIncomeExpensesNet": 4787000, "incomeBeforeTax": 102999000, "incomeBeforeTaxRatio": 0.0990043716, "incomeTaxExpense": 38527000, "netIncome": 64472000, "netIncomeRatio": 0.0619715711, "eps": 0.48, "epsdiluted": 0.48, "weightedAverageShsOut": 134692000, "weightedAverageShsOutDil": 135088000, "link": "https://www.sec.gov/Archives/edgar/data/891024/000104596900000535/0001045969-00-000535-index.htm", "finalLink": "https://www.sec.gov/Archives/edgar/data/891024/000104596900000535/0001045969-00-000535-0001.txt", "calculatedOtherExpenses": 9305000, "calculatedOperatingExpenses": 294892000, "calculatedNetInterest": 0, "calculatedOtherIncome": 4655000, "calculatedIncomeNonControlling": 0, "calculatedEbitda": 107649000}, {"date": "1999-04-24", "symbol": "PDCO", "reportedCurrency": "USD", "cik": "0000891024", "fillingDate": "1999-07-19", "acceptedDate": "1999-07-19 00:00:00", "calendarYear": "1999", "period": "FY", "revenue": 878800000, "costOfRevenue": 543900000, "grossProfit": 334900000, "grossProfitRatio": 0.3810878471, "researchAndDevelopmentExpenses": 0, "generalAndAdministrativeExpenses": 0, "sellingAndMarketingExpenses": 0, "sellingGeneralAndAdministrativeExpenses": 248400000, "otherExpenses": 8200000, "operatingExpenses": 256600000, "costAndExpenses": 800500000, "interestIncome": 0, "interestExpense": 0, "depreciationAndAmortization": 8200000, "ebitda": 84600000, "ebitdaratio": 0.0962676377, "operatingIncome": 78300000, "operatingIncomeRatio": 0.0890987711, "totalOtherIncomeExpensesNet": 1900000, "incomeBeforeTax": 79700000, "incomeBeforeTaxRatio": 0.0906918525, "incomeTaxExpense": 29800000, "netIncome": 49900000, "netIncomeRatio": 0.0567819754, "eps": 0.37, "epsdiluted": 0.37, "weightedAverageShsOut": 132962963, "weightedAverageShsOutDil": 133986000, "link": "https://www.sec.gov/Archives/edgar/data/891024/000104596999000536/0001045969-99-000536-index.html", "finalLink": "https://www.sec.gov/Archives/edgar/data/891024/000104596999000536/", "calculatedOtherExpenses": 8200000, "calculatedOperatingExpenses": 256600000, "calculatedNetInterest": 0, "calculatedOtherIncome": 1400000, "calculatedIncomeNonControlling": 0, "calculatedEbitda": 86500000}, {"date": "1998-04-25", "symbol": "PDCO", "reportedCurrency": "USD", "cik": "0000891024", "fillingDate": "1998-07-16", "acceptedDate": "1998-07-16 00:00:00", "calendarYear": "1998", "period": "FY", "revenue": 778200000, "costOfRevenue": 479900000, "grossProfit": 298300000, "grossProfitRatio": 0.3833204832, "researchAndDevelopmentExpenses": 0, "generalAndAdministrativeExpenses": 0, "sellingAndMarketingExpenses": 0, "sellingGeneralAndAdministrativeExpenses": 225500000, "otherExpenses": 7500000, "operatingExpenses": 233000000, "costAndExpenses": 712900000, "interestIncome": 0, "interestExpense": 0, "depreciationAndAmortization": 7500000, "ebitda": 71700000, "ebitdaratio": 0.0921356978, "operatingIncome": 65300000, "operatingIncomeRatio": 0.0839115909, "totalOtherIncomeExpensesNet": 1100000, "incomeBeforeTax": 65700000, "incomeBeforeTaxRatio": 0.0844255975, "incomeTaxExpense": 24900000, "netIncome": 40800000, "netIncomeRatio": 0.0524286816, "eps": 0.31, "epsdiluted": 0.31, "weightedAverageShsOut": 132727273, "weightedAverageShsOutDil": 132727273, "link": "https://www.sec.gov/Archives/edgar/data/891024/000104596998000549/0001045969-98-000549-index.html", "finalLink": "https://www.sec.gov/Archives/edgar/data/891024/", "calculatedOtherExpenses": 7500000, "calculatedOperatingExpenses": 233000000, "calculatedNetInterest": 0, "calculatedOtherIncome": 400000, "calculatedIncomeNonControlling": 0, "calculatedEbitda": 72800000}, {"date": "1997-04-26", "symbol": "PDCO", "reportedCurrency": "USD", "cik": "0000891024", "fillingDate": "1997-07-25", "acceptedDate": "1997-07-25 00:00:00", "calendarYear": "1997", "period": "FY", "revenue": 661500000, "costOfRevenue": 417700000, "grossProfit": 243800000, "grossProfitRatio": 0.3685563114, "researchAndDevelopmentExpenses": 0, "generalAndAdministrativeExpenses": 0, "sellingAndMarketingExpenses": 0, "sellingGeneralAndAdministrativeExpenses": 187000000, "otherExpenses": 5300000, "operatingExpenses": 192300000, "costAndExpenses": 610000000, "interestIncome": 0, "interestExpense": 0, "depreciationAndAmortization": 5300000, "ebitda": 55800000, "ebitdaratio": 0.0843537415, "operatingIncome": 51500000, "operatingIncomeRatio": 0.0778533636, "totalOtherIncomeExpensesNet": 1000000, "incomeBeforeTax": 51900000, "incomeBeforeTaxRatio": 0.0784580499, "incomeTaxExpense": 19500000, "netIncome": 32400000, "netIncomeRatio": 0.0489795918, "eps": 0.25, "epsdiluted": 0.25, "weightedAverageShsOut": 130400000, "weightedAverageShsOutDil": 130400000, "link": "https://www.sec.gov/Archives/edgar/data/891024/000095013197004591/0000950131-97-004591-index.html", "finalLink": "https://www.sec.gov/Archives/edgar/data/891024/", "calculatedOtherExpenses": 5300000, "calculatedOperatingExpenses": 192300000, "calculatedNetInterest": 0, "calculatedOtherIncome": 400000, "calculatedIncomeNonControlling": 0, "calculatedEbitda": 56800000}, {"date": "1996-04-27", "symbol": "PDCO", "reportedCurrency": "USD", "cik": "0000891024", "fillingDate": "1996-07-26", "acceptedDate": "1996-07-26 00:00:00", "calendarYear": "1996", "period": "FY", "revenue": 581900000, "costOfRevenue": 372800000, "grossProfit": 209100000, "grossProfitRatio": 0.3593400928, "researchAndDevelopmentExpenses": 0, "generalAndAdministrativeExpenses": 0, "sellingAndMarketingExpenses": 0, "sellingGeneralAndAdministrativeExpenses": 161700000, "otherExpenses": 2800000, "operatingExpenses": 164500000, "costAndExpenses": 537300000, "interestIncome": 0, "interestExpense": 0, "depreciationAndAmortization": 2800000, "ebitda": 45900000, "ebitdaratio": 0.0788795326, "operatingIncome": 44600000, "operatingIncomeRatio": 0.0766454717, "totalOtherIncomeExpensesNet": 1500000, "incomeBeforeTax": 45700000, "incomeBeforeTaxRatio": 0.0785358309, "incomeTaxExpense": 17000000, "netIncome": 28700000, "netIncomeRatio": 0.0493211892, "eps": 0.22, "epsdiluted": 0.22, "weightedAverageShsOut": 130232558, "weightedAverageShsOutDil": 130232558, "link": "https://www.sec.gov/Archives/edgar/data/891024/000095013196003443/0000950131-96-003443-index.html", "finalLink": "https://www.sec.gov/Archives/edgar/data/891024/", "calculatedOtherExpenses": 2800000, "calculatedOperatingExpenses": 164500000, "calculatedNetInterest": 0, "calculatedOtherIncome": 1100000, "calculatedIncomeNonControlling": 0, "calculatedEbitda": 47400000}, {"date": "1995-04-30", "symbol": "PDCO", "reportedCurrency": "USD", "cik": "0000891024", "fillingDate": "1995-04-30", "acceptedDate": "1995-04-30 00:00:00", "calendarYear": "1995", "period": "FY", "revenue": 532600000, "costOfRevenue": 339600000, "grossProfit": 193000000, "grossProfitRatio": 0.3623732632, "researchAndDevelopmentExpenses": 0, "generalAndAdministrativeExpenses": 0, "sellingAndMarketingExpenses": 0, "sellingGeneralAndAdministrativeExpenses": 151600000, "otherExpenses": 2400000, "operatingExpenses": 154000000, "costAndExpenses": 493600000, "interestIncome": 0, "interestExpense": 0, "depreciationAndAmortization": 2400000, "ebitda": 40700000, "ebitdaratio": 0.0764175742, "operatingIncome": 39000000, "operatingIncomeRatio": 0.0732256853, "totalOtherIncomeExpensesNet": 700000, "incomeBeforeTax": 39200000, "incomeBeforeTaxRatio": 0.0736012017, "incomeTaxExpense": 15000000, "netIncome": 24200000, "netIncomeRatio": 0.0454374765, "eps": 0.19, "epsdiluted": 0.19, "weightedAverageShsOut": 122631579, "weightedAverageShsOutDil": 122631579, "link": null, "finalLink": null, "calculatedOtherExpenses": 2400000, "calculatedOperatingExpenses": 154000000, "calculatedNetInterest": 0, "calculatedOtherIncome": 200000, "calculatedIncomeNonControlling": 0, "calculatedEbitda": 41400000}, {"date": "1994-04-30", "symbol": "PDCO", "reportedCurrency": "USD", "cik": "0000891024", "fillingDate": "1994-04-30", "acceptedDate": "1994-04-30 00:00:00", "calendarYear": "1994", "period": "FY", "revenue": 466900000, "costOfRevenue": 298800000, "grossProfit": 168100000, "grossProfitRatio": 0.3600342686, "researchAndDevelopmentExpenses": 0, "generalAndAdministrativeExpenses": 0, "sellingAndMarketingExpenses": 0, "sellingGeneralAndAdministrativeExpenses": 134300000, "otherExpenses": 1600000, "operatingExpenses": 135900000, "costAndExpenses": 434700000, "interestIncome": 0, "interestExpense": 0, "depreciationAndAmortization": 1600000, "ebitda": 33500000, "ebitdaratio": 0.0717498394, "operatingIncome": 32200000, "operatingIncomeRatio": 0.0689655172, "totalOtherIncomeExpensesNet": 300000, "incomeBeforeTax": 32000000, "incomeBeforeTaxRatio": 0.06853716, "incomeTaxExpense": 12700000, "netIncome": 19300000, "netIncomeRatio": 0.0413364746, "eps": 0.15, "epsdiluted": 0.15, "weightedAverageShsOut": 122666667, "weightedAverageShsOutDil": 122666667, "link": null, "finalLink": null, "calculatedOtherExpenses": 1600000, "calculatedOperatingExpenses": 135900000, "calculatedNetInterest": 0, "calculatedOtherIncome": -200000, "calculatedIncomeNonControlling": 0, "calculatedEbitda": 33800000}, {"date": "1993-04-30", "symbol": "PDCO", "reportedCurrency": "USD", "cik": "0000891024", "fillingDate": "1993-04-30", "acceptedDate": "1993-04-30 00:00:00", "calendarYear": "1993", "period": "FY", "revenue": 342800000, "costOfRevenue": 221800000, "grossProfit": 121000000, "grossProfitRatio": 0.3529754959, "researchAndDevelopmentExpenses": 0, "generalAndAdministrativeExpenses": 0, "sellingAndMarketingExpenses": 0, "sellingGeneralAndAdministrativeExpenses": 99000000, "otherExpenses": 1700000, "operatingExpenses": 100700000, "costAndExpenses": 322500000, "interestIncome": 0, "interestExpense": 0, "depreciationAndAmortization": 1700000, "ebitda": 20800000, "ebitdaratio": 0.0606767795, "operatingIncome": 20300000, "operatingIncomeRatio": 0.059218203, "totalOtherIncomeExpensesNet": 1200000, "incomeBeforeTax": 20400000, "incomeBeforeTaxRatio": 0.0595099183, "incomeTaxExpense": 7200000, "netIncome": 12700000, "netIncomeRatio": 0.0370478413, "eps": 0.1, "epsdiluted": 0.1, "weightedAverageShsOut": 127000000, "weightedAverageShsOutDil": 127000000, "link": null, "finalLink": null, "calculatedOtherExpenses": 1700000, "calculatedOperatingExpenses": 100700000, "calculatedNetInterest": 0, "calculatedOtherIncome": 100000, "calculatedIncomeNonControlling": 500000, "calculatedEbitda": 22000000}, {"date": "1992-04-30", "symbol": "PDCO", "reportedCurrency": "USD", "cik": "0000891024", "fillingDate": "1992-04-30", "acceptedDate": "1992-04-30 00:00:00", "calendarYear": "1992", "period": "FY", "revenue": 277100000, "costOfRevenue": 179800000, "grossProfit": 97300000, "grossProfitRatio": 0.3511367737, "researchAndDevelopmentExpenses": 0, "generalAndAdministrativeExpenses": 0, "sellingAndMarketingExpenses": 0, "sellingGeneralAndAdministrativeExpenses": 83300000, "otherExpenses": 500000, "operatingExpenses": 83800000, "costAndExpenses": 263600000, "interestIncome": 0, "interestExpense": 0, "depreciationAndAmortization": 500000, "ebitda": 12600000, "ebitdaratio": 0.0454709491, "operatingIncome": 13500000, "operatingIncomeRatio": 0.0487188741, "totalOtherIncomeExpensesNet": 1400000, "incomeBeforeTax": 12500000, "incomeBeforeTaxRatio": 0.0451100686, "incomeTaxExpense": 4000000, "netIncome": 8500000, "netIncomeRatio": 0.0306748466, "eps": 0.065, "epsdiluted": 0.065, "weightedAverageShsOut": 130769231, "weightedAverageShsOutDil": 130769231, "link": null, "finalLink": null, "calculatedOtherExpenses": 500000, "calculatedOperatingExpenses": 83800000, "calculatedNetInterest": 0, "calculatedOtherIncome": -1000000, "calculatedIncomeNonControlling": 0, "calculatedEbitda": 14000000}, {"date": "1991-04-30", "symbol": "PDCO", "reportedCurrency": "USD", "cik": "0000891024", "fillingDate": "1991-04-30", "acceptedDate": "1991-04-30 00:00:00", "calendarYear": "1991", "period": "FY", "revenue": 243100000, "costOfRevenue": 156600000, "grossProfit": 86500000, "grossProfitRatio": 0.3558206499, "researchAndDevelopmentExpenses": 0, "generalAndAdministrativeExpenses": 0, "sellingAndMarketingExpenses": 0, "sellingGeneralAndAdministrativeExpenses": 75000000, "otherExpenses": 200000, "operatingExpenses": 75200000, "costAndExpenses": 231800000, "interestIncome": 0, "interestExpense": 0, "depreciationAndAmortization": 200000, "ebitda": 9800000, "ebitdaratio": 0.0403126285, "operatingIncome": 11300000, "operatingIncomeRatio": 0.0464829288, "totalOtherIncomeExpensesNet": 1700000, "incomeBeforeTax": 10400000, "incomeBeforeTaxRatio": 0.0427807487, "incomeTaxExpense": 3100000, "netIncome": 7300000, "netIncomeRatio": 0.0300287947, "eps": 0.055, "epsdiluted": 0.055, "weightedAverageShsOut": 132727273, "weightedAverageShsOutDil": 132727273, "link": null, "finalLink": null, "calculatedOtherExpenses": 200000, "calculatedOperatingExpenses": 75200000, "calculatedNetInterest": 0, "calculatedOtherIncome": -900000, "calculatedIncomeNonControlling": 0, "calculatedEbitda": 11500000}]}