{"originalCurrency": "USD", "convertedCurrency": "USD", "report": [{"date": "2023-06-30", "symbol": "PDI", "reportedCurrency": "USD", "cik": "0001510599", "fillingDate": "2023-06-30", "acceptedDate": "2023-06-30 00:00:00", "calendarYear": "2022", "period": "FY", "revenue": 164909000, "costOfRevenue": 86324000, "grossProfit": 78585000, "grossProfitRatio": 0.4765355438, "researchAndDevelopmentExpenses": 0, "generalAndAdministrativeExpenses": 502000, "sellingAndMarketingExpenses": 0, "sellingGeneralAndAdministrativeExpenses": 502000, "otherExpenses": -146318000, "operatingExpenses": 503000, "costAndExpenses": 503000, "interestIncome": 769236000, "interestExpense": 144003000, "depreciationAndAmortization": 0, "ebitda": 164406000, "ebitdaratio": 0.9969498329, "operatingIncome": 164406000, "operatingIncomeRatio": 0.9969498329, "totalOtherIncomeExpensesNet": -172801000, "incomeBeforeTax": 164406000, "incomeBeforeTaxRatio": 0.9969498329, "incomeTaxExpense": 0, "netIncome": 164406000, "netIncomeRatio": 0.9969498329, "eps": 0.62, "epsdiluted": 0.62, "weightedAverageShsOut": 265130000, "weightedAverageShsOutDil": 265130000, "link": null, "finalLink": null, "calculatedOtherExpenses": -86323000, "calculatedOperatingExpenses": -85821000, "calculatedNetInterest": 625233000, "calculatedOtherIncome": -625233000, "calculatedIncomeNonControlling": 0, "calculatedEbitda": 164406000}, {"date": "2022-06-30", "symbol": "PDI", "reportedCurrency": "USD", "cik": "0001510599", "fillingDate": "2022-06-30", "acceptedDate": "2022-06-30 00:00:00", "calendarYear": "2021", "period": "FY", "revenue": -706089000, "costOfRevenue": 71896000, "grossProfit": -777985000, "grossProfitRatio": 1.101822858, "researchAndDevelopmentExpenses": 0, "generalAndAdministrativeExpenses": 530000, "sellingAndMarketingExpenses": 0, "sellingGeneralAndAdministrativeExpenses": 530000, "otherExpenses": -1331711000, "operatingExpenses": 530000, "costAndExpenses": 530000, "interestIncome": 527503000, "interestExpense": 23093000, "depreciationAndAmortization": 0, "ebitda": -683526000, "ebitdaratio": 0.9680451048, "operatingIncome": -683526000, "operatingIncomeRatio": 0.9680451048, "totalOtherIncomeExpensesNet": -23093000, "incomeBeforeTax": -706619000, "incomeBeforeTaxRatio": 1.0007506136, "incomeTaxExpense": 0, "netIncome": -706619000, "netIncomeRatio": 1.0007506136, "eps": -3.12, "epsdiluted": -3.12, "weightedAverageShsOut": 226558000, "weightedAverageShsOutDil": 226558000, "link": null, "finalLink": null, "calculatedOtherExpenses": -94989000, "calculatedOperatingExpenses": -94459000, "calculatedNetInterest": 504410000, "calculatedOtherIncome": -527503000, "calculatedIncomeNonControlling": 0, "calculatedEbitda": -683526000}, {"date": "2021-06-30", "symbol": "PDI", "reportedCurrency": "USD", "cik": "0001510599", "fillingDate": "2021-06-30", "acceptedDate": "2021-06-30 00:00:00", "calendarYear": "2020", "period": "FY", "revenue": 333605000, "costOfRevenue": 33083000, "grossProfit": 300522000, "grossProfitRatio": 0.9008318221, "researchAndDevelopmentExpenses": 0, "generalAndAdministrativeExpenses": 228000, "sellingAndMarketingExpenses": 0, "sellingGeneralAndAdministrativeExpenses": 228000, "otherExpenses": 258177000, "operatingExpenses": 228000, "costAndExpenses": 228000, "interestIncome": 208757000, "interestExpense": 11891000, "depreciationAndAmortization": 0, "ebitda": 333377000, "ebitdaratio": 0.999316557, "operatingIncome": 333377000, "operatingIncomeRatio": 0.999316557, "totalOtherIncomeExpensesNet": -11283000, "incomeBeforeTax": 333377000, "incomeBeforeTaxRatio": 0.999316557, "incomeTaxExpense": 0, "netIncome": 333377000, "netIncomeRatio": 0.999316557, "eps": 5.08, "epsdiluted": 5.08, "weightedAverageShsOut": 65625393, "weightedAverageShsOutDil": 65625393, "link": null, "finalLink": null, "calculatedOtherExpenses": -33083000, "calculatedOperatingExpenses": -32855000, "calculatedNetInterest": 196866000, "calculatedOtherIncome": -196866000, "calculatedIncomeNonControlling": 0, "calculatedEbitda": 333377000}, {"date": "2020-06-30", "symbol": "PDI", "reportedCurrency": "USD", "cik": "0001510599", "fillingDate": "2020-06-30", "acceptedDate": "2020-06-29 20:00:00", "calendarYear": "2019", "period": "FY", "revenue": -170746000, "costOfRevenue": 29324000, "grossProfit": -200070000, "grossProfitRatio": 1.17174048, "researchAndDevelopmentExpenses": 0, "generalAndAdministrativeExpenses": 341000, "sellingAndMarketingExpenses": 0, "sellingGeneralAndAdministrativeExpenses": 341000, "otherExpenses": -267978999, "operatingExpenses": 341000, "costAndExpenses": 341000, "interestIncome": 221438000, "interestExpense": 25554000, "depreciationAndAmortization": 0, "ebitda": -145533000, "ebitdaratio": 0.8523362187, "operatingIncome": -145533000, "operatingIncomeRatio": 0.8523362187, "totalOtherIncomeExpensesNet": -25554000, "incomeBeforeTax": -171087000, "incomeBeforeTaxRatio": 1.0019971185, "incomeTaxExpense": 0, "netIncome": -171087000, "netIncomeRatio": 1.0019971185, "eps": -2.81, "epsdiluted": -2.81, "weightedAverageShsOut": 60860000, "weightedAverageShsOutDil": 60860000, "link": null, "finalLink": null, "calculatedOtherExpenses": -54878000, "calculatedOperatingExpenses": -54537000, "calculatedNetInterest": 195884000, "calculatedOtherIncome": -221438000, "calculatedIncomeNonControlling": 0, "calculatedEbitda": -145533000}, {"date": "2019-06-30", "symbol": "PDI", "reportedCurrency": "USD", "cik": "0001510599", "fillingDate": "2019-06-30", "acceptedDate": "2019-06-29 20:00:00", "calendarYear": "2018", "period": "FY", "revenue": 131587000, "costOfRevenue": 29928000, "grossProfit": 101659000, "grossProfitRatio": 0.7725611193, "researchAndDevelopmentExpenses": 0, "generalAndAdministrativeExpenses": 206000, "sellingAndMarketingExpenses": 0, "sellingGeneralAndAdministrativeExpenses": 206000, "otherExpenses": -61958000, "operatingExpenses": 206000, "costAndExpenses": 206000, "interestIncome": 213579000, "interestExpense": 32796000, "depreciationAndAmortization": 0, "ebitda": 164177000, "ebitdaratio": 1.2476688427, "operatingIncome": 164177000, "operatingIncomeRatio": 1.2476688427, "totalOtherIncomeExpensesNet": -32796000, "incomeBeforeTax": 131381000, "incomeBeforeTaxRatio": 0.9984344958, "incomeTaxExpense": 0, "netIncome": 131381000, "netIncomeRatio": 0.9984344958, "eps": 2.36, "epsdiluted": 2.36, "weightedAverageShsOut": 55669915, "weightedAverageShsOutDil": 55669915, "link": null, "finalLink": null, "calculatedOtherExpenses": -62724000, "calculatedOperatingExpenses": -62518000, "calculatedNetInterest": 180783000, "calculatedOtherIncome": -213579000, "calculatedIncomeNonControlling": 0, "calculatedEbitda": 164177000}, {"date": "2018-06-30", "symbol": "PDI", "reportedCurrency": "USD", "cik": "0001510599", "fillingDate": "2018-06-30", "acceptedDate": "2018-06-30 00:00:00", "calendarYear": "2017", "period": "FY", "revenue": 157418000, "costOfRevenue": 0, "grossProfit": 157418000, "grossProfitRatio": 1, "researchAndDevelopmentExpenses": 0, "generalAndAdministrativeExpenses": 250000, "sellingAndMarketingExpenses": 0, "sellingGeneralAndAdministrativeExpenses": 250000, "otherExpenses": 0, "operatingExpenses": 250000, "costAndExpenses": 250000, "interestIncome": 208675000, "interestExpense": 30150000, "depreciationAndAmortization": 0, "ebitda": 157168000, "ebitdaratio": 0.9984118716, "operatingIncome": 157168000, "operatingIncomeRatio": 0.9984118716, "totalOtherIncomeExpensesNet": 0, "incomeBeforeTax": 157168000, "incomeBeforeTaxRatio": 0.9984118716, "incomeTaxExpense": 0, "netIncome": 157168000, "netIncomeRatio": 0.9984118716, "eps": 3.13, "epsdiluted": 3.13, "weightedAverageShsOut": 50213419, "weightedAverageShsOutDil": 50213419, "link": null, "finalLink": null, "calculatedOtherExpenses": 0, "calculatedOperatingExpenses": 250000, "calculatedNetInterest": 178525000, "calculatedOtherIncome": -178525000, "calculatedIncomeNonControlling": 0, "calculatedEbitda": 157168000}, {"date": "2017-06-30", "symbol": "PDI", "reportedCurrency": "USD", "cik": "0001510599", "fillingDate": "2017-06-30", "acceptedDate": "2017-06-29 20:00:00", "calendarYear": "2016", "period": "FY", "revenue": 172688000, "costOfRevenue": 51530000, "grossProfit": 121158000, "grossProfitRatio": 0.7016005744, "researchAndDevelopmentExpenses": 0, "generalAndAdministrativeExpenses": 0, "sellingAndMarketingExpenses": 0, "sellingGeneralAndAdministrativeExpenses": 0, "otherExpenses": 36000.00000000136, "operatingExpenses": 36000.00000000136, "costAndExpenses": 51566000, "interestIncome": 0, "interestExpense": 149971000, "depreciationAndAmortization": 299942000, "ebitda": 421064000, "ebitdaratio": 2.4382933383, "operatingIncome": 121122000, "operatingIncomeRatio": 0.701392106, "totalOtherIncomeExpensesNet": 149971000, "incomeBeforeTax": 271093000, "incomeBeforeTaxRatio": 1.5698427221, "incomeTaxExpense": -299942000, "netIncome": 571035000, "netIncomeRatio": 3.3067439544, "eps": 11.78, "epsdiluted": 11.78, "weightedAverageShsOut": 48460000, "weightedAverageShsOutDil": 48460000, "link": "", "finalLink": "", "calculatedOtherExpenses": 36000, "calculatedOperatingExpenses": 36000, "calculatedNetInterest": -149971000, "calculatedOtherIncome": 299942000, "calculatedIncomeNonControlling": 0, "calculatedEbitda": 421064000}, {"date": "2016-06-30", "symbol": "PDI", "reportedCurrency": "USD", "cik": "0001510599", "fillingDate": "2016-06-30", "acceptedDate": "2016-06-29 20:00:00", "calendarYear": "2015", "period": "FY", "revenue": 223589000, "costOfRevenue": 46548000, "grossProfit": 177041000, "grossProfitRatio": 0.7918144453, "researchAndDevelopmentExpenses": 0, "generalAndAdministrativeExpenses": 0, "sellingAndMarketingExpenses": 0, "sellingGeneralAndAdministrativeExpenses": 0, "otherExpenses": 60999.99999999994, "operatingExpenses": 60999.99999999994, "costAndExpenses": 46609000, "interestIncome": 0, "interestExpense": -157424000, "depreciationAndAmortization": -314848000, "ebitda": -137868000, "ebitdaratio": -0.6166135186, "operatingIncome": 176980000, "operatingIncomeRatio": 0.7915416232, "totalOtherIncomeExpensesNet": -157424000, "incomeBeforeTax": 19556000, "incomeBeforeTaxRatio": 0.0874640523, "incomeTaxExpense": 314848000, "netIncome": -295292000, "netIncomeRatio": -1.3206910895, "eps": -6.42, "epsdiluted": -6.42, "weightedAverageShsOut": 46025000, "weightedAverageShsOutDil": 46025000, "link": "", "finalLink": "", "calculatedOtherExpenses": 61000, "calculatedOperatingExpenses": 61000, "calculatedNetInterest": 157424000, "calculatedOtherIncome": -314848000, "calculatedIncomeNonControlling": 0, "calculatedEbitda": -137868000}, {"date": "2015-06-30", "symbol": "PDI", "reportedCurrency": "USD", "cik": "0001510599", "fillingDate": "2015-06-30", "acceptedDate": "2015-06-29 20:00:00", "calendarYear": "2014", "period": "FY", "revenue": 46168000, "costOfRevenue": 9996000, "grossProfit": 36172000, "grossProfitRatio": 0.7834863975, "researchAndDevelopmentExpenses": 0, "generalAndAdministrativeExpenses": 0, "sellingAndMarketingExpenses": 0, "sellingGeneralAndAdministrativeExpenses": 0, "otherExpenses": 0, "operatingExpenses": 0, "costAndExpenses": 9996000, "interestIncome": 0, "interestExpense": 21383000, "depreciationAndAmortization": 42766000, "ebitda": 78938000, "ebitdaratio": 1.709798995, "operatingIncome": 36172000, "operatingIncomeRatio": 0.7834863975, "totalOtherIncomeExpensesNet": 21383000, "incomeBeforeTax": 57555000, "incomeBeforeTaxRatio": 1.2466426962, "incomeTaxExpense": -42766000, "netIncome": 100321000, "netIncomeRatio": 2.1729552937, "eps": 2.21, "epsdiluted": 2.21, "weightedAverageShsOut": 45479000, "weightedAverageShsOutDil": 45479000, "link": "", "finalLink": "", "calculatedOtherExpenses": 0, "calculatedOperatingExpenses": 0, "calculatedNetInterest": -21383000, "calculatedOtherIncome": 42766000, "calculatedIncomeNonControlling": 0, "calculatedEbitda": 78938000}]}