{"originalCurrency": "USD", "convertedCurrency": "USD", "report": [{"date": "2023-12-31", "symbol": "PECO", "reportedCurrency": "USD", "cik": "0001476204", "fillingDate": "2024-02-12", "acceptedDate": "2024-02-12 16:13:26", "calendarYear": "2023", "period": "FY", "revenue": 610124000, "costOfRevenue": 411562000, "grossProfit": 198562000, "grossProfitRatio": 0.3254453193, "researchAndDevelopmentExpenses": 0, "generalAndAdministrativeExpenses": 44366000, "sellingAndMarketingExpenses": 0, "sellingGeneralAndAdministrativeExpenses": 44366000, "otherExpenses": -44366000, "operatingExpenses": 44366000, "costAndExpenses": 455928000, "interestIncome": 0, "interestExpense": 84232000, "depreciationAndAmortization": 236443000, "ebitda": 390639000, "ebitdaratio": 0.6402616517, "operatingIncome": 154196000, "operatingIncomeRatio": 0.2527289535, "totalOtherIncomeExpensesNet": -90434000, "incomeBeforeTax": 63762000, "incomeBeforeTaxRatio": 0.1045066249, "incomeTaxExpense": 6914000, "netIncome": 56848000, "netIncomeRatio": 0.0931745022, "eps": 0.48, "epsdiluted": 0.48, "weightedAverageShsOut": 118278000, "weightedAverageShsOutDil": 132970000, "link": "https://www.sec.gov/Archives/edgar/data/1476204/000147620424000022/0001476204-24-000022-index.htm", "finalLink": "https://www.sec.gov/Archives/edgar/data/1476204/000147620424000022/cik0001476204-20231231.htm", "calculatedOtherExpenses": 0, "calculatedOperatingExpenses": 44366000, "calculatedNetInterest": -84232000, "calculatedOtherIncome": -6202000, "calculatedIncomeNonControlling": 0, "calculatedEbitda": 390639000}, {"date": "2022-12-31", "symbol": "PECO", "reportedCurrency": "USD", "cik": "0001476204", "fillingDate": "2023-02-21", "acceptedDate": "2023-02-21 16:27:07", "calendarYear": "2022", "period": "FY", "revenue": 575372000, "costOfRevenue": 163223000, "grossProfit": 412149000, "grossProfitRatio": 0.7163174433, "researchAndDevelopmentExpenses": 0, "generalAndAdministrativeExpenses": 45235000, "sellingAndMarketingExpenses": 0, "sellingGeneralAndAdministrativeExpenses": 45235000, "otherExpenses": 236224000, "operatingExpenses": 281459000, "costAndExpenses": 444682000, "interestIncome": 63812000, "interestExpense": 71196000, "depreciationAndAmortization": 236224000, "ebitda": 354754000, "ebitdaratio": 0.6165645878, "operatingIncome": 118530000, "operatingIncomeRatio": 0.2060058536, "totalOtherIncomeExpensesNet": -64001000, "incomeBeforeTax": 54529000, "incomeBeforeTaxRatio": 0.0947717303, "incomeTaxExpense": -989000, "netIncome": 48323000, "netIncomeRatio": 0.0839856649, "eps": 0.42, "epsdiluted": 0.42, "weightedAverageShsOut": 115403000, "weightedAverageShsOutDil": 130332000, "link": "https://www.sec.gov/Archives/edgar/data/1476204/000147620423000028/0001476204-23-000028-index.htm", "finalLink": "https://www.sec.gov/Archives/edgar/data/1476204/000147620423000028/cik0001476204-20221231.htm", "calculatedOtherExpenses": 248384000, "calculatedOperatingExpenses": 293619000, "calculatedNetInterest": -7384000, "calculatedOtherIncome": -56617000, "calculatedIncomeNonControlling": 7195000, "calculatedEbitda": 354754000}, {"date": "2021-12-31", "symbol": "PECO", "reportedCurrency": "USD", "cik": "0001476204", "fillingDate": "2022-02-16", "acceptedDate": "2022-02-16 16:42:19", "calendarYear": "2021", "period": "FY", "revenue": 532846000, "costOfRevenue": 158295000, "grossProfit": 374551000, "grossProfitRatio": 0.7029254231, "researchAndDevelopmentExpenses": 0, "generalAndAdministrativeExpenses": 48820000, "sellingAndMarketingExpenses": 0, "sellingGeneralAndAdministrativeExpenses": 48820000, "otherExpenses": 221433000, "operatingExpenses": 270253000, "costAndExpenses": 428548000, "interestIncome": 66021000, "interestExpense": 76371000, "depreciationAndAmortization": 221433000, "ebitda": 291370000, "ebitdaratio": 0.5468184053, "operatingIncome": 69937000, "operatingIncomeRatio": 0.1312518063, "totalOtherIncomeExpensesNet": -52704000, "incomeBeforeTax": 17233000, "incomeBeforeTaxRatio": 0.032341427, "incomeTaxExpense": 327000, "netIncome": 15121000, "netIncomeRatio": 0.0283778052, "eps": 0.15, "epsdiluted": 0.13, "weightedAverageShsOut": 102403000, "weightedAverageShsOutDil": 116672000, "link": "https://www.sec.gov/Archives/edgar/data/1476204/000147620422000029/0001476204-22-000029-index.htm", "finalLink": "https://www.sec.gov/Archives/edgar/data/1476204/000147620422000029/cik0001476204-20211231.htm", "calculatedOtherExpenses": 255794000, "calculatedOperatingExpenses": 304614000, "calculatedNetInterest": -10350000, "calculatedOtherIncome": -42354000, "calculatedIncomeNonControlling": 1785000, "calculatedEbitda": 291370000}, {"date": "2020-12-31", "symbol": "PECO", "reportedCurrency": "USD", "cik": "0001476204", "fillingDate": "2021-03-12", "acceptedDate": "2021-03-12 14:43:32", "calendarYear": "2020", "period": "FY", "revenue": 498017000, "costOfRevenue": 154506000, "grossProfit": 343511000, "grossProfitRatio": 0.6897575786, "researchAndDevelopmentExpenses": 0, "generalAndAdministrativeExpenses": 41383000, "sellingAndMarketingExpenses": 0, "sellingGeneralAndAdministrativeExpenses": 41383000, "otherExpenses": 224679000, "operatingExpenses": 266062000, "costAndExpenses": 420568000, "interestIncome": 85303000, "interestExpense": 85303000, "depreciationAndAmortization": 224679000, "ebitda": 311373000, "ebitdaratio": 0.6252256449, "operatingIncome": 86694000, "operatingIncomeRatio": 0.1740783949, "totalOtherIncomeExpensesNet": -81232000, "incomeBeforeTax": 5462000, "incomeBeforeTaxRatio": 0.0109674971, "incomeTaxExpense": 491000, "netIncome": 4772000, "netIncomeRatio": 0.0095820022, "eps": 0.05, "epsdiluted": 0.05, "weightedAverageShsOut": 111156000, "weightedAverageShsOutDil": 111156000, "link": "https://www.sec.gov/Archives/edgar/data/1476204/000147620421000023/0001476204-21-000023-index.htm", "finalLink": "https://www.sec.gov/Archives/edgar/data/1476204/000147620421000023/cik0001476204-20201231.htm", "calculatedOtherExpenses": 215434000, "calculatedOperatingExpenses": 256817000, "calculatedNetInterest": 0, "calculatedOtherIncome": -81232000, "calculatedIncomeNonControlling": 199000, "calculatedEbitda": 311373000}, {"date": "2019-12-31", "symbol": "PECO", "reportedCurrency": "USD", "cik": "0001476204", "fillingDate": "2020-03-12", "acceptedDate": "2020-03-11 17:45:51", "calendarYear": "2019", "period": "FY", "revenue": 536706000, "costOfRevenue": 161064000, "grossProfit": 375642000, "grossProfitRatio": 0.69990274, "researchAndDevelopmentExpenses": 0, "generalAndAdministrativeExpenses": 48525000, "sellingAndMarketingExpenses": 0, "sellingGeneralAndAdministrativeExpenses": 48525000, "otherExpenses": 236870000, "operatingExpenses": 285395000, "costAndExpenses": 446459000, "interestIncome": 103174000, "interestExpense": 103174000, "depreciationAndAmortization": 236870000, "ebitda": 326441000, "ebitdaratio": 0.6082305769, "operatingIncome": 89571000, "operatingIncomeRatio": 0.1668902528, "totalOtherIncomeExpensesNet": -162397000, "incomeBeforeTax": -72826000, "incomeBeforeTaxRatio": -0.1356906761, "incomeTaxExpense": 93204000, "netIncome": -166030000, "netIncomeRatio": -0.309349998, "eps": -1.52, "epsdiluted": -1.52, "weightedAverageShsOut": 109039000, "weightedAverageShsOutDil": 109039000, "link": "https://www.sec.gov/Archives/edgar/data/1476204/000147620420000015/0001476204-20-000015-index.htm", "finalLink": "https://www.sec.gov/Archives/edgar/data/1476204/000147620420000015/peco201910k.htm", "calculatedOtherExpenses": 237546000, "calculatedOperatingExpenses": 286071000, "calculatedNetInterest": 0, "calculatedOtherIncome": -162397000, "calculatedIncomeNonControlling": 0, "calculatedEbitda": 326441000}, {"date": "2018-12-31", "symbol": "PECO", "reportedCurrency": "USD", "cik": "0001476204", "fillingDate": "2019-03-13", "acceptedDate": "2019-03-13 17:31:43", "calendarYear": "2018", "period": "FY", "revenue": 430392000, "costOfRevenue": 132544000, "grossProfit": 297848000, "grossProfitRatio": 0.6920388855, "researchAndDevelopmentExpenses": 0, "generalAndAdministrativeExpenses": 50412000, "sellingAndMarketingExpenses": 0, "sellingGeneralAndAdministrativeExpenses": 50412000, "otherExpenses": 191283000, "operatingExpenses": 241695000, "costAndExpenses": 374239000, "interestIncome": 0, "interestExpense": 72642000, "depreciationAndAmortization": 191283000, "ebitda": 242382000, "ebitdaratio": 0.5631656722, "operatingIncome": 51099000, "operatingIncomeRatio": 0.1187266492, "totalOtherIncomeExpensesNet": -4124000, "incomeBeforeTax": 46975000, "incomeBeforeTaxRatio": 0.1091446867, "incomeTaxExpense": -60681000, "netIncome": 107656000, "netIncomeRatio": 0.2501347609, "eps": 1.34, "epsdiluted": 1.34, "weightedAverageShsOut": 80455586, "weightedAverageShsOutDil": 80455586, "link": "https://www.sec.gov/Archives/edgar/data/1476204/000147620419000026/0001476204-19-000026-index.htm", "finalLink": "https://www.sec.gov/Archives/edgar/data/1476204/000147620419000026/peco201810k.htm", "calculatedOtherExpenses": 196337000, "calculatedOperatingExpenses": 246749000, "calculatedNetInterest": -72642000, "calculatedOtherIncome": 68518000, "calculatedIncomeNonControlling": 0, "calculatedEbitda": 242382000}, {"date": "2017-12-31", "symbol": "PECO", "reportedCurrency": "USD", "cik": "0001476204", "fillingDate": "2018-03-30", "acceptedDate": "2018-03-29 17:47:21", "calendarYear": "2017", "period": "FY", "revenue": 311543000, "costOfRevenue": 97280000, "grossProfit": 214263000, "grossProfitRatio": 0.6877477587, "researchAndDevelopmentExpenses": 0, "generalAndAdministrativeExpenses": 36348000, "sellingAndMarketingExpenses": 0, "sellingGeneralAndAdministrativeExpenses": 36348000, "otherExpenses": 2433000, "operatingExpenses": 167019000, "costAndExpenses": 264299000, "interestIncome": 0, "interestExpense": 45661000, "depreciationAndAmortization": 128943000, "ebitda": 223649000, "ebitdaratio": 0.7178752211, "operatingIncome": 94706000, "operatingIncomeRatio": 0.3039901394, "totalOtherIncomeExpensesNet": -43301000, "incomeBeforeTax": -41718000, "incomeBeforeTaxRatio": -0.1339076789, "incomeTaxExpense": 133097000, "netIncome": -38391000, "netIncomeRatio": -0.1232285752, "eps": -0.63, "epsdiluted": -0.59, "weightedAverageShsOut": 61261272, "weightedAverageShsOutDil": 65498934, "link": "https://www.sec.gov/Archives/edgar/data/1476204/000147620418000010/0001476204-18-000010-index.htm", "finalLink": "https://www.sec.gov/Archives/edgar/data/1476204/000147620418000010/pentr_20171231-10k.htm", "calculatedOtherExpenses": 83209000, "calculatedOperatingExpenses": 119557000, "calculatedNetInterest": -45661000, "calculatedOtherIncome": -90763000, "calculatedIncomeNonControlling": -136424000, "calculatedEbitda": 223649000}, {"date": "2016-12-31", "symbol": "PECO", "reportedCurrency": "USD", "cik": "0001476204", "fillingDate": "2017-03-09", "acceptedDate": "2017-03-09 15:24:08", "calendarYear": "2016", "period": "FY", "revenue": 257730000, "costOfRevenue": 78517000, "grossProfit": 179213000, "grossProfitRatio": 0.6953517247, "researchAndDevelopmentExpenses": 0, "generalAndAdministrativeExpenses": 31804000, "sellingAndMarketingExpenses": 0, "sellingGeneralAndAdministrativeExpenses": 31804000, "otherExpenses": 5990000, "operatingExpenses": 137899000, "costAndExpenses": 216416000, "interestIncome": 0, "interestExpense": 32458000, "depreciationAndAmortization": 103282000, "ebitda": 147222000, "ebitdaratio": 0.5712257013, "operatingIncome": 43940000, "operatingIncomeRatio": 0.1704884957, "totalOtherIncomeExpensesNet": 187000, "incomeBeforeTax": 9043000, "incomeBeforeTaxRatio": 0.0350871067, "incomeTaxExpense": 35008000, "netIncome": 8932000, "netIncomeRatio": 0.0346564234, "eps": 0.15, "epsdiluted": 0.15, "weightedAverageShsOut": 61291938, "weightedAverageShsOutDil": 62221604, "link": "https://www.sec.gov/Archives/edgar/data/1476204/000147620417000004/0001476204-17-000004-index.htm", "finalLink": "https://www.sec.gov/Archives/edgar/data/1476204/000147620417000004/pentr-20161231x10k.htm", "calculatedOtherExpenses": 103469000, "calculatedOperatingExpenses": 135273000, "calculatedNetInterest": -32458000, "calculatedOtherIncome": -2439000, "calculatedIncomeNonControlling": -34897000, "calculatedEbitda": 147222000}, {"date": "2015-12-31", "symbol": "PECO", "reportedCurrency": "USD", "cik": "0001476204", "fillingDate": "2016-03-03", "acceptedDate": "2016-03-03 16:22:07", "calendarYear": "2015", "period": "FY", "revenue": 242099000, "costOfRevenue": 73684000, "grossProfit": 168415000, "grossProfitRatio": 0.69564517, "researchAndDevelopmentExpenses": 0, "generalAndAdministrativeExpenses": 15829000, "sellingAndMarketingExpenses": 0, "sellingGeneralAndAdministrativeExpenses": 15829000, "otherExpenses": 248000, "operatingExpenses": 117308000, "costAndExpenses": 190992000, "interestIncome": 0, "interestExpense": 32390000, "depreciationAndAmortization": 98367000, "ebitda": 157742000, "ebitdaratio": 0.651559899, "operatingIncome": 59375000, "operatingIncomeRatio": 0.2452509098, "totalOtherIncomeExpensesNet": -5156000, "incomeBeforeTax": 13561000, "incomeBeforeTaxRatio": 0.0560142752, "incomeTaxExpense": 46015000, "netIncome": 13360000, "netIncomeRatio": 0.0551840363, "eps": 0.22, "epsdiluted": 0.22, "weightedAverageShsOut": 60733272, "weightedAverageShsOutDil": 60733272, "link": "https://www.sec.gov/Archives/edgar/data/1476204/000147620416000050/0001476204-16-000050-index.htm", "finalLink": "https://www.sec.gov/Archives/edgar/data/1476204/000147620416000050/pentr-20151231x10k.htm", "calculatedOtherExpenses": 93211000, "calculatedOperatingExpenses": 109040000, "calculatedNetInterest": -32390000, "calculatedOtherIncome": -13424000, "calculatedIncomeNonControlling": -45814000, "calculatedEbitda": 157742000}, {"date": "2014-12-31", "symbol": "PECO", "reportedCurrency": "USD", "cik": "0001476204", "fillingDate": "2015-03-09", "acceptedDate": "2015-03-09 14:04:35", "calendarYear": "2014", "period": "FY", "revenue": 188215000, "costOfRevenue": 58181000, "grossProfit": 130034000, "grossProfitRatio": 0.6908801105, "researchAndDevelopmentExpenses": 0, "generalAndAdministrativeExpenses": 36485000, "sellingAndMarketingExpenses": -27853000, "sellingGeneralAndAdministrativeExpenses": 8632000, "otherExpenses": 766000, "operatingExpenses": 87792000, "costAndExpenses": 145973000, "interestIncome": 0, "interestExpense": 20360000, "depreciationAndAmortization": 76554000, "ebitda": 165919000, "ebitdaratio": 0.8815397285, "operatingIncome": 89365000, "operatingIncomeRatio": 0.4748027522, "totalOtherIncomeExpensesNet": -44517000, "incomeBeforeTax": -22635000, "incomeBeforeTaxRatio": -0.1202614032, "incomeTaxExpense": 112000000, "netIncome": -22635000, "netIncomeRatio": -0.1202614032, "eps": -0.37, "epsdiluted": -0.37, "weightedAverageShsOut": 58038461, "weightedAverageShsOutDil": 60733272, "link": "https://www.sec.gov/Archives/edgar/data/1476204/000147620415000003/0001476204-15-000003-index.htm", "finalLink": "https://www.sec.gov/Archives/edgar/data/1476204/000147620415000003/pentr-20141231x10k.htm", "calculatedOtherExpenses": 32037000, "calculatedOperatingExpenses": 40669000, "calculatedNetInterest": -20360000, "calculatedOtherIncome": -91640000, "calculatedIncomeNonControlling": -112000000, "calculatedEbitda": 165919000}, {"date": "2013-12-31", "symbol": "PECO", "reportedCurrency": "USD", "cik": "0001476204", "fillingDate": "2014-03-13", "acceptedDate": "2014-03-13 16:54:09", "calendarYear": "2013", "period": "FY", "revenue": 73165000, "costOfRevenue": 21554000, "grossProfit": 51611000, "grossProfitRatio": 0.7054055901, "researchAndDevelopmentExpenses": 0, "generalAndAdministrativeExpenses": 4346000, "sellingAndMarketingExpenses": 0, "sellingGeneralAndAdministrativeExpenses": 4346000, "otherExpenses": 180000, "operatingExpenses": 34858000, "costAndExpenses": 56412000, "interestIncome": 0, "interestExpense": 10511000, "depreciationAndAmortization": 29242000, "ebitda": 65857000, "ebitdaratio": 0.9001161758, "operatingIncome": 36615000, "operatingIncomeRatio": 0.5004442015, "totalOtherIncomeExpensesNet": -18592000, "incomeBeforeTax": -12350000, "incomeBeforeTaxRatio": -0.1687965557, "incomeTaxExpense": 49019000, "netIncome": -12404000, "netIncomeRatio": -0.1695346135, "eps": -0.2, "epsdiluted": -0.2, "weightedAverageShsOut": 60733272, "weightedAverageShsOutDil": 60733272, "link": "https://www.sec.gov/Archives/edgar/data/1476204/000147620414000006/0001476204-14-000006-index.htm", "finalLink": "https://www.sec.gov/Archives/edgar/data/1476204/000147620414000006/pearc-20131231x10k.htm", "calculatedOtherExpenses": 10650000, "calculatedOperatingExpenses": 14996000, "calculatedNetInterest": -10511000, "calculatedOtherIncome": -38454000, "calculatedIncomeNonControlling": -48965000, "calculatedEbitda": 65857000}, {"date": "2012-12-31", "symbol": "PECO", "reportedCurrency": "USD", "cik": "0001476204", "fillingDate": "2013-03-07", "acceptedDate": "2013-03-07 17:20:58", "calendarYear": "2012", "period": "FY", "revenue": 17550000, "costOfRevenue": 3758000, "grossProfit": 13792000, "grossProfitRatio": 0.7858689459, "researchAndDevelopmentExpenses": 0, "generalAndAdministrativeExpenses": 1717000, "sellingAndMarketingExpenses": 0, "sellingGeneralAndAdministrativeExpenses": 1717000, "otherExpenses": 0, "operatingExpenses": 1717000, "costAndExpenses": 5475000, "interestIncome": 0, "interestExpense": -3020000, "depreciationAndAmortization": 8094000, "ebitda": 20169000, "ebitdaratio": 1.1492307692, "operatingIncome": 12075000, "operatingIncomeRatio": 0.688034188, "totalOtherIncomeExpensesNet": -16348000, "incomeBeforeTax": -4273000, "incomeBeforeTaxRatio": -0.2434757835, "incomeTaxExpense": 0, "netIncome": -4273000, "netIncomeRatio": -0.2434757835, "eps": -0.0007, "epsdiluted": -0.0007, "weightedAverageShsOut": 6509470000, "weightedAverageShsOutDil": 6509470000, "link": "https://www.sec.gov/Archives/edgar/data/1476204/000147620413000032/0001476204-13-000032-index.htm", "finalLink": "https://www.sec.gov/Archives/edgar/data/1476204/000147620413000032/10K2012.htm", "calculatedOtherExpenses": 0, "calculatedOperatingExpenses": 1717000, "calculatedNetInterest": 3020000, "calculatedOtherIncome": -19368000, "calculatedIncomeNonControlling": 0, "calculatedEbitda": 20169000}, {"date": "2011-12-31", "symbol": "PECO", "reportedCurrency": "USD", "cik": "0001476204", "fillingDate": "2012-03-23", "acceptedDate": "2012-03-23 14:41:46", "calendarYear": "2011", "period": "FY", "revenue": -79000, "costOfRevenue": 0, "grossProfit": -79000, "grossProfitRatio": 1, "researchAndDevelopmentExpenses": 0, "generalAndAdministrativeExpenses": 0, "sellingAndMarketingExpenses": 0, "sellingGeneralAndAdministrativeExpenses": 0, "otherExpenses": 0, "operatingExpenses": 0, "costAndExpenses": 0, "interestIncome": 0, "interestExpense": 0, "depreciationAndAmortization": 1500000, "ebitda": 1500000, "ebitdaratio": -18.9873417722, "operatingIncome": 0, "operatingIncomeRatio": 0, "totalOtherIncomeExpensesNet": 0, "incomeBeforeTax": -2364000, "incomeBeforeTaxRatio": 29.9240506329, "incomeTaxExpense": 2364000, "netIncome": -2364000, "netIncomeRatio": 29.9240506329, "eps": 0, "epsdiluted": 0, "weightedAverageShsOut": 0, "weightedAverageShsOutDil": 0, "link": "https://www.sec.gov/Archives/edgar/data/1476204/000119312512129436/0001193125-12-129436-index.htm", "finalLink": "https://www.sec.gov/Archives/edgar/data/1476204/000119312512129436/d306529d10k.htm", "calculatedOtherExpenses": -79000, "calculatedOperatingExpenses": -79000, "calculatedNetInterest": 0, "calculatedOtherIncome": -2364000, "calculatedIncomeNonControlling": -2364000, "calculatedEbitda": 1500000}]}