{"originalCurrency": "USD", "convertedCurrency": "USD", "report": [{"date": "2023-12-31", "symbol": "PEGA", "reportedCurrency": "USD", "cik": "0001013857", "fillingDate": "2024-02-14", "acceptedDate": "2024-02-14 16:06:19", "calendarYear": "2023", "period": "FY", "revenue": 1432616000, "costOfRevenue": 379853000, "grossProfit": 1052763000, "grossProfitRatio": 0.7348535825, "researchAndDevelopmentExpenses": 295512000, "generalAndAdministrativeExpenses": 96743000, "sellingAndMarketingExpenses": 559177000, "sellingGeneralAndAdministrativeExpenses": 654550000, "otherExpenses": 18693000, "operatingExpenses": 950062000, "costAndExpenses": 1329915000, "interestIncome": 9259000, "interestExpense": 6876000, "depreciationAndAmortization": 18746000, "ebitda": 121447000, "ebitdaratio": 0.084772891, "operatingIncome": 102701000, "operatingIncomeRatio": 0.0716877377, "totalOtherIncomeExpensesNet": -7261000, "incomeBeforeTax": 95440000, "incomeBeforeTaxRatio": 0.0666193872, "incomeTaxExpense": 27632000, "netIncome": 67808000, "netIncomeRatio": 0.0473315948, "eps": 0.82, "epsdiluted": 0.8, "weightedAverageShsOut": 83162000, "weightedAverageShsOutDil": 84914000, "link": "https://www.sec.gov/Archives/edgar/data/1013857/000101385724000012/0001013857-24-000012-index.htm", "finalLink": "https://www.sec.gov/Archives/edgar/data/1013857/000101385724000012/pega-20231231.htm", "calculatedOtherExpenses": 0, "calculatedOperatingExpenses": 950062000, "calculatedNetInterest": 2383000, "calculatedOtherIncome": -9644000, "calculatedIncomeNonControlling": 0, "calculatedEbitda": 121447000}, {"date": "2022-12-31", "symbol": "PEGA", "reportedCurrency": "USD", "cik": "0001013857", "fillingDate": "2023-02-15", "acceptedDate": "2023-02-15 16:09:53", "calendarYear": "2022", "period": "FY", "revenue": 1317845000, "costOfRevenue": 368635000, "grossProfit": 949210000, "grossProfitRatio": 0.7202743874, "researchAndDevelopmentExpenses": 294349000, "generalAndAdministrativeExpenses": 117734000, "sellingAndMarketingExpenses": 624789000, "sellingGeneralAndAdministrativeExpenses": 742523000, "otherExpenses": 6579000, "operatingExpenses": 1036872000, "costAndExpenses": 1405507000, "interestIncome": 1643000, "interestExpense": 7792000, "depreciationAndAmortization": 8222000, "ebitda": -79440000, "ebitdaratio": -0.0602802302, "operatingIncome": -87662000, "operatingIncomeRatio": -0.0665192037, "totalOtherIncomeExpensesNet": -74135000, "incomeBeforeTax": -161797000, "incomeBeforeTaxRatio": -0.1227739226, "incomeTaxExpense": 183785000, "netIncome": -345582000, "netIncomeRatio": -0.2622326601, "eps": -4.22, "epsdiluted": -4.22, "weightedAverageShsOut": 81947000, "weightedAverageShsOutDil": 81947000, "link": "https://www.sec.gov/Archives/edgar/data/1013857/000101385723000020/0001013857-23-000020-index.htm", "finalLink": "https://www.sec.gov/Archives/edgar/data/1013857/000101385723000020/pega-20221231.htm", "calculatedOtherExpenses": 0, "calculatedOperatingExpenses": 1036872000, "calculatedNetInterest": -6149000, "calculatedOtherIncome": -67986000, "calculatedIncomeNonControlling": 0, "calculatedEbitda": -79440000}, {"date": "2021-12-31", "symbol": "PEGA", "reportedCurrency": "USD", "cik": "0001013857", "fillingDate": "2022-02-16", "acceptedDate": "2022-02-16 16:13:13", "calendarYear": "2021", "period": "FY", "revenue": 1211653000, "costOfRevenue": 336363000, "grossProfit": 875290000, "grossProfitRatio": 0.7223932925, "researchAndDevelopmentExpenses": 260630000, "generalAndAdministrativeExpenses": 83506000, "sellingAndMarketingExpenses": 625886000, "sellingGeneralAndAdministrativeExpenses": 709392000, "otherExpenses": 89000, "operatingExpenses": 970022000, "costAndExpenses": 1306385000, "interestIncome": 704000, "interestExpense": 7956000, "depreciationAndAmortization": 793000, "ebitda": -93939000, "ebitdaratio": -0.0775296228, "operatingIncome": -94732000, "operatingIncomeRatio": -0.0781841006, "totalOtherIncomeExpensesNet": -37255000, "incomeBeforeTax": -131987000, "incomeBeforeTaxRatio": -0.1089313525, "incomeTaxExpense": -68947000, "netIncome": -63040000, "netIncomeRatio": -0.0520280972, "eps": -0.77, "epsdiluted": -0.77, "weightedAverageShsOut": 81387000, "weightedAverageShsOutDil": 81387000, "link": "https://www.sec.gov/Archives/edgar/data/1013857/000101385722000042/0001013857-22-000042-index.htm", "finalLink": "https://www.sec.gov/Archives/edgar/data/1013857/000101385722000042/pega-20211231.htm", "calculatedOtherExpenses": 0, "calculatedOperatingExpenses": 970022000, "calculatedNetInterest": -7252000, "calculatedOtherIncome": -30003000, "calculatedIncomeNonControlling": 0, "calculatedEbitda": -93939000}, {"date": "2020-12-31", "symbol": "PEGA", "reportedCurrency": "USD", "cik": "0001013857", "fillingDate": "2021-02-17", "acceptedDate": "2021-02-17 16:19:40", "calendarYear": "2020", "period": "FY", "revenue": 1017517000, "costOfRevenue": 310913000, "grossProfit": 706604000, "grossProfitRatio": 0.6944395032, "researchAndDevelopmentExpenses": 236986000, "generalAndAdministrativeExpenses": 67452000, "sellingAndMarketingExpenses": 545693000, "sellingGeneralAndAdministrativeExpenses": 613145000, "otherExpenses": 1370000, "operatingExpenses": 850131000, "costAndExpenses": 1161044000, "interestIncome": 1223000, "interestExpense": 19356000, "depreciationAndAmortization": 2593000, "ebitda": -140934000, "ebitdaratio": -0.1385077596, "operatingIncome": -143527000, "operatingIncomeRatio": -0.1410561199, "totalOtherIncomeExpensesNet": 18638000, "incomeBeforeTax": -124889000, "incomeBeforeTaxRatio": -0.1227389813, "incomeTaxExpense": -63516000, "netIncome": -61373000, "netIncomeRatio": -0.060316437, "eps": -0.76, "epsdiluted": -0.76, "weightedAverageShsOut": 80336000, "weightedAverageShsOutDil": 80336000, "link": "https://www.sec.gov/Archives/edgar/data/1013857/000101385721000032/0001013857-21-000032-index.htm", "finalLink": "https://www.sec.gov/Archives/edgar/data/1013857/000101385721000032/pega-20201231.htm", "calculatedOtherExpenses": 0, "calculatedOperatingExpenses": 850131000, "calculatedNetInterest": -18133000, "calculatedOtherIncome": 36771000, "calculatedIncomeNonControlling": 0, "calculatedEbitda": -140934000}, {"date": "2019-12-31", "symbol": "PEGA", "reportedCurrency": "USD", "cik": "0001013857", "fillingDate": "2020-02-12", "acceptedDate": "2020-02-12 16:21:30", "calendarYear": "2019", "period": "FY", "revenue": 911383000, "costOfRevenue": 310022000, "grossProfit": 601361000, "grossProfitRatio": 0.6598334619, "researchAndDevelopmentExpenses": 205210000, "generalAndAdministrativeExpenses": 56570000, "sellingAndMarketingExpenses": 474459000, "sellingGeneralAndAdministrativeExpenses": 531029000, "otherExpenses": 559000, "operatingExpenses": 736239000, "costAndExpenses": 1046261000, "interestIncome": 1808000, "interestExpense": 0, "depreciationAndAmortization": 2335000, "ebitda": -132543000, "ebitdaratio": -0.1454306258, "operatingIncome": -134878000, "operatingIncomeRatio": -0.1479926661, "totalOtherIncomeExpensesNet": 32000, "incomeBeforeTax": -134846000, "incomeBeforeTaxRatio": -0.1479575546, "incomeTaxExpense": -44413000, "netIncome": -90433000, "netIncomeRatio": -0.0992261212, "eps": -1.14, "epsdiluted": -1.14, "weightedAverageShsOut": 79055000, "weightedAverageShsOutDil": 79055000, "link": "https://www.sec.gov/Archives/edgar/data/1013857/000101385720000007/0001013857-20-000007-index.htm", "finalLink": "https://www.sec.gov/Archives/edgar/data/1013857/000101385720000007/q4201910k.htm", "calculatedOtherExpenses": 0, "calculatedOperatingExpenses": 736239000, "calculatedNetInterest": 1808000, "calculatedOtherIncome": -1776000, "calculatedIncomeNonControlling": 0, "calculatedEbitda": -132543000}, {"date": "2018-12-31", "symbol": "PEGA", "reportedCurrency": "USD", "cik": "0001013857", "fillingDate": "2019-02-20", "acceptedDate": "2019-02-20 16:11:33", "calendarYear": "2018", "period": "FY", "revenue": 891581000, "costOfRevenue": 301765000, "grossProfit": 589816000, "grossProfitRatio": 0.6615394451, "researchAndDevelopmentExpenses": 181710000, "generalAndAdministrativeExpenses": 51643000, "sellingAndMarketingExpenses": 373495000, "sellingGeneralAndAdministrativeExpenses": 425138000, "otherExpenses": 363000, "operatingExpenses": 606848000, "costAndExpenses": 908613000, "interestIncome": 2705000, "interestExpense": 0, "depreciationAndAmortization": 25295000, "ebitda": 5842000, "ebitdaratio": 0.0065524052, "operatingIncome": -17032000, "operatingIncomeRatio": -0.0191031437, "totalOtherIncomeExpensesNet": 2784000, "incomeBeforeTax": -11543000, "incomeBeforeTaxRatio": -0.0129466644, "incomeTaxExpense": -22160000, "netIncome": 10617000, "netIncomeRatio": 0.01190806, "eps": 0.13, "epsdiluted": 0.13, "weightedAverageShsOut": 83064000, "weightedAverageShsOutDil": 83064000, "link": "https://www.sec.gov/Archives/edgar/data/1013857/000101385719000005/0001013857-19-000005-index.htm", "finalLink": "https://www.sec.gov/Archives/edgar/data/1013857/000101385719000005/q42018_10k.htm", "calculatedOtherExpenses": 0, "calculatedOperatingExpenses": 606848000, "calculatedNetInterest": 2705000, "calculatedOtherIncome": 2784000, "calculatedIncomeNonControlling": 0, "calculatedEbitda": 8263000}, {"date": "2017-12-31", "symbol": "PEGA", "reportedCurrency": "USD", "cik": "0001013857", "fillingDate": "2018-02-26", "acceptedDate": "2018-02-26 16:20:12", "calendarYear": "2017", "period": "FY", "revenue": 840582000, "costOfRevenue": 279673000, "grossProfit": 560909000, "grossProfitRatio": 0.6672864753, "researchAndDevelopmentExpenses": 162886000, "generalAndAdministrativeExpenses": 52153000, "sellingAndMarketingExpenses": 307210000, "sellingGeneralAndAdministrativeExpenses": 359363000, "otherExpenses": -1391000, "operatingExpenses": 522249000, "costAndExpenses": 801922000, "interestIncome": 731000, "interestExpense": 0, "depreciationAndAmortization": 39406000, "ebitda": 78966000, "ebitdaratio": 0.0939420544, "operatingIncome": 38660000, "operatingIncomeRatio": 0.0459919437, "totalOtherIncomeExpensesNet": -2291000, "incomeBeforeTax": 37100000, "incomeBeforeTaxRatio": 0.0441360867, "incomeTaxExpense": 4166000, "netIncome": 32934000, "netIncomeRatio": 0.0391799967, "eps": 1.27, "epsdiluted": 1.19, "weightedAverageShsOut": 77431000, "weightedAverageShsOutDil": 82832000, "link": "https://www.sec.gov/Archives/edgar/data/1013857/000119312518058491/0001193125-18-058491-index.htm", "finalLink": "https://www.sec.gov/Archives/edgar/data/1013857/000119312518058491/d521822d10k.htm", "calculatedOtherExpenses": 0, "calculatedOperatingExpenses": 522249000, "calculatedNetInterest": 731000, "calculatedOtherIncome": -2291000, "calculatedIncomeNonControlling": 0, "calculatedEbitda": 78066000}, {"date": "2016-12-31", "symbol": "PEGA", "reportedCurrency": "USD", "cik": "0001013857", "fillingDate": "2017-02-24", "acceptedDate": "2017-02-24 16:06:21", "calendarYear": "2016", "period": "FY", "revenue": 750266000, "costOfRevenue": 239256000, "grossProfit": 511010000, "grossProfitRatio": 0.6811051014, "researchAndDevelopmentExpenses": 145548000, "generalAndAdministrativeExpenses": 45951000, "sellingAndMarketingExpenses": 278849000, "sellingGeneralAndAdministrativeExpenses": 324800000, "otherExpenses": -5580000, "operatingExpenses": 470348000, "costAndExpenses": 709604000, "interestIncome": 776000, "interestExpense": 0, "depreciationAndAmortization": 22370000, "ebitda": 63688000, "ebitdaratio": 0.0848872267, "operatingIncome": 37759000, "operatingIncomeRatio": 0.0503274839, "totalOtherIncomeExpensesNet": -6236000, "incomeBeforeTax": 35202000, "incomeBeforeTaxRatio": 0.0469193593, "incomeTaxExpense": 8216000, "netIncome": 26986000, "netIncomeRatio": 0.0359685765, "eps": 0.59, "epsdiluted": 0.56, "weightedAverageShsOut": 76343000, "weightedAverageShsOutDil": 79732000, "link": "https://www.sec.gov/Archives/edgar/data/1013857/000119312517056299/0001193125-17-056299-index.htm", "finalLink": "https://www.sec.gov/Archives/edgar/data/1013857/000119312517056299/d316984d10k.htm", "calculatedOtherExpenses": 2903000, "calculatedOperatingExpenses": 473251000, "calculatedNetInterest": 776000, "calculatedOtherIncome": -3333000, "calculatedIncomeNonControlling": 0, "calculatedEbitda": 60129000}, {"date": "2015-12-31", "symbol": "PEGA", "reportedCurrency": "USD", "cik": "0001013857", "fillingDate": "2016-02-25", "acceptedDate": "2016-02-25 16:21:20", "calendarYear": "2015", "period": "FY", "revenue": 682695000, "costOfRevenue": 213446000, "grossProfit": 469249000, "grossProfitRatio": 0.6873479372, "researchAndDevelopmentExpenses": 126374000, "generalAndAdministrativeExpenses": 36738000, "sellingAndMarketingExpenses": 241387000, "sellingGeneralAndAdministrativeExpenses": 278125000, "otherExpenses": -1044000, "operatingExpenses": 404499000, "costAndExpenses": 617945000, "interestIncome": 1056000, "interestExpense": 0, "depreciationAndAmortization": 23093000, "ebitda": 92100000, "ebitdaratio": 0.1349065102, "operatingIncome": 64661000, "operatingIncomeRatio": 0.0947143307, "totalOtherIncomeExpensesNet": -5301000, "incomeBeforeTax": 60505000, "incomeBeforeTaxRatio": 0.0886266927, "incomeTaxExpense": 24183000, "netIncome": 36322000, "netIncomeRatio": 0.0532038465, "eps": 0.47, "epsdiluted": 0.46, "weightedAverageShsOut": 76507000, "weightedAverageShsOutDil": 79043000, "link": "https://www.sec.gov/Archives/edgar/data/1013857/000119312516478369/0001193125-16-478369-index.htm", "finalLink": "https://www.sec.gov/Archives/edgar/data/1013857/000119312516478369/d104587d10k.htm", "calculatedOtherExpenses": 89000, "calculatedOperatingExpenses": 404588000, "calculatedNetInterest": 1056000, "calculatedOtherIncome": -5212000, "calculatedIncomeNonControlling": 0, "calculatedEbitda": 87754000}, {"date": "2014-12-31", "symbol": "PEGA", "reportedCurrency": "USD", "cik": "0001013857", "fillingDate": "2015-02-26", "acceptedDate": "2015-02-26 16:14:09", "calendarYear": "2014", "period": "FY", "revenue": 590004000, "costOfRevenue": 185094000, "grossProfit": 404910000, "grossProfitRatio": 0.6862834828, "researchAndDevelopmentExpenses": 108591000, "generalAndAdministrativeExpenses": 37442000, "sellingAndMarketingExpenses": 206658000, "sellingGeneralAndAdministrativeExpenses": 244100000, "otherExpenses": -459000, "operatingExpenses": 352691000, "costAndExpenses": 537785000, "interestIncome": 683000, "interestExpense": 0, "depreciationAndAmortization": 28290000, "ebitda": 84958000, "ebitdaratio": 0.1439956339, "operatingIncome": 51539000, "operatingIncomeRatio": 0.0873536451, "totalOtherIncomeExpensesNet": -4908000, "incomeBeforeTax": 47994000, "incomeBeforeTaxRatio": 0.0813452112, "incomeTaxExpense": 14739000, "netIncome": 33255000, "netIncomeRatio": 0.0563640247, "eps": 0.44, "epsdiluted": 0.42, "weightedAverageShsOut": 76327000, "weightedAverageShsOutDil": 78531000, "link": "https://www.sec.gov/Archives/edgar/data/1013857/000119312515065664/0001193125-15-065664-index.htm", "finalLink": "https://www.sec.gov/Archives/edgar/data/1013857/000119312515065664/d835563d10k.htm", "calculatedOtherExpenses": 680000, "calculatedOperatingExpenses": 353371000, "calculatedNetInterest": 683000, "calculatedOtherIncome": -4228000, "calculatedIncomeNonControlling": 0, "calculatedEbitda": 79829000}, {"date": "2013-12-31", "symbol": "PEGA", "reportedCurrency": "USD", "cik": "0001013857", "fillingDate": "2014-02-25", "acceptedDate": "2014-02-25 16:48:35", "calendarYear": "2013", "period": "FY", "revenue": 508954000, "costOfRevenue": 157406000, "grossProfit": 351548000, "grossProfitRatio": 0.6907264704, "researchAndDevelopmentExpenses": 79726000, "generalAndAdministrativeExpenses": 29594000, "sellingAndMarketingExpenses": 181094000, "sellingGeneralAndAdministrativeExpenses": 210688000, "otherExpenses": -635000, "operatingExpenses": 290414000, "costAndExpenses": 447820000, "interestIncome": 524000, "interestExpense": 0, "depreciationAndAmortization": 25074000, "ebitda": 90838000, "ebitdaratio": 0.178479784, "operatingIncome": 58097000, "operatingIncomeRatio": 0.1141498053, "totalOtherIncomeExpensesNet": -5265000, "incomeBeforeTax": 56393000, "incomeBeforeTaxRatio": 0.110801762, "incomeTaxExpense": 18350000, "netIncome": 38043000, "netIncomeRatio": 0.0747474231, "eps": 0.5, "epsdiluted": 0.49, "weightedAverageShsOut": 75946000, "weightedAverageShsOutDil": 77974000, "link": "https://www.sec.gov/Archives/edgar/data/1013857/000119312514067420/0001193125-14-067420-index.htm", "finalLink": "https://www.sec.gov/Archives/edgar/data/1013857/000119312514067420/d652619d10k.htm", "calculatedOtherExpenses": 3037000, "calculatedOperatingExpenses": 293451000, "calculatedNetInterest": 524000, "calculatedOtherIncome": -2228000, "calculatedIncomeNonControlling": 0, "calculatedEbitda": 83171000}, {"date": "2012-12-31", "symbol": "PEGA", "reportedCurrency": "USD", "cik": "0001013857", "fillingDate": "2013-02-20", "acceptedDate": "2013-02-20 16:41:36", "calendarYear": "2012", "period": "FY", "revenue": 461710000, "costOfRevenue": 157380000, "grossProfit": 304330000, "grossProfitRatio": 0.6591366875, "researchAndDevelopmentExpenses": 76726000, "generalAndAdministrativeExpenses": 28915000, "sellingAndMarketingExpenses": 167263000, "sellingGeneralAndAdministrativeExpenses": 196178000, "otherExpenses": -1680000, "operatingExpenses": 272904000, "costAndExpenses": 430284000, "interestIncome": 419000, "interestExpense": 0, "depreciationAndAmortization": 18566000, "ebitda": 49212000, "ebitdaratio": 0.1065863854, "operatingIncome": 31426000, "operatingIncomeRatio": 0.0680643694, "totalOtherIncomeExpensesNet": -900000, "incomeBeforeTax": 30945000, "incomeBeforeTaxRatio": 0.0670225899, "incomeTaxExpense": 9077000, "netIncome": 21868000, "netIncomeRatio": 0.0473630634, "eps": 0.29, "epsdiluted": 0.28, "weightedAverageShsOut": 75706000, "weightedAverageShsOutDil": 77718000, "link": "https://www.sec.gov/Archives/edgar/data/1013857/000119312513067337/0001193125-13-067337-index.htm", "finalLink": "https://www.sec.gov/Archives/edgar/data/1013857/000119312513067337/d453798d10k.htm", "calculatedOtherExpenses": 0, "calculatedOperatingExpenses": 272904000, "calculatedNetInterest": 419000, "calculatedOtherIncome": -900000, "calculatedIncomeNonControlling": 0, "calculatedEbitda": 49992000}, {"date": "2011-12-31", "symbol": "PEGA", "reportedCurrency": "USD", "cik": "0001013857", "fillingDate": "2012-02-29", "acceptedDate": "2012-02-29 16:43:48", "calendarYear": "2011", "period": "FY", "revenue": 416675000, "costOfRevenue": 164798000, "grossProfit": 251877000, "grossProfitRatio": 0.6044927101, "researchAndDevelopmentExpenses": 65308000, "generalAndAdministrativeExpenses": 28198000, "sellingAndMarketingExpenses": 147457000, "sellingGeneralAndAdministrativeExpenses": 175655000, "otherExpenses": 0, "operatingExpenses": 240963000, "costAndExpenses": 405761000, "interestIncome": 398000, "interestExpense": 0, "depreciationAndAmortization": 17073000, "ebitda": 28486000, "ebitdaratio": 0.0683650327, "operatingIncome": 10494000, "operatingIncomeRatio": 0.0251850963, "totalOtherIncomeExpensesNet": -499000, "incomeBeforeTax": 10813000, "incomeBeforeTaxRatio": 0.025950681, "incomeTaxExpense": 705000, "netIncome": 10108000, "netIncomeRatio": 0.0242587148, "eps": 0.14, "epsdiluted": 0.13, "weightedAverageShsOut": 74992000, "weightedAverageShsOutDil": 78808000, "link": "https://www.sec.gov/Archives/edgar/data/1013857/000119312512089352/0001193125-12-089352-index.htm", "finalLink": "https://www.sec.gov/Archives/edgar/data/1013857/000119312512089352/d272610d10k.htm", "calculatedOtherExpenses": 420000, "calculatedOperatingExpenses": 241383000, "calculatedNetInterest": 398000, "calculatedOtherIncome": -79000, "calculatedIncomeNonControlling": 0, "calculatedEbitda": 27567000}, {"date": "2010-12-31", "symbol": "PEGA", "reportedCurrency": "USD", "cik": "0001013857", "fillingDate": "2011-03-16", "acceptedDate": "2011-03-16 16:41:29", "calendarYear": "2010", "period": "FY", "revenue": 336599000, "costOfRevenue": 128734000, "grossProfit": 207865000, "grossProfitRatio": 0.6175449125, "researchAndDevelopmentExpenses": 55193000, "generalAndAdministrativeExpenses": 25034000, "sellingAndMarketingExpenses": 116230000, "sellingGeneralAndAdministrativeExpenses": 141264000, "otherExpenses": 0, "operatingExpenses": 196457000, "costAndExpenses": 325191000, "interestIncome": 883000, "interestExpense": 0, "depreciationAndAmortization": 10838000, "ebitda": 40734000, "ebitdaratio": 0.1210164023, "operatingIncome": -2580000, "operatingIncomeRatio": -0.0076649069, "totalOtherIncomeExpensesNet": -18488000, "incomeBeforeTax": -6197000, "incomeBeforeTaxRatio": -0.018410631, "incomeTaxExpense": -306000, "netIncome": -5891000, "netIncomeRatio": -0.0175015374, "eps": -0.0795, "epsdiluted": -0.0795, "weightedAverageShsOut": 74062000, "weightedAverageShsOutDil": 74062000, "link": "https://www.sec.gov/Archives/edgar/data/1013857/000119312511068758/0001193125-11-068758-index.htm", "finalLink": "https://www.sec.gov/Archives/edgar/data/1013857/000119312511068758/d10k.htm", "calculatedOtherExpenses": 13988000, "calculatedOperatingExpenses": 210445000, "calculatedNetInterest": 883000, "calculatedOtherIncome": -4500000, "calculatedIncomeNonControlling": 0, "calculatedEbitda": 8258000}, {"date": "2009-12-31", "symbol": "PEGA", "reportedCurrency": "USD", "cik": "0001013857", "fillingDate": "2010-02-22", "acceptedDate": "2010-02-22 17:27:50", "calendarYear": "2009", "period": "FY", "revenue": 264013000, "costOfRevenue": 90937000, "grossProfit": 173076000, "grossProfitRatio": 0.6555586278, "researchAndDevelopmentExpenses": 38862000, "generalAndAdministrativeExpenses": 18017000, "sellingAndMarketingExpenses": 74378000, "sellingGeneralAndAdministrativeExpenses": 92395000, "otherExpenses": 0, "operatingExpenses": 131257000, "costAndExpenses": 222194000, "interestIncome": 3491000, "interestExpense": 0, "depreciationAndAmortization": 2801000, "ebitda": 42515000, "ebitdaratio": 0.161033737, "operatingIncome": 41819000, "operatingIncomeRatio": 0.1583975032, "totalOtherIncomeExpensesNet": 2105000, "incomeBeforeTax": 47415000, "incomeBeforeTaxRatio": 0.1795934291, "incomeTaxExpense": 15203000, "netIncome": 32212000, "netIncomeRatio": 0.1220091435, "eps": 0.45, "epsdiluted": 0.43, "weightedAverageShsOut": 72416000, "weightedAverageShsOutDil": 76226000, "link": "https://www.sec.gov/Archives/edgar/data/1013857/000119312510036506/0001193125-10-036506-index.htm", "finalLink": "https://www.sec.gov/Archives/edgar/data/1013857/000119312510036506/d10k.htm", "calculatedOtherExpenses": 0, "calculatedOperatingExpenses": 131257000, "calculatedNetInterest": 3491000, "calculatedOtherIncome": 2105000, "calculatedIncomeNonControlling": 0, "calculatedEbitda": 44620000}, {"date": "2008-12-31", "symbol": "PEGA", "reportedCurrency": "USD", "cik": "0001013857", "fillingDate": "2009-03-09", "acceptedDate": "2009-03-09 17:18:54", "calendarYear": "2008", "period": "FY", "revenue": 211647000, "costOfRevenue": 81757000, "grossProfit": 129890000, "grossProfitRatio": 0.6137105652, "researchAndDevelopmentExpenses": 31472000, "generalAndAdministrativeExpenses": 20140000, "sellingAndMarketingExpenses": 63799000, "sellingGeneralAndAdministrativeExpenses": 83939000, "otherExpenses": 0, "operatingExpenses": 115411000, "costAndExpenses": 197168000, "interestIncome": 5626000, "interestExpense": 0, "depreciationAndAmortization": 2153000, "ebitda": 21065000, "ebitdaratio": 0.0995289326, "operatingIncome": 14479000, "operatingIncomeRatio": 0.0684110807, "totalOtherIncomeExpensesNet": -4433000, "incomeBeforeTax": 15672000, "incomeBeforeTaxRatio": 0.0740478249, "incomeTaxExpense": 4695000, "netIncome": 10977000, "netIncomeRatio": 0.0518646614, "eps": 0.15, "epsdiluted": 0.14, "weightedAverageShsOut": 72292000, "weightedAverageShsOutDil": 75210000, "link": "https://www.sec.gov/Archives/edgar/data/1013857/000119312509048654/0001193125-09-048654-index.htm", "finalLink": "https://www.sec.gov/Archives/edgar/data/1013857/000119312509048654/d10k.htm", "calculatedOtherExpenses": 0, "calculatedOperatingExpenses": 115411000, "calculatedNetInterest": 5626000, "calculatedOtherIncome": -4433000, "calculatedIncomeNonControlling": 0, "calculatedEbitda": 16632000}, {"date": "2007-12-31", "symbol": "PEGA", "reportedCurrency": "USD", "cik": "0001013857", "fillingDate": "2008-03-10", "acceptedDate": "2008-03-10 08:28:34", "calendarYear": "2007", "period": "FY", "revenue": 161949000, "costOfRevenue": 65202000, "grossProfit": 96747000, "grossProfitRatio": 0.5973917715, "researchAndDevelopmentExpenses": 26198000, "generalAndAdministrativeExpenses": 16855000, "sellingAndMarketingExpenses": 51743000, "sellingGeneralAndAdministrativeExpenses": 68598000, "otherExpenses": 0, "operatingExpenses": 94796000, "costAndExpenses": 159998000, "interestIncome": 0, "interestExpense": 0, "depreciationAndAmortization": 2192000, "ebitda": 4114000, "ebitdaratio": 0.025403059, "operatingIncome": 1951000, "operatingIncomeRatio": 0.0120470025, "totalOtherIncomeExpensesNet": 29000, "incomeBeforeTax": 9942000, "incomeBeforeTaxRatio": 0.0613896968, "incomeTaxExpense": 3347000, "netIncome": 6595000, "netIncomeRatio": 0.0407226967, "eps": 0.09, "epsdiluted": 0.09, "weightedAverageShsOut": 71750000, "weightedAverageShsOutDil": 74866000, "link": "https://www.sec.gov/Archives/edgar/data/1013857/000119312508050901/0001193125-08-050901-index.htm", "finalLink": "https://www.sec.gov/Archives/edgar/data/1013857/000119312508050901/d10k.htm", "calculatedOtherExpenses": 0, "calculatedOperatingExpenses": 94796000, "calculatedNetInterest": 0, "calculatedOtherIncome": 7991000, "calculatedIncomeNonControlling": 0, "calculatedEbitda": 4143000}, {"date": "2006-12-31", "symbol": "PEGA", "reportedCurrency": "USD", "cik": "0001013857", "fillingDate": "2007-05-03", "acceptedDate": "2007-05-03 06:08:25", "calendarYear": "2006", "period": "FY", "revenue": 126023000, "costOfRevenue": 53763000, "grossProfit": 72260000, "grossProfitRatio": 0.5733873975, "researchAndDevelopmentExpenses": 22707000, "generalAndAdministrativeExpenses": 12729000, "sellingAndMarketingExpenses": 43938000, "sellingGeneralAndAdministrativeExpenses": 56667000, "otherExpenses": 0, "operatingExpenses": 79374000, "costAndExpenses": 133137000, "interestIncome": 0, "interestExpense": 0, "depreciationAndAmortization": 2284000, "ebitda": -5872000, "ebitdaratio": -0.0465946692, "operatingIncome": -7114000, "operatingIncomeRatio": -0.0564500131, "totalOtherIncomeExpensesNet": 1042000, "incomeBeforeTax": 1187000, "incomeBeforeTaxRatio": 0.0094189156, "incomeTaxExpense": -655000, "netIncome": 1842000, "netIncomeRatio": 0.0146163795, "eps": 0.025, "epsdiluted": 0.025, "weightedAverageShsOut": 70458000, "weightedAverageShsOutDil": 74268000, "link": "https://www.sec.gov/Archives/edgar/data/1013857/000119312507100183/0001193125-07-100183-index.htm", "finalLink": "https://www.sec.gov/Archives/edgar/data/1013857/000119312507100183/d10k.htm", "calculatedOtherExpenses": 0, "calculatedOperatingExpenses": 79374000, "calculatedNetInterest": 0, "calculatedOtherIncome": 8301000, "calculatedIncomeNonControlling": 0, "calculatedEbitda": -4830000}, {"date": "2005-12-31", "symbol": "PEGA", "reportedCurrency": "USD", "cik": "0001013857", "fillingDate": "2006-03-07", "acceptedDate": "2006-03-07 16:50:50", "calendarYear": "2005", "period": "FY", "revenue": 102007000, "costOfRevenue": 35639000, "grossProfit": 66368000, "grossProfitRatio": 0.6506220161, "researchAndDevelopmentExpenses": 19514000, "generalAndAdministrativeExpenses": 12170000, "sellingAndMarketingExpenses": 34173000, "sellingGeneralAndAdministrativeExpenses": 46343000, "otherExpenses": 0, "operatingExpenses": 65857000, "costAndExpenses": 101496000, "interestIncome": 0, "interestExpense": 0, "depreciationAndAmortization": 1725000, "ebitda": 3616000, "ebitdaratio": 0.0354485476, "operatingIncome": 511000, "operatingIncomeRatio": 0.0050094601, "totalOtherIncomeExpensesNet": -1380000, "incomeBeforeTax": 4612000, "incomeBeforeTaxRatio": 0.0452125835, "incomeTaxExpense": -106000, "netIncome": 4718000, "netIncomeRatio": 0.0462517278, "eps": 0.075, "epsdiluted": 0.07, "weightedAverageShsOut": 71548000, "weightedAverageShsOutDil": 72924000, "link": "https://www.sec.gov/Archives/edgar/data/1013857/000119312506047234/0001193125-06-047234-index.htm", "finalLink": "https://www.sec.gov/Archives/edgar/data/1013857/000119312506047234/d10k.htm", "calculatedOtherExpenses": 0, "calculatedOperatingExpenses": 65857000, "calculatedNetInterest": 0, "calculatedOtherIncome": 4101000, "calculatedIncomeNonControlling": 0, "calculatedEbitda": 2236000}, {"date": "2004-12-31", "symbol": "PEGA", "reportedCurrency": "USD", "cik": "0001013857", "fillingDate": "2005-02-25", "acceptedDate": "2005-02-24 19:36:27", "calendarYear": "2004", "period": "FY", "revenue": 96461000, "costOfRevenue": 26496000, "grossProfit": 69965000, "grossProfitRatio": 0.7253190409, "researchAndDevelopmentExpenses": 19879000, "generalAndAdministrativeExpenses": 12253000, "sellingAndMarketingExpenses": 32089000, "sellingGeneralAndAdministrativeExpenses": 44342000, "otherExpenses": 0, "operatingExpenses": 64221000, "costAndExpenses": 90717000, "interestIncome": 0, "interestExpense": 0, "depreciationAndAmortization": 1417000, "ebitda": 6644000, "ebitdaratio": 0.0688775775, "operatingIncome": 5744000, "operatingIncomeRatio": 0.0595473818, "totalOtherIncomeExpensesNet": 517000, "incomeBeforeTax": 11129000, "incomeBeforeTaxRatio": 0.1153730523, "incomeTaxExpense": 3575000, "netIncome": 7554000, "netIncomeRatio": 0.0783114419, "eps": 0.12, "epsdiluted": 0.11, "weightedAverageShsOut": 71382000, "weightedAverageShsOutDil": 74086000, "link": "https://www.sec.gov/Archives/edgar/data/1013857/000119312505036360/0001193125-05-036360-index.htm", "finalLink": "https://www.sec.gov/Archives/edgar/data/1013857/000119312505036360/d10k.htm", "calculatedOtherExpenses": 0, "calculatedOperatingExpenses": 64221000, "calculatedNetInterest": 0, "calculatedOtherIncome": 5385000, "calculatedIncomeNonControlling": 0, "calculatedEbitda": 7161000}, {"date": "2003-12-31", "symbol": "PEGA", "reportedCurrency": "USD", "cik": "0001013857", "fillingDate": "2004-02-17", "acceptedDate": "2004-02-17 07:39:50", "calendarYear": "2003", "period": "FY", "revenue": 99313000, "costOfRevenue": 27419000, "grossProfit": 71894000, "grossProfitRatio": 0.7239132843, "researchAndDevelopmentExpenses": 21592000, "generalAndAdministrativeExpenses": 10788000, "sellingAndMarketingExpenses": 24840000, "sellingGeneralAndAdministrativeExpenses": 35628000, "otherExpenses": 0, "operatingExpenses": 57220000, "costAndExpenses": 84639000, "interestIncome": 0, "interestExpense": 0, "depreciationAndAmortization": 1496000, "ebitda": 14935000, "ebitdaratio": 0.1503831321, "operatingIncome": 14674000, "operatingIncomeRatio": 0.1477550774, "totalOtherIncomeExpensesNet": 1235000, "incomeBeforeTax": 21831000, "incomeBeforeTaxRatio": 0.2198201645, "incomeTaxExpense": 4150000, "netIncome": 17681000, "netIncomeRatio": 0.1780330873, "eps": 0.24, "epsdiluted": 0.24, "weightedAverageShsOut": 69036000, "weightedAverageShsOutDil": 71514000, "link": "https://www.sec.gov/Archives/edgar/data/1013857/000119312504024129/0001193125-04-024129-index.htm", "finalLink": "https://www.sec.gov/Archives/edgar/data/1013857/000119312504024129/d10k.htm", "calculatedOtherExpenses": 0, "calculatedOperatingExpenses": 57220000, "calculatedNetInterest": 0, "calculatedOtherIncome": 7157000, "calculatedIncomeNonControlling": 0, "calculatedEbitda": 16170000}, {"date": "2002-12-31", "symbol": "PEGA", "reportedCurrency": "USD", "cik": "0001013857", "fillingDate": "2003-03-11", "acceptedDate": "2003-03-10 18:02:35", "calendarYear": "2002", "period": "FY", "revenue": 97408000, "costOfRevenue": 31868000, "grossProfit": 65540000, "grossProfitRatio": 0.6728400131, "researchAndDevelopmentExpenses": 21284000, "generalAndAdministrativeExpenses": 9472000, "sellingAndMarketingExpenses": 23308000, "sellingGeneralAndAdministrativeExpenses": 32780000, "otherExpenses": 0, "operatingExpenses": 54064000, "costAndExpenses": 85932000, "interestIncome": 0, "interestExpense": 0, "depreciationAndAmortization": 4992000, "ebitda": 17281000, "ebitdaratio": 0.1774084264, "operatingIncome": 11476000, "operatingIncomeRatio": 0.1178137319, "totalOtherIncomeExpensesNet": -813000, "incomeBeforeTax": 17197000, "incomeBeforeTaxRatio": 0.1765460742, "incomeTaxExpense": 1900000, "netIncome": 15297000, "netIncomeRatio": 0.1570404895, "eps": 0.26, "epsdiluted": 0.24, "weightedAverageShsOut": 67670000, "weightedAverageShsOutDil": 71960000, "link": "https://www.sec.gov/Archives/edgar/data/1013857/000092701603001028/0000927016-03-001028-index.htm", "finalLink": "https://www.sec.gov/Archives/edgar/data/1013857/000092701603001028/d10k.htm", "calculatedOtherExpenses": 0, "calculatedOperatingExpenses": 54064000, "calculatedNetInterest": 0, "calculatedOtherIncome": 5721000, "calculatedIncomeNonControlling": 0, "calculatedEbitda": 16468000}, {"date": "2001-12-31", "symbol": "PEGA", "reportedCurrency": "USD", "cik": "0001013857", "fillingDate": "2002-03-28", "acceptedDate": "2002-03-28 00:00:00", "calendarYear": "2001", "period": "FY", "revenue": 92287000, "costOfRevenue": 37621000, "grossProfit": 54666000, "grossProfitRatio": 0.5923477846, "researchAndDevelopmentExpenses": 20812000, "generalAndAdministrativeExpenses": 0, "sellingAndMarketingExpenses": 0, "sellingGeneralAndAdministrativeExpenses": 27320000, "otherExpenses": 0, "operatingExpenses": 48132000, "costAndExpenses": 85753000, "interestIncome": 0, "interestExpense": 0, "depreciationAndAmortization": 6228000, "ebitda": 12747000, "ebitdaratio": 0.1381234627, "operatingIncome": 6534000, "operatingIncomeRatio": 0.0708008712, "totalOtherIncomeExpensesNet": 15000, "incomeBeforeTax": 13534000, "incomeBeforeTaxRatio": 0.1466512076, "incomeTaxExpense": 1000000, "netIncome": 12534000, "netIncomeRatio": 0.1358154453, "eps": 0.19, "epsdiluted": 0.19, "weightedAverageShsOut": 65354000, "weightedAverageShsOutDil": 66868000, "link": "https://www.sec.gov/Archives/edgar/data/1013857/000092701602001696/0000927016-02-001696-index.htm", "finalLink": "https://www.sec.gov/Archives/edgar/data/1013857/000092701602001696/d10k405.txt", "calculatedOtherExpenses": 0, "calculatedOperatingExpenses": 48132000, "calculatedNetInterest": 0, "calculatedOtherIncome": 7000000, "calculatedIncomeNonControlling": 0, "calculatedEbitda": 12762000}, {"date": "2000-12-31", "symbol": "PEGA", "reportedCurrency": "USD", "cik": "0001013857", "fillingDate": "2001-04-02", "acceptedDate": "2001-04-02 00:00:00", "calendarYear": "2000", "period": "FY", "revenue": 80806000, "costOfRevenue": 34757000, "grossProfit": 46049000, "grossProfitRatio": 0.5698710492, "researchAndDevelopmentExpenses": 15073000, "generalAndAdministrativeExpenses": 0, "sellingAndMarketingExpenses": 0, "sellingGeneralAndAdministrativeExpenses": 34476000, "otherExpenses": 6631000, "operatingExpenses": 56180000, "costAndExpenses": 90937000, "interestIncome": 0, "interestExpense": 0, "depreciationAndAmortization": 6631000, "ebitda": 12607000, "ebitdaratio": 0.1560156424, "operatingIncome": -10131000, "operatingIncomeRatio": -0.1253743534, "totalOtherIncomeExpensesNet": -16107000, "incomeBeforeTax": -20556000, "incomeBeforeTaxRatio": -0.2543870505, "incomeTaxExpense": 300000, "netIncome": -20856000, "netIncomeRatio": -0.2580996461, "eps": -0.36, "epsdiluted": -0.36, "weightedAverageShsOut": 58412000, "weightedAverageShsOutDil": 58412000, "link": "https://www.sec.gov/Archives/edgar/data/1013857/000092701601500111/0000927016-01-500111-index.htm", "finalLink": "https://www.sec.gov/Archives/edgar/data/1013857/000092701601500111/d10k405.txt", "calculatedOtherExpenses": 6631000, "calculatedOperatingExpenses": 56180000, "calculatedNetInterest": 0, "calculatedOtherIncome": -10425000, "calculatedIncomeNonControlling": 0, "calculatedEbitda": -3500000}, {"date": "1999-12-31", "symbol": "PEGA", "reportedCurrency": "USD", "cik": "0001013857", "fillingDate": "2000-04-03", "acceptedDate": "2000-04-03 00:00:00", "calendarYear": "1999", "period": "FY", "revenue": 76600000, "costOfRevenue": 28100000, "grossProfit": 48500000, "grossProfitRatio": 0.6331592689, "researchAndDevelopmentExpenses": 19800000, "generalAndAdministrativeExpenses": 0, "sellingAndMarketingExpenses": 0, "sellingGeneralAndAdministrativeExpenses": 27800000, "otherExpenses": 6800000, "operatingExpenses": 54400000, "costAndExpenses": 82500000, "interestIncome": 0, "interestExpense": 0, "depreciationAndAmortization": 6800000, "ebitda": 600000, "ebitdaratio": 0.0078328982, "operatingIncome": -5900000, "operatingIncomeRatio": -0.0770234987, "totalOtherIncomeExpensesNet": 300000, "incomeBeforeTax": -900000, "incomeBeforeTaxRatio": -0.0117493473, "incomeTaxExpense": 1500000, "netIncome": -2400000, "netIncomeRatio": -0.0313315927, "eps": -0.0415, "epsdiluted": -0.0375, "weightedAverageShsOut": 57894000, "weightedAverageShsOutDil": 64000000, "link": "https://www.sec.gov/Archives/edgar/data/1013857/000091205700015780/0000912057-00-015780-index.html", "finalLink": "https://www.sec.gov/Archives/edgar/data/1013857/000091205700015780/", "calculatedOtherExpenses": 6800000, "calculatedOperatingExpenses": 54400000, "calculatedNetInterest": 0, "calculatedOtherIncome": 5000000, "calculatedIncomeNonControlling": 0, "calculatedEbitda": 900000}, {"date": "1998-12-31", "symbol": "PEGA", "reportedCurrency": "USD", "cik": "0001013857", "fillingDate": "1999-04-16", "acceptedDate": "1999-04-16 00:00:00", "calendarYear": "1998", "period": "FY", "revenue": 60400000, "costOfRevenue": 19400000, "grossProfit": 41000000, "grossProfitRatio": 0.678807947, "researchAndDevelopmentExpenses": 23400000, "generalAndAdministrativeExpenses": 0, "sellingAndMarketingExpenses": 0, "sellingGeneralAndAdministrativeExpenses": 36300000, "otherExpenses": 5600000, "operatingExpenses": 65300000, "costAndExpenses": 84700000, "interestIncome": 0, "interestExpense": 0, "depreciationAndAmortization": 5600000, "ebitda": -23500000, "ebitdaratio": -0.3890728477, "operatingIncome": -24300000, "operatingIncomeRatio": -0.4023178808, "totalOtherIncomeExpensesNet": 4800000, "incomeBeforeTax": -19500000, "incomeBeforeTaxRatio": -0.3228476821, "incomeTaxExpense": -6400000, "netIncome": -13100000, "netIncomeRatio": -0.2168874172, "eps": -0.23, "epsdiluted": -0.23, "weightedAverageShsOut": 57208000, "weightedAverageShsOutDil": 57208000, "link": "https://www.sec.gov/Archives/edgar/data/1013857/000102986999000442/0001029869-99-000442-index.html", "finalLink": "https://www.sec.gov/Archives/edgar/data/1013857/", "calculatedOtherExpenses": 5600000, "calculatedOperatingExpenses": 65300000, "calculatedNetInterest": 0, "calculatedOtherIncome": 4800000, "calculatedIncomeNonControlling": 0, "calculatedEbitda": -18700000}, {"date": "1997-12-31", "symbol": "PEGA", "reportedCurrency": "USD", "cik": "0001013857", "fillingDate": "1998-04-15", "acceptedDate": "1998-04-15 00:00:00", "calendarYear": "1997", "period": "FY", "revenue": 44400000, "costOfRevenue": 8800000, "grossProfit": 35600000, "grossProfitRatio": 0.8018018018, "researchAndDevelopmentExpenses": 15100000, "generalAndAdministrativeExpenses": 0, "sellingAndMarketingExpenses": 0, "sellingGeneralAndAdministrativeExpenses": 20600000, "otherExpenses": 3200000, "operatingExpenses": 38900000, "costAndExpenses": 47700000, "interestIncome": 0, "interestExpense": 0, "depreciationAndAmortization": 3200000, "ebitda": -5200000, "ebitdaratio": -0.1171171171, "operatingIncome": -3300000, "operatingIncomeRatio": -0.0743243243, "totalOtherIncomeExpensesNet": 5100000, "incomeBeforeTax": 1800000, "incomeBeforeTaxRatio": 0.0405405405, "incomeTaxExpense": 700000, "netIncome": 1100000, "netIncomeRatio": 0.0247747748, "eps": 0.02, "epsdiluted": 0.02, "weightedAverageShsOut": 55000000, "weightedAverageShsOutDil": 55000000, "link": "https://www.sec.gov/Archives/edgar/data/1013857/000102986998000508/0001029869-98-000508-index.html", "finalLink": "https://www.sec.gov/Archives/edgar/data/1013857/", "calculatedOtherExpenses": 3200000, "calculatedOperatingExpenses": 38900000, "calculatedNetInterest": 0, "calculatedOtherIncome": 5100000, "calculatedIncomeNonControlling": 0, "calculatedEbitda": -100000}, {"date": "1996-12-31", "symbol": "PEGA", "reportedCurrency": "USD", "cik": "0001013857", "fillingDate": "1997-03-31", "acceptedDate": "1997-03-31 00:00:00", "calendarYear": "1996", "period": "FY", "revenue": 33500000, "costOfRevenue": 5900000, "grossProfit": 27600000, "grossProfitRatio": 0.823880597, "researchAndDevelopmentExpenses": 8200000, "generalAndAdministrativeExpenses": 0, "sellingAndMarketingExpenses": 0, "sellingGeneralAndAdministrativeExpenses": 7900000, "otherExpenses": 1600000, "operatingExpenses": 17700000, "costAndExpenses": 23600000, "interestIncome": 0, "interestExpense": 0, "depreciationAndAmortization": 1600000, "ebitda": 9300000, "ebitdaratio": 0.2776119403, "operatingIncome": 9900000, "operatingIncomeRatio": 0.2955223881, "totalOtherIncomeExpensesNet": 2200000, "incomeBeforeTax": 12100000, "incomeBeforeTaxRatio": 0.3611940299, "incomeTaxExpense": 4600000, "netIncome": 7500000, "netIncomeRatio": 0.223880597, "eps": 0.14, "epsdiluted": 0.14, "weightedAverageShsOut": 52794000, "weightedAverageShsOutDil": 55384615, "link": "https://www.sec.gov/Archives/edgar/data/1013857/000102986997000410/0001029869-97-000410-index.html", "finalLink": "https://www.sec.gov/Archives/edgar/data/1013857/", "calculatedOtherExpenses": 1600000, "calculatedOperatingExpenses": 17700000, "calculatedNetInterest": 0, "calculatedOtherIncome": 2200000, "calculatedIncomeNonControlling": 0, "calculatedEbitda": 11500000}, {"date": "1995-12-31", "symbol": "PEGA", "reportedCurrency": "USD", "cik": "0001013857", "fillingDate": "1995-12-31", "acceptedDate": "1995-12-31 00:00:00", "calendarYear": "1995", "period": "FY", "revenue": 22200000, "costOfRevenue": 5300000, "grossProfit": 16900000, "grossProfitRatio": 0.7612612613, "researchAndDevelopmentExpenses": 0, "generalAndAdministrativeExpenses": 0, "sellingAndMarketingExpenses": 0, "sellingGeneralAndAdministrativeExpenses": 12200000, "otherExpenses": 1500000, "operatingExpenses": 13700000, "costAndExpenses": 19000000, "interestIncome": 0, "interestExpense": 0, "depreciationAndAmortization": 1500000, "ebitda": 3200000, "ebitdaratio": 0.1441441441, "operatingIncome": 3200000, "operatingIncomeRatio": 0.1441441441, "totalOtherIncomeExpensesNet": 1500000, "incomeBeforeTax": 4700000, "incomeBeforeTaxRatio": 0.2117117117, "incomeTaxExpense": 1800000, "netIncome": 2900000, "netIncomeRatio": 0.1306306306, "eps": 0.06, "epsdiluted": 0.06, "weightedAverageShsOut": 48333333, "weightedAverageShsOutDil": 48333333, "link": null, "finalLink": null, "calculatedOtherExpenses": 1500000, "calculatedOperatingExpenses": 13700000, "calculatedNetInterest": 0, "calculatedOtherIncome": 1500000, "calculatedIncomeNonControlling": 0, "calculatedEbitda": 4700000}]}