{"originalCurrency": "USD", "convertedCurrency": "USD", "report": [{"date": "2023-12-31", "symbol": "PEN", "reportedCurrency": "USD", "cik": "0001321732", "fillingDate": "2024-02-22", "acceptedDate": "2024-02-22 16:46:55", "calendarYear": "2023", "period": "FY", "revenue": 1058522000, "costOfRevenue": 375879000, "grossProfit": 682643000, "grossProfitRatio": 0.6449020427, "researchAndDevelopmentExpenses": 84423000, "generalAndAdministrativeExpenses": 505254000, "sellingAndMarketingExpenses": 1200000, "sellingGeneralAndAdministrativeExpenses": 506454000, "otherExpenses": 1013000, "operatingExpenses": 590877000, "costAndExpenses": 966756000, "interestIncome": 6825000, "interestExpense": 1739000, "depreciationAndAmortization": 27257000, "ebitda": 126861000, "ebitdaratio": 0.1198472965, "operatingIncome": 73551000, "operatingIncomeRatio": 0.069484621, "totalOtherIncomeExpensesNet": -17202000, "incomeBeforeTax": 79650000, "incomeBeforeTaxRatio": 0.0752464285, "incomeTaxExpense": -11304000, "netIncome": 90954000, "netIncomeRatio": 0.0859254697, "eps": 2.37, "epsdiluted": 2.32, "weightedAverageShsOut": 38401171, "weightedAverageShsOutDil": 39216564, "link": "https://www.sec.gov/Archives/edgar/data/1321732/000132173224000025/0001321732-24-000025-index.htm", "finalLink": "https://www.sec.gov/Archives/edgar/data/1321732/000132173224000025/pen-20231231.htm", "calculatedOtherExpenses": 18215000, "calculatedOperatingExpenses": 609092000, "calculatedNetInterest": 5086000, "calculatedOtherIncome": 1013000, "calculatedIncomeNonControlling": 0, "calculatedEbitda": 100808000}, {"date": "2022-12-31", "symbol": "PEN", "reportedCurrency": "USD", "cik": "0001321732", "fillingDate": "2023-02-23", "acceptedDate": "2023-02-23 16:45:50", "calendarYear": "2022", "period": "FY", "revenue": 847133000, "costOfRevenue": 311926000, "grossProfit": 535207000, "grossProfitRatio": 0.631786272, "researchAndDevelopmentExpenses": 79407000, "generalAndAdministrativeExpenses": 448618000, "sellingAndMarketingExpenses": 1100000, "sellingGeneralAndAdministrativeExpenses": 449718000, "otherExpenses": -2327000, "operatingExpenses": 529125000, "costAndExpenses": 841051000, "interestIncome": 137000, "interestExpense": 137000, "depreciationAndAmortization": 24321000, "ebitda": 6082000, "ebitdaratio": 0.0071795102, "operatingIncome": -18239000, "operatingIncomeRatio": -0.0215302674, "totalOtherIncomeExpensesNet": 22131000, "incomeBeforeTax": 3892000, "incomeBeforeTaxRatio": 0.0045943199, "incomeTaxExpense": 5894000, "netIncome": -2002000, "netIncomeRatio": -0.0023632653, "eps": -0.0529, "epsdiluted": -0.0529, "weightedAverageShsOut": 37841874, "weightedAverageShsOutDil": 37841874, "link": "https://www.sec.gov/Archives/edgar/data/1321732/000132173223000034/0001321732-23-000034-index.htm", "finalLink": "https://www.sec.gov/Archives/edgar/data/1321732/000132173223000034/pen-20221231.htm", "calculatedOtherExpenses": 24321000, "calculatedOperatingExpenses": 553446000, "calculatedNetInterest": 0, "calculatedOtherIncome": 22131000, "calculatedIncomeNonControlling": 0, "calculatedEbitda": 6082000}, {"date": "2021-12-31", "symbol": "PEN", "reportedCurrency": "USD", "cik": "0001321732", "fillingDate": "2022-02-22", "acceptedDate": "2022-02-22 16:47:02", "calendarYear": "2021", "period": "FY", "revenue": 747590000, "costOfRevenue": 272208000, "grossProfit": 475382000, "grossProfitRatio": 0.6358859803, "researchAndDevelopmentExpenses": 104552000, "generalAndAdministrativeExpenses": 377231000, "sellingAndMarketingExpenses": 1100000, "sellingGeneralAndAdministrativeExpenses": 378331000, "otherExpenses": -3939000, "operatingExpenses": 482883000, "costAndExpenses": 755091000, "interestIncome": 938000, "interestExpense": 1933000, "depreciationAndAmortization": 16408000, "ebitda": -7501000, "ebitdaratio": -0.0100335746, "operatingIncome": -7501000, "operatingIncomeRatio": -0.0100335746, "totalOtherIncomeExpensesNet": -3001000, "incomeBeforeTax": -10502000, "incomeBeforeTaxRatio": -0.014047807, "incomeTaxExpense": -13125000, "netIncome": 2623000, "netIncomeRatio": 0.0035086077, "eps": 0.0713, "epsdiluted": 0.0692, "weightedAverageShsOut": 36764290, "weightedAverageShsOutDil": 37881180, "link": "https://www.sec.gov/Archives/edgar/data/1321732/000132173222000017/0001321732-22-000017-index.htm", "finalLink": "https://www.sec.gov/Archives/edgar/data/1321732/000132173222000017/pen-20211231.htm", "calculatedOtherExpenses": 0, "calculatedOperatingExpenses": 482883000, "calculatedNetInterest": -995000, "calculatedOtherIncome": -2006000, "calculatedIncomeNonControlling": 0, "calculatedEbitda": 8907000}, {"date": "2020-12-31", "symbol": "PEN", "reportedCurrency": "USD", "cik": "0001321732", "fillingDate": "2021-02-23", "acceptedDate": "2021-02-23 17:17:25", "calendarYear": "2020", "period": "FY", "revenue": 560412000, "costOfRevenue": 222237000, "grossProfit": 338175000, "grossProfitRatio": 0.6034399692, "researchAndDevelopmentExpenses": 90049000, "generalAndAdministrativeExpenses": 286468000, "sellingAndMarketingExpenses": 600000, "sellingGeneralAndAdministrativeExpenses": 287068000, "otherExpenses": -343000, "operatingExpenses": 377117000, "costAndExpenses": 599354000, "interestIncome": 1267000, "interestExpense": 0, "depreciationAndAmortization": 12891000, "ebitda": -38942000, "ebitdaratio": -0.0694881623, "operatingIncome": -38942000, "operatingIncomeRatio": -0.0694881623, "totalOtherIncomeExpensesNet": 924000, "incomeBeforeTax": -38018000, "incomeBeforeTaxRatio": -0.0678393753, "incomeTaxExpense": -18761000, "netIncome": -19257000, "netIncomeRatio": -0.0343622192, "eps": -0.54, "epsdiluted": -0.54, "weightedAverageShsOut": 35766892, "weightedAverageShsOutDil": 35766892, "link": "https://www.sec.gov/Archives/edgar/data/1321732/000162828021002867/0001628280-21-002867-index.htm", "finalLink": "https://www.sec.gov/Archives/edgar/data/1321732/000162828021002867/pen-20201231.htm", "calculatedOtherExpenses": 0, "calculatedOperatingExpenses": 377117000, "calculatedNetInterest": 1267000, "calculatedOtherIncome": -343000, "calculatedIncomeNonControlling": 0, "calculatedEbitda": -26051000}, {"date": "2019-12-31", "symbol": "PEN", "reportedCurrency": "USD", "cik": "0001321732", "fillingDate": "2020-02-26", "acceptedDate": "2020-02-25 17:33:11", "calendarYear": "2019", "period": "FY", "revenue": 547405000, "costOfRevenue": 175441000, "grossProfit": 371964000, "grossProfitRatio": 0.6795042062, "researchAndDevelopmentExpenses": 51723000, "generalAndAdministrativeExpenses": 272233000, "sellingAndMarketingExpenses": 500000, "sellingGeneralAndAdministrativeExpenses": 272733000, "otherExpenses": -227000, "operatingExpenses": 324456000, "costAndExpenses": 499897000, "interestIncome": 2854000, "interestExpense": 0, "depreciationAndAmortization": 8104000, "ebitda": 47508000, "ebitdaratio": 0.0867876618, "operatingIncome": 47508000, "operatingIncomeRatio": 0.0867876618, "totalOtherIncomeExpensesNet": 2627000, "incomeBeforeTax": 50135000, "incomeBeforeTaxRatio": 0.091586668, "incomeTaxExpense": 3131000, "netIncome": 48458000, "netIncomeRatio": 0.0885231227, "eps": 1.39, "epsdiluted": 1.34, "weightedAverageShsOut": 34750706, "weightedAverageShsOutDil": 36265999, "link": "https://www.sec.gov/Archives/edgar/data/1321732/000132173220000047/0001321732-20-000047-index.htm", "finalLink": "https://www.sec.gov/Archives/edgar/data/1321732/000132173220000047/pen-20191231.htm", "calculatedOtherExpenses": 0, "calculatedOperatingExpenses": 324456000, "calculatedNetInterest": 2854000, "calculatedOtherIncome": -227000, "calculatedIncomeNonControlling": -1454000, "calculatedEbitda": 55612000}, {"date": "2018-12-31", "symbol": "PEN", "reportedCurrency": "USD", "cik": "0001321732", "fillingDate": "2019-02-26", "acceptedDate": "2019-02-26 17:27:42", "calendarYear": "2018", "period": "FY", "revenue": 444938000, "costOfRevenue": 152405000, "grossProfit": 292533000, "grossProfitRatio": 0.6574691305, "researchAndDevelopmentExpenses": 36165000, "generalAndAdministrativeExpenses": 226385000, "sellingAndMarketingExpenses": 0, "sellingGeneralAndAdministrativeExpenses": 226385000, "otherExpenses": -504000, "operatingExpenses": 262550000, "costAndExpenses": 414955000, "interestIncome": 0, "interestExpense": 0, "depreciationAndAmortization": 6168000, "ebitda": 60818000, "ebitdaratio": 0.1366887072, "operatingIncome": -852000, "operatingIncomeRatio": -0.0019148735, "totalOtherIncomeExpensesNet": -31339000, "incomeBeforeTax": 1608000, "incomeBeforeTaxRatio": 0.0036139867, "incomeTaxExpense": -4403000, "netIncome": 6601000, "netIncomeRatio": 0.0148357749, "eps": 0.18, "epsdiluted": 0.18, "weightedAverageShsOut": 36086821, "weightedAverageShsOutDil": 36086821, "link": "https://www.sec.gov/Archives/edgar/data/1321732/000132173219000031/0001321732-19-000031-index.htm", "finalLink": "https://www.sec.gov/Archives/edgar/data/1321732/000132173219000031/pen-123118x10k.htm", "calculatedOtherExpenses": 30835000, "calculatedOperatingExpenses": 293385000, "calculatedNetInterest": 0, "calculatedOtherIncome": 2460000, "calculatedIncomeNonControlling": -590000, "calculatedEbitda": 5316000}, {"date": "2017-12-31", "symbol": "PEN", "reportedCurrency": "USD", "cik": "0001321732", "fillingDate": "2018-02-27", "acceptedDate": "2018-02-27 17:23:10", "calendarYear": "2017", "period": "FY", "revenue": 333764000, "costOfRevenue": 116622000, "grossProfit": 217142000, "grossProfitRatio": 0.6505854436, "researchAndDevelopmentExpenses": 31661000, "generalAndAdministrativeExpenses": 184316000, "sellingAndMarketingExpenses": 0, "sellingGeneralAndAdministrativeExpenses": 184316000, "otherExpenses": -1342000, "operatingExpenses": 215977000, "costAndExpenses": 332599000, "interestIncome": 0, "interestExpense": 0, "depreciationAndAmortization": 3781000, "ebitda": 1165000, "ebitdaratio": 0.0034904903, "operatingIncome": 1165000, "operatingIncomeRatio": 0.0034904903, "totalOtherIncomeExpensesNet": -1342000, "incomeBeforeTax": 2476000, "incomeBeforeTaxRatio": 0.0074184154, "incomeTaxExpense": -3611000, "netIncome": 4657000, "netIncomeRatio": 0.0139529728, "eps": 0.14, "epsdiluted": 0.13, "weightedAverageShsOut": 32978065, "weightedAverageShsOutDil": 35319103, "link": "https://www.sec.gov/Archives/edgar/data/1321732/000132173218000038/0001321732-18-000038-index.htm", "finalLink": "https://www.sec.gov/Archives/edgar/data/1321732/000132173218000038/pen-123117x10k.htm", "calculatedOtherExpenses": 0, "calculatedOperatingExpenses": 215977000, "calculatedNetInterest": 0, "calculatedOtherIncome": 1311000, "calculatedIncomeNonControlling": 1430000, "calculatedEbitda": 4946000}, {"date": "2016-12-31", "symbol": "PEN", "reportedCurrency": "USD", "cik": "0001321732", "fillingDate": "2017-02-28", "acceptedDate": "2017-02-28 17:22:23", "calendarYear": "2016", "period": "FY", "revenue": 263317000, "costOfRevenue": 92488000, "grossProfit": 170829000, "grossProfitRatio": 0.6487579609, "researchAndDevelopmentExpenses": 23875000, "generalAndAdministrativeExpenses": 148304000, "sellingAndMarketingExpenses": 0, "sellingGeneralAndAdministrativeExpenses": 148304000, "otherExpenses": -1842000, "operatingExpenses": 172179000, "costAndExpenses": 264667000, "interestIncome": 0, "interestExpense": 0, "depreciationAndAmortization": 2297000, "ebitda": -1350000, "ebitdaratio": -0.0051269003, "operatingIncome": -1350000, "operatingIncomeRatio": -0.0051269003, "totalOtherIncomeExpensesNet": -1842000, "incomeBeforeTax": -869000, "incomeBeforeTaxRatio": -0.0033002047, "incomeTaxExpense": -15683000, "netIncome": 14814000, "netIncomeRatio": 0.0562591857, "eps": 0.49, "epsdiluted": 0.44, "weightedAverageShsOut": 30464583, "weightedAverageShsOutDil": 33478078, "link": "https://www.sec.gov/Archives/edgar/data/1321732/000132173217000084/0001321732-17-000084-index.htm", "finalLink": "https://www.sec.gov/Archives/edgar/data/1321732/000132173217000084/pen-123116x10k.htm", "calculatedOtherExpenses": 0, "calculatedOperatingExpenses": 172179000, "calculatedNetInterest": 0, "calculatedOtherIncome": 481000, "calculatedIncomeNonControlling": 0, "calculatedEbitda": 947000}, {"date": "2015-12-31", "symbol": "PEN", "reportedCurrency": "USD", "cik": "0001321732", "fillingDate": "2016-03-08", "acceptedDate": "2016-03-08 17:26:35", "calendarYear": "2015", "period": "FY", "revenue": 186095000, "costOfRevenue": 62037000, "grossProfit": 124058000, "grossProfitRatio": 0.6666380075, "researchAndDevelopmentExpenses": 18027000, "generalAndAdministrativeExpenses": 101852000, "sellingAndMarketingExpenses": 0, "sellingGeneralAndAdministrativeExpenses": 101852000, "otherExpenses": -696000, "operatingExpenses": 119879000, "costAndExpenses": 181916000, "interestIncome": 0, "interestExpense": 541000, "depreciationAndAmortization": 1752000, "ebitda": 4179000, "ebitdaratio": 0.0224562723, "operatingIncome": 4179000, "operatingIncomeRatio": 0.0224562723, "totalOtherIncomeExpensesNet": -696000, "incomeBeforeTax": 4024000, "incomeBeforeTaxRatio": 0.0216233644, "incomeTaxExpense": 1659000, "netIncome": 2365000, "netIncomeRatio": 0.0127085628, "eps": 0.09, "epsdiluted": 0.08, "weightedAverageShsOut": 11993429, "weightedAverageShsOutDil": 14219650, "link": "https://www.sec.gov/Archives/edgar/data/1321732/000162828016012417/0001628280-16-012417-index.htm", "finalLink": "https://www.sec.gov/Archives/edgar/data/1321732/000162828016012417/pen-123115x10k.htm", "calculatedOtherExpenses": 0, "calculatedOperatingExpenses": 119879000, "calculatedNetInterest": -541000, "calculatedOtherIncome": 386000, "calculatedIncomeNonControlling": 0, "calculatedEbitda": 5931000}, {"date": "2014-12-31", "symbol": "PEN", "reportedCurrency": "USD", "cik": "0001321732", "fillingDate": "2014-12-31", "acceptedDate": "2014-12-30 19:00:00", "calendarYear": "2014", "period": "FY", "revenue": 125510000, "costOfRevenue": 42668000, "grossProfit": 82842000, "grossProfitRatio": 0.6600430245, "researchAndDevelopmentExpenses": 15575000, "generalAndAdministrativeExpenses": 0, "sellingAndMarketingExpenses": 0, "sellingGeneralAndAdministrativeExpenses": 64258000, "otherExpenses": -309000, "operatingExpenses": 79833000, "costAndExpenses": 122501000, "interestIncome": 0, "interestExpense": 0, "depreciationAndAmortization": 751000, "ebitda": 3760000, "ebitdaratio": 0.0299577723, "operatingIncome": 3009000, "operatingIncomeRatio": 0.0239741853, "totalOtherIncomeExpensesNet": -309000, "incomeBeforeTax": 3139000, "incomeBeforeTaxRatio": 0.0250099594, "incomeTaxExpense": 894000, "netIncome": 2245000, "netIncomeRatio": 0.017887021, "eps": -0.034, "epsdiluted": -0.034, "weightedAverageShsOut": 24510785, "weightedAverageShsOutDil": 24510785, "link": "", "finalLink": "", "calculatedOtherExpenses": 0, "calculatedOperatingExpenses": 79833000, "calculatedNetInterest": 0, "calculatedOtherIncome": 130000, "calculatedIncomeNonControlling": 0, "calculatedEbitda": 3760000}, {"date": "2013-12-31", "symbol": "PEN", "reportedCurrency": "USD", "cik": "0001321732", "fillingDate": "2013-12-31", "acceptedDate": "2013-12-30 19:00:00", "calendarYear": "2013", "period": "FY", "revenue": 88848000, "costOfRevenue": 30972000, "grossProfit": 57876000, "grossProfitRatio": 0.6514046461, "researchAndDevelopmentExpenses": 14084000, "generalAndAdministrativeExpenses": 0, "sellingAndMarketingExpenses": 0, "sellingGeneralAndAdministrativeExpenses": 44918000, "otherExpenses": -474000, "operatingExpenses": 59002000, "costAndExpenses": 89974000, "interestIncome": 0, "interestExpense": 0, "depreciationAndAmortization": 677000, "ebitda": -449000, "ebitdaratio": -0.0050535746, "operatingIncome": -1126000, "operatingIncomeRatio": -0.0126733297, "totalOtherIncomeExpensesNet": -474000, "incomeBeforeTax": -1255000, "incomeBeforeTaxRatio": -0.0141252476, "incomeTaxExpense": -5354000, "netIncome": 4099000, "netIncomeRatio": 0.0461349721, "eps": 0.0362, "epsdiluted": 0.0362, "weightedAverageShsOut": 24510785, "weightedAverageShsOutDil": 24510785, "link": "", "finalLink": "", "calculatedOtherExpenses": 0, "calculatedOperatingExpenses": 59002000, "calculatedNetInterest": 0, "calculatedOtherIncome": -129000, "calculatedIncomeNonControlling": 0, "calculatedEbitda": -449000}, {"date": "2012-12-31", "symbol": "PEN", "reportedCurrency": "USD", "cik": "0001321732", "fillingDate": "2012-12-31", "acceptedDate": "2012-12-30 19:00:00", "calendarYear": "2012", "period": "FY", "revenue": 73141000, "costOfRevenue": 24178000, "grossProfit": 48963000, "grossProfitRatio": 0.6694330129, "researchAndDevelopmentExpenses": 12548000, "generalAndAdministrativeExpenses": 0, "sellingAndMarketingExpenses": 0, "sellingGeneralAndAdministrativeExpenses": 32987000, "otherExpenses": 220000, "operatingExpenses": 45535000, "costAndExpenses": 69713000, "interestIncome": 0, "interestExpense": 0, "depreciationAndAmortization": 0, "ebitda": 3428000, "ebitdaratio": 0.0468683775, "operatingIncome": 3428000, "operatingIncomeRatio": 0.0468683775, "totalOtherIncomeExpensesNet": 220000, "incomeBeforeTax": 3892000, "incomeBeforeTaxRatio": 0.0532122886, "incomeTaxExpense": 1934000, "netIncome": 1958000, "netIncomeRatio": 0.026770211, "eps": 0.0799, "epsdiluted": 0.0799, "weightedAverageShsOut": 24510785, "weightedAverageShsOutDil": 24510785, "link": "", "finalLink": "", "calculatedOtherExpenses": 0, "calculatedOperatingExpenses": 45535000, "calculatedNetInterest": 0, "calculatedOtherIncome": 464000, "calculatedIncomeNonControlling": 0, "calculatedEbitda": 3428000}]}