{"originalCurrency": "USD", "convertedCurrency": "USD", "report": [{"date": "2023-12-30", "symbol": "PEP", "reportedCurrency": "USD", "cik": "0000077476", "fillingDate": "2024-02-09", "acceptedDate": "2024-02-08 17:58:51", "calendarYear": "2023", "period": "FY", "revenue": 91468000000, "costOfRevenue": 41640000000, "grossProfit": 49828000000, "grossProfitRatio": 0.5447588228, "researchAndDevelopmentExpenses": 804000000, "generalAndAdministrativeExpenses": 13837000000, "sellingAndMarketingExpenses": 21100000000, "sellingGeneralAndAdministrativeExpenses": 34937000000, "otherExpenses": 250000000, "operatingExpenses": 35741000000, "costAndExpenses": 77381000000, "interestIncome": 0, "interestExpense": 850000000, "depreciationAndAmortization": 2948000000, "ebitda": 17035000000, "ebitdaratio": 0.1862399965, "operatingIncome": 14087000000, "operatingIncomeRatio": 0.1540101456, "totalOtherIncomeExpensesNet": -2670000000, "incomeBeforeTax": 11417000000, "incomeBeforeTaxRatio": 0.124819609, "incomeTaxExpense": 2262000000, "netIncome": 9074000000, "netIncomeRatio": 0.0992040932, "eps": 6.59, "epsdiluted": 6.56, "weightedAverageShsOut": 1376000000, "weightedAverageShsOutDil": 1383000000, "link": "https://www.sec.gov/Archives/edgar/data/77476/000007747624000008/0000077476-24-000008-index.htm", "finalLink": "https://www.sec.gov/Archives/edgar/data/77476/000007747624000008/pep-20231230.htm", "calculatedOtherExpenses": 0, "calculatedOperatingExpenses": 35741000000, "calculatedNetInterest": -850000000, "calculatedOtherIncome": -1820000000, "calculatedIncomeNonControlling": 81000000, "calculatedEbitda": 17035000000}, {"date": "2022-12-31", "symbol": "PEP", "reportedCurrency": "USD", "cik": "0000077476", "fillingDate": "2023-02-09", "acceptedDate": "2023-02-08 18:06:37", "calendarYear": "2022", "period": "FY", "revenue": 86403000000, "costOfRevenue": 40281000000, "grossProfit": 46122000000, "grossProfitRatio": 0.5338009097, "researchAndDevelopmentExpenses": 771000000, "generalAndAdministrativeExpenses": 13285000000, "sellingAndMarketingExpenses": 20200000000, "sellingGeneralAndAdministrativeExpenses": 33485000000, "otherExpenses": 132000000, "operatingExpenses": 34256000000, "costAndExpenses": 74537000000, "interestIncome": 780000000, "interestExpense": 780000000, "depreciationAndAmortization": 2763000000, "ebitda": 14629000000, "ebitdaratio": 0.1693112508, "operatingIncome": 11866000000, "operatingIncomeRatio": 0.1373331944, "totalOtherIncomeExpensesNet": -1161000000, "incomeBeforeTax": 10705000000, "incomeBeforeTaxRatio": 0.123896161, "incomeTaxExpense": 1727000000, "netIncome": 8910000000, "netIncomeRatio": 0.1031214194, "eps": 6.46, "epsdiluted": 6.42, "weightedAverageShsOut": 1380000000, "weightedAverageShsOutDil": 1387000000, "link": "https://www.sec.gov/Archives/edgar/data/77476/000007747623000007/0000077476-23-000007-index.htm", "finalLink": "https://www.sec.gov/Archives/edgar/data/77476/000007747623000007/pep-20221231.htm", "calculatedOtherExpenses": 0, "calculatedOperatingExpenses": 34256000000, "calculatedNetInterest": 0, "calculatedOtherIncome": -1161000000, "calculatedIncomeNonControlling": 68000000, "calculatedEbitda": 14629000000}, {"date": "2021-12-25", "symbol": "PEP", "reportedCurrency": "USD", "cik": "0000077476", "fillingDate": "2022-02-10", "acceptedDate": "2022-02-09 18:03:39", "calendarYear": "2021", "period": "FY", "revenue": 79468000000, "costOfRevenue": 36932000000, "grossProfit": 42536000000, "grossProfitRatio": 0.5352594755, "researchAndDevelopmentExpenses": 752000000, "generalAndAdministrativeExpenses": 11537000000, "sellingAndMarketingExpenses": 18800000000, "sellingGeneralAndAdministrativeExpenses": 30337000000, "otherExpenses": 522000000, "operatingExpenses": 31089000000, "costAndExpenses": 68021000000, "interestIncome": 1799000000, "interestExpense": 1743000000, "depreciationAndAmortization": 2710000000, "ebitda": 14157000000, "ebitdaratio": 0.1781471787, "operatingIncome": 11447000000, "operatingIncomeRatio": 0.1440454019, "totalOtherIncomeExpensesNet": -1626000000, "incomeBeforeTax": 9821000000, "incomeBeforeTaxRatio": 0.1235843358, "incomeTaxExpense": 2142000000, "netIncome": 7618000000, "netIncomeRatio": 0.0958624855, "eps": 5.51, "epsdiluted": 5.48, "weightedAverageShsOut": 1382000000, "weightedAverageShsOutDil": 1389000000, "link": "https://www.sec.gov/Archives/edgar/data/77476/000007747622000010/0000077476-22-000010-index.htm", "finalLink": "https://www.sec.gov/Archives/edgar/data/77476/000007747622000010/pep-20211225.htm", "calculatedOtherExpenses": 0, "calculatedOperatingExpenses": 31089000000, "calculatedNetInterest": 56000000, "calculatedOtherIncome": -1682000000, "calculatedIncomeNonControlling": 61000000, "calculatedEbitda": 14157000000}, {"date": "2020-12-26", "symbol": "PEP", "reportedCurrency": "USD", "cik": "0000077476", "fillingDate": "2021-02-11", "acceptedDate": "2021-02-10 17:41:49", "calendarYear": "2020", "period": "FY", "revenue": 70372000000, "costOfRevenue": 31797000000, "grossProfit": 38575000000, "grossProfitRatio": 0.5481583584, "researchAndDevelopmentExpenses": 719000000, "generalAndAdministrativeExpenses": 11995000000, "sellingAndMarketingExpenses": 16500000000, "sellingGeneralAndAdministrativeExpenses": 28495000000, "otherExpenses": 117000000, "operatingExpenses": 28495000000, "costAndExpenses": 60292000000, "interestIncome": 1257000000, "interestExpense": 1128000000, "depreciationAndAmortization": 2665000000, "ebitda": 12745000000, "ebitdaratio": 0.1811089638, "operatingIncome": 10080000000, "operatingIncomeRatio": 0.1432387882, "totalOtherIncomeExpensesNet": -1011000000, "incomeBeforeTax": 9069000000, "incomeBeforeTaxRatio": 0.1288722787, "incomeTaxExpense": 1894000000, "netIncome": 7120000000, "netIncomeRatio": 0.1011766043, "eps": 5.14, "epsdiluted": 5.11, "weightedAverageShsOut": 1385000000, "weightedAverageShsOutDil": 1392000000, "link": "https://www.sec.gov/Archives/edgar/data/77476/000007747621000007/0000077476-21-000007-index.htm", "finalLink": "https://www.sec.gov/Archives/edgar/data/77476/000007747621000007/pep-20201226.htm", "calculatedOtherExpenses": -719000000, "calculatedOperatingExpenses": 28495000000, "calculatedNetInterest": 129000000, "calculatedOtherIncome": -1140000000, "calculatedIncomeNonControlling": 55000000, "calculatedEbitda": 12745000000}, {"date": "2019-12-28", "symbol": "PEP", "reportedCurrency": "USD", "cik": "0000077476", "fillingDate": "2020-02-13", "acceptedDate": "2020-02-13 06:09:23", "calendarYear": "2019", "period": "FY", "revenue": 67161000000, "costOfRevenue": 30132000000, "grossProfit": 37029000000, "grossProfitRatio": 0.5513467637, "researchAndDevelopmentExpenses": 711000000, "generalAndAdministrativeExpenses": 11138000000, "sellingAndMarketingExpenses": 15600000000, "sellingGeneralAndAdministrativeExpenses": 26738000000, "otherExpenses": -44000000, "operatingExpenses": 26738000000, "costAndExpenses": 56870000000, "interestIncome": 200000000, "interestExpense": 1135000000, "depreciationAndAmortization": 2588000000, "ebitda": 12879000000, "ebitdaratio": 0.1917630768, "operatingIncome": 10291000000, "operatingIncomeRatio": 0.1532288084, "totalOtherIncomeExpensesNet": -979000000, "incomeBeforeTax": 9312000000, "incomeBeforeTaxRatio": 0.1386518962, "incomeTaxExpense": 1959000000, "netIncome": 7314000000, "netIncomeRatio": 0.1089024881, "eps": 5.23, "epsdiluted": 5.2, "weightedAverageShsOut": 1399000000, "weightedAverageShsOutDil": 1407000000, "link": "https://www.sec.gov/Archives/edgar/data/77476/000007747620000015/0000077476-20-000015-index.htm", "finalLink": "https://www.sec.gov/Archives/edgar/data/77476/000007747620000015/pepsico201910-k.htm", "calculatedOtherExpenses": -711000000, "calculatedOperatingExpenses": 26738000000, "calculatedNetInterest": -935000000, "calculatedOtherIncome": -44000000, "calculatedIncomeNonControlling": 39000000, "calculatedEbitda": 12879000000}, {"date": "2018-12-29", "symbol": "PEP", "reportedCurrency": "USD", "cik": "0000077476", "fillingDate": "2019-02-15", "acceptedDate": "2019-02-15 16:23:02", "calendarYear": "2018", "period": "FY", "revenue": 64661000000, "costOfRevenue": 29381000000, "grossProfit": 35280000000, "grossProfitRatio": 0.5456148219, "researchAndDevelopmentExpenses": 680000000, "generalAndAdministrativeExpenses": 24137000000, "sellingAndMarketingExpenses": 1033000000, "sellingGeneralAndAdministrativeExpenses": 25170000000, "otherExpenses": 298000000, "operatingExpenses": 25170000000, "costAndExpenses": 54551000000, "interestIncome": 306000000, "interestExpense": 1525000000, "depreciationAndAmortization": 2399000000, "ebitda": 13113000000, "ebitdaratio": 0.2027961213, "operatingIncome": 10110000000, "operatingIncomeRatio": 0.1563539073, "totalOtherIncomeExpensesNet": 298000000, "incomeBeforeTax": 9189000000, "incomeBeforeTaxRatio": 0.1421103911, "incomeTaxExpense": -3370000000, "netIncome": 12515000000, "netIncomeRatio": 0.1935478882, "eps": 8.84, "epsdiluted": 8.78, "weightedAverageShsOut": 1415000000, "weightedAverageShsOutDil": 1425000000, "link": "https://www.sec.gov/Archives/edgar/data/77476/000007747619000017/0000077476-19-000017-index.htm", "finalLink": "https://www.sec.gov/Archives/edgar/data/77476/000007747619000017/pepsico201810-k.htm", "calculatedOtherExpenses": -680000000, "calculatedOperatingExpenses": 25170000000, "calculatedNetInterest": -1219000000, "calculatedOtherIncome": 298000000, "calculatedIncomeNonControlling": 44000000, "calculatedEbitda": 12509000000}, {"date": "2017-12-30", "symbol": "PEP", "reportedCurrency": "USD", "cik": "0000077476", "fillingDate": "2018-02-13", "acceptedDate": "2018-02-13 16:32:31", "calendarYear": "2017", "period": "FY", "revenue": 63525000000, "costOfRevenue": 28785000000, "grossProfit": 34740000000, "grossProfitRatio": 0.5468713105, "researchAndDevelopmentExpenses": 737000000, "generalAndAdministrativeExpenses": 23502000000, "sellingAndMarketingExpenses": 729000000, "sellingGeneralAndAdministrativeExpenses": 24231000000, "otherExpenses": 233000000, "operatingExpenses": 24231000000, "costAndExpenses": 53016000000, "interestIncome": 244000000, "interestExpense": 1151000000, "depreciationAndAmortization": 2369000000, "ebitda": 13122000000, "ebitdaratio": 0.2065643447, "operatingIncome": 10509000000, "operatingIncomeRatio": 0.1654309327, "totalOtherIncomeExpensesNet": -907000000, "incomeBeforeTax": 9602000000, "incomeBeforeTaxRatio": 0.1511530893, "incomeTaxExpense": 4694000000, "netIncome": 4857000000, "netIncomeRatio": 0.0764580874, "eps": 3.42, "epsdiluted": 3.38, "weightedAverageShsOut": 1420000000, "weightedAverageShsOutDil": 1438000000, "link": "https://www.sec.gov/Archives/edgar/data/77476/000007747618000012/0000077476-18-000012-index.htm", "finalLink": "https://www.sec.gov/Archives/edgar/data/77476/000007747618000012/pepsico201710-k.htm", "calculatedOtherExpenses": -737000000, "calculatedOperatingExpenses": 24231000000, "calculatedNetInterest": -907000000, "calculatedOtherIncome": 0, "calculatedIncomeNonControlling": 51000000, "calculatedEbitda": 12878000000}, {"date": "2016-12-31", "symbol": "PEP", "reportedCurrency": "USD", "cik": "0000077476", "fillingDate": "2017-02-15", "acceptedDate": "2017-02-15 16:35:15", "calendarYear": "2016", "period": "FY", "revenue": 62799000000, "costOfRevenue": 28209000000, "grossProfit": 34590000000, "grossProfitRatio": 0.5508049491, "researchAndDevelopmentExpenses": 760000000, "generalAndAdministrativeExpenses": 24735000000, "sellingAndMarketingExpenses": 13900000000, "sellingGeneralAndAdministrativeExpenses": 24735000000, "otherExpenses": -19000000, "operatingExpenses": 24805000000, "costAndExpenses": 53014000000, "interestIncome": 110000000, "interestExpense": 1342000000, "depreciationAndAmortization": 2368000000, "ebitda": 12263000000, "ebitdaratio": 0.1952738101, "operatingIncome": 9785000000, "operatingIncomeRatio": 0.155814583, "totalOtherIncomeExpensesNet": -1232000000, "incomeBeforeTax": 8553000000, "incomeBeforeTaxRatio": 0.1361964362, "incomeTaxExpense": 2174000000, "netIncome": 6329000000, "netIncomeRatio": 0.1007818596, "eps": 4.43, "epsdiluted": 4.36, "weightedAverageShsOut": 1428000000, "weightedAverageShsOutDil": 1452000000, "link": "https://www.sec.gov/Archives/edgar/data/77476/000007747617000010/0000077476-17-000010-index.htm", "finalLink": "https://www.sec.gov/Archives/edgar/data/77476/000007747617000010/pepsico201610-k.htm", "calculatedOtherExpenses": -690000000, "calculatedOperatingExpenses": 24805000000, "calculatedNetInterest": -1232000000, "calculatedOtherIncome": 0, "calculatedIncomeNonControlling": 50000000, "calculatedEbitda": 12153000000}, {"date": "2015-12-26", "symbol": "PEP", "reportedCurrency": "USD", "cik": "0000077476", "fillingDate": "2016-02-11", "acceptedDate": "2016-02-11 16:40:10", "calendarYear": "2015", "period": "FY", "revenue": 63056000000, "costOfRevenue": 28384000000, "grossProfit": 34672000000, "grossProfitRatio": 0.5498604415, "researchAndDevelopmentExpenses": 754000000, "generalAndAdministrativeExpenses": 23568000000, "sellingAndMarketingExpenses": 1317000000, "sellingGeneralAndAdministrativeExpenses": 24885000000, "otherExpenses": 0, "operatingExpenses": 24960000000, "costAndExpenses": 53344000000, "interestIncome": 59000000, "interestExpense": 970000000, "depreciationAndAmortization": 2416000000, "ebitda": 12187000000, "ebitdaratio": 0.1932726465, "operatingIncome": 8353000000, "operatingIncomeRatio": 0.1324695509, "totalOtherIncomeExpensesNet": -1359000000, "incomeBeforeTax": 7442000000, "incomeBeforeTaxRatio": 0.1180220756, "incomeTaxExpense": 1941000000, "netIncome": 5452000000, "netIncomeRatio": 0.0864628267, "eps": 3.77, "epsdiluted": 3.67, "weightedAverageShsOut": 1448000000, "weightedAverageShsOutDil": 1485000000, "link": "https://www.sec.gov/Archives/edgar/data/77476/000007747616000066/0000077476-16-000066-index.htm", "finalLink": "https://www.sec.gov/Archives/edgar/data/77476/000007747616000066/pepsico201510-k.htm", "calculatedOtherExpenses": 680000000, "calculatedOperatingExpenses": 26319000000, "calculatedNetInterest": -911000000, "calculatedOtherIncome": 0, "calculatedIncomeNonControlling": 49000000, "calculatedEbitda": 10769000000}, {"date": "2014-12-27", "symbol": "PEP", "reportedCurrency": "USD", "cik": "0000077476", "fillingDate": "2015-02-12", "acceptedDate": "2015-02-12 17:01:46", "calendarYear": "2014", "period": "FY", "revenue": 66683000000, "costOfRevenue": 30884000000, "grossProfit": 35799000000, "grossProfitRatio": 0.5368534709, "researchAndDevelopmentExpenses": 718000000, "generalAndAdministrativeExpenses": 24636000000, "sellingAndMarketingExpenses": 1490000000, "sellingGeneralAndAdministrativeExpenses": 26126000000, "otherExpenses": 0, "operatingExpenses": 26218000000, "costAndExpenses": 57102000000, "interestIncome": 85000000, "interestExpense": 909000000, "depreciationAndAmortization": 2625000000, "ebitda": 12291000000, "ebitdaratio": 0.1843198416, "operatingIncome": 9581000000, "operatingIncomeRatio": 0.1436797984, "totalOtherIncomeExpensesNet": -824000000, "incomeBeforeTax": 8757000000, "incomeBeforeTaxRatio": 0.1313228259, "incomeTaxExpense": 2199000000, "netIncome": 6513000000, "netIncomeRatio": 0.0976710706, "eps": 4.38, "epsdiluted": 4.27, "weightedAverageShsOut": 1488000000, "weightedAverageShsOutDil": 1527000000, "link": "https://www.sec.gov/Archives/edgar/data/77476/000007747615000012/0000077476-15-000012-index.htm", "finalLink": "https://www.sec.gov/Archives/edgar/data/77476/000007747615000012/pepsico201410-k.htm", "calculatedOtherExpenses": -626000000, "calculatedOperatingExpenses": 26218000000, "calculatedNetInterest": -824000000, "calculatedOtherIncome": 0, "calculatedIncomeNonControlling": 45000000, "calculatedEbitda": 12206000000}, {"date": "2013-12-28", "symbol": "PEP", "reportedCurrency": "USD", "cik": "0000077476", "fillingDate": "2014-02-14", "acceptedDate": "2014-02-14 16:26:07", "calendarYear": "2013", "period": "FY", "revenue": 66415000000, "costOfRevenue": 31243000000, "grossProfit": 35172000000, "grossProfitRatio": 0.5295791613, "researchAndDevelopmentExpenses": 665000000, "generalAndAdministrativeExpenses": 24417000000, "sellingAndMarketingExpenses": 940000000, "sellingGeneralAndAdministrativeExpenses": 25357000000, "otherExpenses": 0, "operatingExpenses": 25467000000, "costAndExpenses": 56710000000, "interestIncome": 97000000, "interestExpense": 911000000, "depreciationAndAmortization": 2663000000, "ebitda": 12465000000, "ebitdaratio": 0.1876835052, "operatingIncome": 9705000000, "operatingIncomeRatio": 0.146126628, "totalOtherIncomeExpensesNet": -814000000, "incomeBeforeTax": 8891000000, "incomeBeforeTaxRatio": 0.1338703606, "incomeTaxExpense": 2104000000, "netIncome": 6740000000, "netIncomeRatio": 0.1014830987, "eps": 4.41, "epsdiluted": 4.32, "weightedAverageShsOut": 1529000000, "weightedAverageShsOutDil": 1560000000, "link": "https://www.sec.gov/Archives/edgar/data/77476/000007747614000007/0000077476-14-000007-index.htm", "finalLink": "https://www.sec.gov/Archives/edgar/data/77476/000007747614000007/pepsico201310-k.htm", "calculatedOtherExpenses": -555000000, "calculatedOperatingExpenses": 25467000000, "calculatedNetInterest": -814000000, "calculatedOtherIncome": 0, "calculatedIncomeNonControlling": 47000000, "calculatedEbitda": 12368000000}, {"date": "2012-12-29", "symbol": "PEP", "reportedCurrency": "USD", "cik": "0000077476", "fillingDate": "2013-02-21", "acceptedDate": "2013-02-21 16:46:15", "calendarYear": "2012", "period": "FY", "revenue": 65492000000, "costOfRevenue": 31291000000, "grossProfit": 34201000000, "grossProfitRatio": 0.5222164539, "researchAndDevelopmentExpenses": 552000000, "generalAndAdministrativeExpenses": 24675000000, "sellingAndMarketingExpenses": 295000000, "sellingGeneralAndAdministrativeExpenses": 24970000000, "otherExpenses": 0, "operatingExpenses": 25089000000, "costAndExpenses": 56380000000, "interestIncome": 91000000, "interestExpense": 899000000, "depreciationAndAmortization": 2689000000, "ebitda": 11892000000, "ebitdaratio": 0.1815794295, "operatingIncome": 9112000000, "operatingIncomeRatio": 0.139131497, "totalOtherIncomeExpensesNet": -808000000, "incomeBeforeTax": 8304000000, "incomeBeforeTaxRatio": 0.1267941123, "incomeTaxExpense": 2090000000, "netIncome": 6178000000, "netIncomeRatio": 0.0943321322, "eps": 4, "epsdiluted": 3.92, "weightedAverageShsOut": 1544000000, "weightedAverageShsOutDil": 1575000000, "link": "https://www.sec.gov/Archives/edgar/data/77476/000144530513000278/0001445305-13-000278-index.htm", "finalLink": "https://www.sec.gov/Archives/edgar/data/77476/000144530513000278/pepsico201210-k.htm", "calculatedOtherExpenses": -433000000, "calculatedOperatingExpenses": 25089000000, "calculatedNetInterest": -808000000, "calculatedOtherIncome": 0, "calculatedIncomeNonControlling": 36000000, "calculatedEbitda": 11801000000}, {"date": "2011-12-31", "symbol": "PEP", "reportedCurrency": "USD", "cik": "0000077476", "fillingDate": "2012-02-27", "acceptedDate": "2012-02-27 16:50:56", "calendarYear": "2011", "period": "FY", "revenue": 66504000000, "costOfRevenue": 31593000000, "grossProfit": 34911000000, "grossProfitRatio": 0.5249458679, "researchAndDevelopmentExpenses": 0, "generalAndAdministrativeExpenses": 25145000000, "sellingAndMarketingExpenses": 0, "sellingGeneralAndAdministrativeExpenses": 25145000000, "otherExpenses": 133000000, "operatingExpenses": 25278000000, "costAndExpenses": 56871000000, "interestIncome": 57000000, "interestExpense": 856000000, "depreciationAndAmortization": 2737000000, "ebitda": 12427000000, "ebitdaratio": 0.1868609407, "operatingIncome": 9633000000, "operatingIncomeRatio": 0.1448484302, "totalOtherIncomeExpensesNet": -799000000, "incomeBeforeTax": 8834000000, "incomeBeforeTaxRatio": 0.1328341152, "incomeTaxExpense": 2372000000, "netIncome": 6443000000, "netIncomeRatio": 0.0968813906, "eps": 4.12, "epsdiluted": 4.03, "weightedAverageShsOut": 1564000000, "weightedAverageShsOutDil": 1597000000, "link": "https://www.sec.gov/Archives/edgar/data/77476/000119312512081822/0001193125-12-081822-index.htm", "finalLink": "https://www.sec.gov/Archives/edgar/data/77476/000119312512081822/d269581d10k.htm", "calculatedOtherExpenses": 133000000, "calculatedOperatingExpenses": 25278000000, "calculatedNetInterest": -799000000, "calculatedOtherIncome": 0, "calculatedIncomeNonControlling": 19000000, "calculatedEbitda": 12370000000}, {"date": "2010-12-25", "symbol": "PEP", "reportedCurrency": "USD", "cik": "0000077476", "fillingDate": "2011-02-18", "acceptedDate": "2011-02-18 16:57:00", "calendarYear": "2010", "period": "FY", "revenue": 57838000000, "costOfRevenue": 26575000000, "grossProfit": 31263000000, "grossProfitRatio": 0.5405269892, "researchAndDevelopmentExpenses": 488000000, "generalAndAdministrativeExpenses": 22326000000, "sellingAndMarketingExpenses": 488000000, "sellingGeneralAndAdministrativeExpenses": 22814000000, "otherExpenses": -371000000, "operatingExpenses": 22931000000, "costAndExpenses": 49506000000, "interestIncome": 68000000, "interestExpense": 903000000, "depreciationAndAmortization": 2327000000, "ebitda": 11462000000, "ebitdaratio": 0.1981742107, "operatingIncome": 8332000000, "operatingIncomeRatio": 0.14405754, "totalOtherIncomeExpensesNet": 735000000, "incomeBeforeTax": 8232000000, "incomeBeforeTaxRatio": 0.1423285729, "incomeTaxExpense": 1894000000, "netIncome": 6320000000, "netIncomeRatio": 0.1092707217, "eps": 3.97, "epsdiluted": 3.91, "weightedAverageShsOut": 1590000000, "weightedAverageShsOutDil": 1614000000, "link": "https://www.sec.gov/Archives/edgar/data/77476/000119312511040427/0001193125-11-040427-index.htm", "finalLink": "https://www.sec.gov/Archives/edgar/data/77476/000119312511040427/d10k.htm", "calculatedOtherExpenses": -371000000, "calculatedOperatingExpenses": 22931000000, "calculatedNetInterest": -835000000, "calculatedOtherIncome": 735000000, "calculatedIncomeNonControlling": 18000000, "calculatedEbitda": 10659000000}, {"date": "2009-12-26", "symbol": "PEP", "reportedCurrency": "USD", "cik": "0000077476", "fillingDate": "2010-02-22", "acceptedDate": "2010-02-22 16:19:59", "calendarYear": "2009", "period": "FY", "revenue": 43232000000, "costOfRevenue": 20099000000, "grossProfit": 23133000000, "grossProfitRatio": 0.5350897483, "researchAndDevelopmentExpenses": 414000000, "generalAndAdministrativeExpenses": 14612000000, "sellingAndMarketingExpenses": 414000000, "sellingGeneralAndAdministrativeExpenses": 15026000000, "otherExpenses": -351000000, "operatingExpenses": 15089000000, "costAndExpenses": 35188000000, "interestIncome": 67000000, "interestExpense": 397000000, "depreciationAndAmortization": 1635000000, "ebitda": 10111000000, "ebitdaratio": 0.2338776832, "operatingIncome": 8044000000, "operatingIncomeRatio": 0.1860658771, "totalOtherIncomeExpensesNet": 365000000, "incomeBeforeTax": 8079000000, "incomeBeforeTaxRatio": 0.1868754626, "incomeTaxExpense": 2100000000, "netIncome": 5946000000, "netIncomeRatio": 0.1375370096, "eps": 3.8, "epsdiluted": 3.77, "weightedAverageShsOut": 1557000000, "weightedAverageShsOutDil": 1577000000, "link": "https://www.sec.gov/Archives/edgar/data/77476/000119312510036385/0001193125-10-036385-index.htm", "finalLink": "https://www.sec.gov/Archives/edgar/data/77476/000119312510036385/d10k.htm", "calculatedOtherExpenses": -351000000, "calculatedOperatingExpenses": 15089000000, "calculatedNetInterest": -330000000, "calculatedOtherIncome": 365000000, "calculatedIncomeNonControlling": 33000000, "calculatedEbitda": 9679000000}, {"date": "2008-12-27", "symbol": "PEP", "reportedCurrency": "USD", "cik": "0000077476", "fillingDate": "2009-02-19", "acceptedDate": "2009-02-19 16:40:23", "calendarYear": "2008", "period": "FY", "revenue": 43251000000, "costOfRevenue": 20351000000, "grossProfit": 22900000000, "grossProfitRatio": 0.5294675268, "researchAndDevelopmentExpenses": 364000000, "generalAndAdministrativeExpenses": 15537000000, "sellingAndMarketingExpenses": 364000000, "sellingGeneralAndAdministrativeExpenses": 15901000000, "otherExpenses": -300000000, "operatingExpenses": 15677000000, "costAndExpenses": 36028000000, "interestIncome": 41000000, "interestExpense": 329000000, "depreciationAndAmortization": 1543000000, "ebitda": 8766000000, "ebitdaratio": 0.2026773947, "operatingIncome": 6935000000, "operatingIncomeRatio": 0.1603431135, "totalOtherIncomeExpensesNet": 374000000, "incomeBeforeTax": 7021000000, "incomeBeforeTaxRatio": 0.1623315068, "incomeTaxExpense": 1879000000, "netIncome": 5142000000, "netIncomeRatio": 0.1188874246, "eps": 3.31, "epsdiluted": 3.21, "weightedAverageShsOut": 1582000000, "weightedAverageShsOutDil": 1602000000, "link": "https://www.sec.gov/Archives/edgar/data/77476/000119312509033126/0001193125-09-033126-index.htm", "finalLink": "https://www.sec.gov/Archives/edgar/data/77476/000119312509033126/d10k.htm", "calculatedOtherExpenses": -300000000, "calculatedOperatingExpenses": 15965000000, "calculatedNetInterest": -288000000, "calculatedOtherIncome": 374000000, "calculatedIncomeNonControlling": 0, "calculatedEbitda": 8478000000}, {"date": "2007-12-29", "symbol": "PEP", "reportedCurrency": "USD", "cik": "0000077476", "fillingDate": "2008-02-15", "acceptedDate": "2008-02-15 15:27:59", "calendarYear": "2007", "period": "FY", "revenue": 39474000000, "costOfRevenue": 18038000000, "grossProfit": 21436000000, "grossProfitRatio": 0.543040989, "researchAndDevelopmentExpenses": 0, "generalAndAdministrativeExpenses": 14208000000, "sellingAndMarketingExpenses": 0, "sellingGeneralAndAdministrativeExpenses": 14208000000, "otherExpenses": 58000000, "operatingExpenses": 14266000000, "costAndExpenses": 32304000000, "interestIncome": 125000000, "interestExpense": -461000000, "depreciationAndAmortization": 1426000000, "ebitda": 8596000000, "ebitdaratio": 0.2177635912, "operatingIncome": 7170000000, "operatingIncomeRatio": 0.1816385469, "totalOtherIncomeExpensesNet": 560000000, "incomeBeforeTax": 7631000000, "incomeBeforeTaxRatio": 0.1933171201, "incomeTaxExpense": 1973000000, "netIncome": 5658000000, "netIncomeRatio": 0.1433348533, "eps": 3.48, "epsdiluted": 3.41, "weightedAverageShsOut": 1621000000, "weightedAverageShsOutDil": 1658000000, "link": "https://www.sec.gov/Archives/edgar/data/77476/000119312508032441/0001193125-08-032441-index.htm", "finalLink": "https://www.sec.gov/Archives/edgar/data/77476/000119312508032441/d10k.htm", "calculatedOtherExpenses": 58000000, "calculatedOperatingExpenses": 14266000000, "calculatedNetInterest": 586000000, "calculatedOtherIncome": -125000000, "calculatedIncomeNonControlling": 0, "calculatedEbitda": 8596000000}, {"date": "2006-12-30", "symbol": "PEP", "reportedCurrency": "USD", "cik": "0000077476", "fillingDate": "2007-02-20", "acceptedDate": "2007-02-20 16:57:17", "calendarYear": "2006", "period": "FY", "revenue": 35137000000, "costOfRevenue": 15762000000, "grossProfit": 19375000000, "grossProfitRatio": 0.5514130404, "researchAndDevelopmentExpenses": 0, "generalAndAdministrativeExpenses": 12774000000, "sellingAndMarketingExpenses": 0, "sellingGeneralAndAdministrativeExpenses": 12774000000, "otherExpenses": 162000000, "operatingExpenses": 12936000000, "costAndExpenses": 28698000000, "interestIncome": 173000000, "interestExpense": -550000000, "depreciationAndAmortization": 1406000000, "ebitda": 7845000000, "ebitdaratio": 0.2232689188, "operatingIncome": 6439000000, "operatingIncomeRatio": 0.1832541196, "totalOtherIncomeExpensesNet": 616000000, "incomeBeforeTax": 6989000000, "incomeBeforeTaxRatio": 0.1989071349, "incomeTaxExpense": 1347000000, "netIncome": 5642000000, "netIncomeRatio": 0.1605714774, "eps": 3.42, "epsdiluted": 3.34, "weightedAverageShsOut": 1649000000, "weightedAverageShsOutDil": 1687000000, "link": "https://www.sec.gov/Archives/edgar/data/77476/000119312507035201/0001193125-07-035201-index.htm", "finalLink": "https://www.sec.gov/Archives/edgar/data/77476/000119312507035201/d10k.htm", "calculatedOtherExpenses": 162000000, "calculatedOperatingExpenses": 12936000000, "calculatedNetInterest": 723000000, "calculatedOtherIncome": -173000000, "calculatedIncomeNonControlling": 0, "calculatedEbitda": 7845000000}, {"date": "2005-12-31", "symbol": "PEP", "reportedCurrency": "USD", "cik": "0000077476", "fillingDate": "2006-02-27", "acceptedDate": "2006-02-27 15:59:51", "calendarYear": "2005", "period": "FY", "revenue": 32562000000, "costOfRevenue": 14176000000, "grossProfit": 18386000000, "grossProfitRatio": 0.5646459063, "researchAndDevelopmentExpenses": 0, "generalAndAdministrativeExpenses": 12314000000, "sellingAndMarketingExpenses": 0, "sellingGeneralAndAdministrativeExpenses": 12314000000, "otherExpenses": 150000000, "operatingExpenses": 12464000000, "costAndExpenses": 26640000000, "interestIncome": 0, "interestExpense": -460000000, "depreciationAndAmortization": 1308000000, "ebitda": 7230000000, "ebitdaratio": 0.2220379584, "operatingIncome": 5922000000, "operatingIncomeRatio": 0.1818684356, "totalOtherIncomeExpensesNet": 557000000, "incomeBeforeTax": 6382000000, "incomeBeforeTaxRatio": 0.195995332, "incomeTaxExpense": 2304000000, "netIncome": 4078000000, "netIncomeRatio": 0.1252380075, "eps": 2.43, "epsdiluted": 2.39, "weightedAverageShsOut": 1677366255, "weightedAverageShsOutDil": 1705439331, "link": "https://www.sec.gov/Archives/edgar/data/77476/000119312506039968/0001193125-06-039968-index.htm", "finalLink": "https://www.sec.gov/Archives/edgar/data/77476/000119312506039968/d10k.htm", "calculatedOtherExpenses": 150000000, "calculatedOperatingExpenses": 12464000000, "calculatedNetInterest": 460000000, "calculatedOtherIncome": 0, "calculatedIncomeNonControlling": 0, "calculatedEbitda": 7230000000}, {"date": "2004-12-25", "symbol": "PEP", "reportedCurrency": "USD", "cik": "0000077476", "fillingDate": "2005-02-28", "acceptedDate": "2005-02-28 06:56:22", "calendarYear": "2004", "period": "FY", "revenue": 29261000000, "costOfRevenue": 13406000000, "grossProfit": 15855000000, "grossProfitRatio": 0.5418475103, "researchAndDevelopmentExpenses": 0, "generalAndAdministrativeExpenses": 10299000000, "sellingAndMarketingExpenses": 0, "sellingGeneralAndAdministrativeExpenses": 10299000000, "otherExpenses": 297000000, "operatingExpenses": 10446000000, "costAndExpenses": 23852000000, "interestIncome": 0, "interestExpense": -325000000, "depreciationAndAmortization": 1264000000, "ebitda": 6823000000, "ebitdaratio": 0.2331772667, "operatingIncome": 5259000000, "operatingIncomeRatio": 0.179727282, "totalOtherIncomeExpensesNet": 230000000, "incomeBeforeTax": 5546000000, "incomeBeforeTaxRatio": 0.1895355593, "incomeTaxExpense": 1372000000, "netIncome": 4212000000, "netIncomeRatio": 0.1439458665, "eps": 2.47, "epsdiluted": 2.44, "weightedAverageShsOut": 1696000000, "weightedAverageShsOutDil": 1725000000, "link": "https://www.sec.gov/Archives/edgar/data/77476/000119312505037811/0001193125-05-037811-index.htm", "finalLink": "https://www.sec.gov/Archives/edgar/data/77476/000119312505037811/d10k.htm", "calculatedOtherExpenses": 297000000, "calculatedOperatingExpenses": 10596000000, "calculatedNetInterest": 325000000, "calculatedOtherIncome": -38000000, "calculatedIncomeNonControlling": -38000000, "calculatedEbitda": 6523000000}, {"date": "2003-12-27", "symbol": "PEP", "reportedCurrency": "USD", "cik": "0000077476", "fillingDate": "2004-03-04", "acceptedDate": "2004-03-03 21:48:04", "calendarYear": "2003", "period": "FY", "revenue": 26971000000, "costOfRevenue": 12379000000, "grossProfit": 14592000000, "grossProfitRatio": 0.541025546, "researchAndDevelopmentExpenses": 0, "generalAndAdministrativeExpenses": 0, "sellingAndMarketingExpenses": 0, "sellingGeneralAndAdministrativeExpenses": 9460000000, "otherExpenses": 145000000, "operatingExpenses": 9605000000, "costAndExpenses": 21984000000, "interestIncome": 0, "interestExpense": -211000000, "depreciationAndAmortization": 1221000000, "ebitda": 6414000000, "ebitdaratio": 0.2378109822, "operatingIncome": 4781000000, "operatingIncomeRatio": 0.1772644692, "totalOtherIncomeExpensesNet": 117000000, "incomeBeforeTax": 4992000000, "incomeBeforeTaxRatio": 0.1850876868, "incomeTaxExpense": 1424000000, "netIncome": 3568000000, "netIncomeRatio": 0.1322902377, "eps": 2.07, "epsdiluted": 2.05, "weightedAverageShsOut": 1718000000, "weightedAverageShsOutDil": 1739000000, "link": "https://www.sec.gov/Archives/edgar/data/77476/000119312504034074/0001193125-04-034074-index.htm", "finalLink": "https://www.sec.gov/Archives/edgar/data/77476/000119312504034074/d10k.htm", "calculatedOtherExpenses": 351000000, "calculatedOperatingExpenses": 9811000000, "calculatedNetInterest": 211000000, "calculatedOtherIncome": 0, "calculatedIncomeNonControlling": 0, "calculatedEbitda": 6002000000}, {"date": "2002-12-28", "symbol": "PEP", "reportedCurrency": "USD", "cik": "0000077476", "fillingDate": "2003-03-07", "acceptedDate": "2003-03-07 08:20:26", "calendarYear": "2002", "period": "FY", "revenue": 25112000000, "costOfRevenue": 11497000000, "grossProfit": 13615000000, "grossProfitRatio": 0.5421710736, "researchAndDevelopmentExpenses": 0, "generalAndAdministrativeExpenses": 8523000000, "sellingAndMarketingExpenses": 0, "sellingGeneralAndAdministrativeExpenses": 8523000000, "otherExpenses": 362000000, "operatingExpenses": 8661000000, "costAndExpenses": 20158000000, "interestIncome": 0, "interestExpense": -138000000, "depreciationAndAmortization": 1112000000, "ebitda": 6290000000, "ebitdaratio": 0.2504778592, "operatingIncome": 4730000000, "operatingIncomeRatio": 0.1883561644, "totalOtherIncomeExpensesNet": 56000000, "incomeBeforeTax": 4868000000, "incomeBeforeTaxRatio": 0.1938515451, "incomeTaxExpense": 1555000000, "netIncome": 3000000000, "netIncomeRatio": 0.1194647977, "eps": 1.69, "epsdiluted": 1.68, "weightedAverageShsOut": 1772781065, "weightedAverageShsOutDil": 1783333333, "link": "https://www.sec.gov/Archives/edgar/data/77476/000095013003001850/0000950130-03-001850-index.htm", "finalLink": "https://www.sec.gov/Archives/edgar/data/77476/000095013003001850/d10k.htm", "calculatedOtherExpenses": 362000000, "calculatedOperatingExpenses": 8885000000, "calculatedNetInterest": 138000000, "calculatedOtherIncome": 0, "calculatedIncomeNonControlling": 313000000, "calculatedEbitda": 5842000000}, {"date": "2001-12-29", "symbol": "PEP", "reportedCurrency": "USD", "cik": "0000077476", "fillingDate": "2002-03-20", "acceptedDate": "2002-03-20 00:00:00", "calendarYear": "2001", "period": "FY", "revenue": 26935000000, "costOfRevenue": 10754000000, "grossProfit": 16181000000, "grossProfitRatio": 0.6007425283, "researchAndDevelopmentExpenses": 0, "generalAndAdministrativeExpenses": 11608000000, "sellingAndMarketingExpenses": 0, "sellingGeneralAndAdministrativeExpenses": 11608000000, "otherExpenses": 552000000, "operatingExpenses": 11773000000, "costAndExpenses": 22527000000, "interestIncome": 0, "interestExpense": -8000000, "depreciationAndAmortization": 1082000000, "ebitda": 5877000000, "ebitdaratio": 0.2181919436, "operatingIncome": 4021000000, "operatingIncomeRatio": 0.1492853165, "totalOtherIncomeExpensesNet": -227000000, "incomeBeforeTax": 4029000000, "incomeBeforeTaxRatio": 0.1495823278, "incomeTaxExpense": 1367000000, "netIncome": 2400000000, "netIncomeRatio": 0.0891033971, "eps": 1.35, "epsdiluted": 1.33, "weightedAverageShsOut": 1775555556, "weightedAverageShsOutDil": 1802255639, "link": "https://www.sec.gov/Archives/edgar/data/77476/000007747602000024/0000077476-02-000024-index.htm", "finalLink": "https://www.sec.gov/Archives/edgar/data/77476/000007747602000024/k01b.htm", "calculatedOtherExpenses": 552000000, "calculatedOperatingExpenses": 12160000000, "calculatedNetInterest": 8000000, "calculatedOtherIncome": 0, "calculatedIncomeNonControlling": 262000000, "calculatedEbitda": 5103000000}, {"date": "2000-12-30", "symbol": "PEP", "reportedCurrency": "USD", "cik": "0000077476", "fillingDate": "2001-03-15", "acceptedDate": "2001-03-15 00:00:00", "calendarYear": "2000", "period": "FY", "revenue": 20438000000, "costOfRevenue": 7121000000, "grossProfit": 13317000000, "grossProfitRatio": 0.6515803895, "researchAndDevelopmentExpenses": 0, "generalAndAdministrativeExpenses": 9132000000, "sellingAndMarketingExpenses": 0, "sellingGeneralAndAdministrativeExpenses": 9132000000, "otherExpenses": 138000000, "operatingExpenses": 10092000000, "costAndExpenses": 17213000000, "interestIncome": 0, "interestExpense": 15000000, "depreciationAndAmortization": 960000000, "ebitda": 4055000000, "ebitdaratio": 0.198404932, "operatingIncome": 3225000000, "operatingIncomeRatio": 0.1577943047, "totalOtherIncomeExpensesNet": 130000000, "incomeBeforeTax": 3210000000, "incomeBeforeTaxRatio": 0.1570603777, "incomeTaxExpense": 1027000000, "netIncome": 2543000000, "netIncomeRatio": 0.1244250905, "eps": 1.45, "epsdiluted": 1.42, "weightedAverageShsOut": 1748000000, "weightedAverageShsOutDil": 1791000000, "link": "https://www.sec.gov/Archives/edgar/data/77476/000007747601500016/0000077476-01-500016-index.htm", "finalLink": "https://www.sec.gov/Archives/edgar/data/77476/000007747601500016/k2000.htm", "calculatedOtherExpenses": 960000000, "calculatedOperatingExpenses": 10092000000, "calculatedNetInterest": -15000000, "calculatedOtherIncome": 0, "calculatedIncomeNonControlling": -360000000, "calculatedEbitda": 4185000000}, {"date": "1999-12-25", "symbol": "PEP", "reportedCurrency": "USD", "cik": "0000077476", "fillingDate": "2000-03-21", "acceptedDate": "2000-03-21 00:00:00", "calendarYear": "1999", "period": "FY", "revenue": 20367000000, "costOfRevenue": 7349000000, "grossProfit": 13018000000, "grossProfitRatio": 0.6391712083, "researchAndDevelopmentExpenses": 0, "generalAndAdministrativeExpenses": 9103000000, "sellingAndMarketingExpenses": 0, "sellingGeneralAndAdministrativeExpenses": 9103000000, "otherExpenses": 248000000, "operatingExpenses": 10135000000, "costAndExpenses": 17484000000, "interestIncome": 0, "interestExpense": -773000000, "depreciationAndAmortization": 1032000000, "ebitda": 2897000000, "ebitdaratio": 0.1422398979, "operatingIncome": 2883000000, "operatingIncomeRatio": 0.1415525114, "totalOtherIncomeExpensesNet": 1018000000, "incomeBeforeTax": 3656000000, "incomeBeforeTaxRatio": 0.1795060637, "incomeTaxExpense": 1606000000, "netIncome": 2505000000, "netIncomeRatio": 0.122993077, "eps": 1.4, "epsdiluted": 1.37, "weightedAverageShsOut": 1466000000, "weightedAverageShsOutDil": 1496000000, "link": "https://www.sec.gov/Archives/edgar/data/77476/000007747600000006/0000077476-00-000006-index.html", "finalLink": "https://www.sec.gov/Archives/edgar/data/77476/000007747600000006/", "calculatedOtherExpenses": 1032000000, "calculatedOperatingExpenses": 10135000000, "calculatedNetInterest": 773000000, "calculatedOtherIncome": 0, "calculatedIncomeNonControlling": -455000000, "calculatedEbitda": 3915000000}, {"date": "1998-12-26", "symbol": "PEP", "reportedCurrency": "USD", "cik": "0000077476", "fillingDate": "1999-03-24", "acceptedDate": "1999-03-24 00:00:00", "calendarYear": "1998", "period": "FY", "revenue": 22348000000, "costOfRevenue": 8318000000, "grossProfit": 14030000000, "grossProfitRatio": 0.6277966708, "researchAndDevelopmentExpenses": 0, "generalAndAdministrativeExpenses": 9924000000, "sellingAndMarketingExpenses": 0, "sellingGeneralAndAdministrativeExpenses": 9924000000, "otherExpenses": 510000000, "operatingExpenses": 11158000000, "costAndExpenses": 19476000000, "interestIncome": 0, "interestExpense": 823000000, "depreciationAndAmortization": 1234000000, "ebitda": 4320000000, "ebitdaratio": 0.1933058887, "operatingIncome": 2872000000, "operatingIncomeRatio": 0.1285126186, "totalOtherIncomeExpensesNet": -214000000, "incomeBeforeTax": 2263000000, "incomeBeforeTaxRatio": 0.1012618579, "incomeTaxExpense": 270000000, "netIncome": 1993000000, "netIncomeRatio": 0.0891802398, "eps": 1.35, "epsdiluted": 1.31, "weightedAverageShsOut": 1480000000, "weightedAverageShsOutDil": 1519000000, "link": "https://www.sec.gov/Archives/edgar/data/77476/000007747699000013/0000077476-99-000013-index.html", "finalLink": "https://www.sec.gov/Archives/edgar/data/77476/", "calculatedOtherExpenses": 1234000000, "calculatedOperatingExpenses": 11158000000, "calculatedNetInterest": -823000000, "calculatedOtherIncome": 214000000, "calculatedIncomeNonControlling": 0, "calculatedEbitda": 4106000000}, {"date": "1997-12-27", "symbol": "PEP", "reportedCurrency": "USD", "cik": "0000077476", "fillingDate": "1998-03-24", "acceptedDate": "1998-03-24 00:00:00", "calendarYear": "1997", "period": "FY", "revenue": 20917000000, "costOfRevenue": 7618000000, "grossProfit": 13299000000, "grossProfitRatio": 0.6357986327, "researchAndDevelopmentExpenses": 0, "generalAndAdministrativeExpenses": 9241000000, "sellingAndMarketingExpenses": 0, "sellingGeneralAndAdministrativeExpenses": 9241000000, "otherExpenses": 489000000, "operatingExpenses": 10347000000, "costAndExpenses": 17965000000, "interestIncome": 0, "interestExpense": 643000000, "depreciationAndAmortization": 1106000000, "ebitda": 4223000000, "ebitdaratio": 0.2018931969, "operatingIncome": 2952000000, "operatingIncomeRatio": 0.141129225, "totalOtherIncomeExpensesNet": -165000000, "incomeBeforeTax": 2309000000, "incomeBeforeTaxRatio": 0.1103886791, "incomeTaxExpense": 818000000, "netIncome": 2142000000, "netIncomeRatio": 0.1024047426, "eps": 1.4, "epsdiluted": 1.36, "weightedAverageShsOut": 1528000000, "weightedAverageShsOutDil": 1570000000, "link": "https://www.sec.gov/Archives/edgar/data/77476/000007747698000014/0000077476-98-000014-index.html", "finalLink": "https://www.sec.gov/Archives/edgar/data/77476/", "calculatedOtherExpenses": 1106000000, "calculatedOperatingExpenses": 10347000000, "calculatedNetInterest": -643000000, "calculatedOtherIncome": 0, "calculatedIncomeNonControlling": -651000000, "calculatedEbitda": 4058000000}, {"date": "1996-12-28", "symbol": "PEP", "reportedCurrency": "USD", "cik": "0000077476", "fillingDate": "1997-03-25", "acceptedDate": "1997-03-25 00:00:00", "calendarYear": "1996", "period": "FY", "revenue": 31645000000, "costOfRevenue": 13965000000, "grossProfit": 17680000000, "grossProfitRatio": 0.5586980566, "researchAndDevelopmentExpenses": 0, "generalAndAdministrativeExpenses": 12593000000, "sellingAndMarketingExpenses": 0, "sellingGeneralAndAdministrativeExpenses": 12593000000, "otherExpenses": 1123000000, "operatingExpenses": 14312000000, "costAndExpenses": 28277000000, "interestIncome": 0, "interestExpense": 1917000000, "depreciationAndAmortization": 1719000000, "ebitda": 5808000000, "ebitdaratio": 0.1835361036, "operatingIncome": 3368000000, "operatingIncomeRatio": 0.1064307158, "totalOtherIncomeExpensesNet": -721000000, "incomeBeforeTax": 2047000000, "incomeBeforeTaxRatio": 0.0646863644, "incomeTaxExpense": 898000000, "netIncome": 1149000000, "netIncomeRatio": 0.0363090536, "eps": 0.73, "epsdiluted": 0.72, "weightedAverageShsOut": 1564000000, "weightedAverageShsOutDil": 1606000000, "link": "https://www.sec.gov/Archives/edgar/data/77476/000007747697000007/0000077476-97-000007-index.html", "finalLink": "https://www.sec.gov/Archives/edgar/data/77476/", "calculatedOtherExpenses": 1719000000, "calculatedOperatingExpenses": 14312000000, "calculatedNetInterest": -1917000000, "calculatedOtherIncome": 596000000, "calculatedIncomeNonControlling": 0, "calculatedEbitda": 5087000000}, {"date": "1995-12-30", "symbol": "PEP", "reportedCurrency": "USD", "cik": "0000077476", "fillingDate": "1996-03-26", "acceptedDate": "1996-03-26 00:00:00", "calendarYear": "1995", "period": "FY", "revenue": 30421000000, "costOfRevenue": 13146000000, "grossProfit": 17275000000, "grossProfitRatio": 0.5678643043, "researchAndDevelopmentExpenses": 0, "generalAndAdministrativeExpenses": 11712000000, "sellingAndMarketingExpenses": 836000000, "sellingGeneralAndAdministrativeExpenses": 12548000000, "otherExpenses": 0, "operatingExpenses": 14288000000, "costAndExpenses": 27434000000, "interestIncome": 0, "interestExpense": 555000000, "depreciationAndAmortization": 1740000000, "ebitda": 4600000000, "ebitdaratio": 0.1512113343, "operatingIncome": 2987000000, "operatingIncomeRatio": 0.0981887512, "totalOtherIncomeExpensesNet": 127000000, "incomeBeforeTax": 2432000000, "incomeBeforeTaxRatio": 0.079944775, "incomeTaxExpense": 826000000, "netIncome": 1606000000, "netIncomeRatio": 0.0527924789, "eps": 1, "epsdiluted": 1, "weightedAverageShsOut": 1608000000, "weightedAverageShsOutDil": 1608000000, "link": "https://www.sec.gov/Archives/edgar/data/77476/000007747696000023/0000077476-96-000023-index.html", "finalLink": "https://www.sec.gov/Archives/edgar/data/77476/", "calculatedOtherExpenses": 1740000000, "calculatedOperatingExpenses": 14288000000, "calculatedNetInterest": -555000000, "calculatedOtherIncome": 0, "calculatedIncomeNonControlling": 0, "calculatedEbitda": 4727000000}, {"date": "1994-12-31", "symbol": "PEP", "reportedCurrency": "USD", "cik": "0000077476", "fillingDate": "1995-03-28", "acceptedDate": "1995-03-28 00:00:00", "calendarYear": "1994", "period": "FY", "revenue": 28472400000, "costOfRevenue": 12451100000, "grossProfit": 16021300000, "grossProfitRatio": 0.5626958037, "researchAndDevelopmentExpenses": 0, "generalAndAdministrativeExpenses": 0, "sellingAndMarketingExpenses": 0, "sellingGeneralAndAdministrativeExpenses": 11243600000, "otherExpenses": 1576500000, "operatingExpenses": 12820100000, "costAndExpenses": 25271200000, "interestIncome": 0, "interestExpense": 568800000, "depreciationAndAmortization": 1576500000, "ebitda": 4669500000, "ebitdaratio": 0.1640009272, "operatingIncome": 3201200000, "operatingIncomeRatio": 0.1124316882, "totalOtherIncomeExpensesNet": 108200000, "incomeBeforeTax": 2664400000, "incomeBeforeTaxRatio": 0.0935783425, "incomeTaxExpense": 880400000, "netIncome": 1752000000, "netIncomeRatio": 0.0615332743, "eps": 1.09, "epsdiluted": 1.09, "weightedAverageShsOut": 1607200000, "weightedAverageShsOutDil": 1608701299, "link": "https://www.sec.gov/Archives/edgar/data/77476/000007747695000017/0000077476-95-000017-index.html", "finalLink": "https://www.sec.gov/Archives/edgar/data/77476/", "calculatedOtherExpenses": 1576500000, "calculatedOperatingExpenses": 12820100000, "calculatedNetInterest": -568800000, "calculatedOtherIncome": 32000000, "calculatedIncomeNonControlling": 32000000, "calculatedEbitda": 4777700000}, {"date": "1993-12-31", "symbol": "PEP", "reportedCurrency": "USD", "cik": "0000077476", "fillingDate": "1993-12-31", "acceptedDate": "1993-12-30 19:00:00", "calendarYear": "1993", "period": "FY", "revenue": 25020700000, "costOfRevenue": 10805600000, "grossProfit": 14215100000, "grossProfitRatio": 0.5681335854, "researchAndDevelopmentExpenses": 0, "generalAndAdministrativeExpenses": 0, "sellingAndMarketingExpenses": 0, "sellingGeneralAndAdministrativeExpenses": 9864400000, "otherExpenses": 1444200000, "operatingExpenses": 11308600000, "costAndExpenses": 22114200000, "interestIncome": 0, "interestExpense": 484000000, "depreciationAndAmortization": 1444200000, "ebitda": 4262000000, "ebitdaratio": 0.1703389593, "operatingIncome": 2906500000, "operatingIncomeRatio": 0.1161638164, "totalOtherIncomeExpensesNet": 88700000, "incomeBeforeTax": 2422500000, "incomeBeforeTaxRatio": 0.0968198332, "incomeTaxExpense": 834600000, "netIncome": 1587900000, "netIncomeRatio": 0.0634634523, "eps": 0.71, "epsdiluted": 0.71, "weightedAverageShsOut": 1613239437, "weightedAverageShsOutDil": 1613239437, "link": "", "finalLink": "", "calculatedOtherExpenses": 1444200000, "calculatedOperatingExpenses": 11308600000, "calculatedNetInterest": -484000000, "calculatedOtherIncome": 0, "calculatedIncomeNonControlling": 0, "calculatedEbitda": 4350700000}, {"date": "1992-12-31", "symbol": "PEP", "reportedCurrency": "USD", "cik": "0000077476", "fillingDate": "1992-12-31", "acceptedDate": "1992-12-30 19:00:00", "calendarYear": "1992", "period": "FY", "revenue": 21970000000, "costOfRevenue": 9277700000, "grossProfit": 12692300000, "grossProfitRatio": 0.5777105143, "researchAndDevelopmentExpenses": 0, "generalAndAdministrativeExpenses": 0, "sellingAndMarketingExpenses": 0, "sellingGeneralAndAdministrativeExpenses": 8840300000, "otherExpenses": 1214900000, "operatingExpenses": 10055200000, "costAndExpenses": 19332900000, "interestIncome": 0, "interestExpense": 738300000, "depreciationAndAmortization": 1214900000, "ebitda": 4004200000, "ebitdaratio": 0.182257624, "operatingIncome": 2637100000, "operatingIncomeRatio": 0.1200318616, "totalOtherIncomeExpensesNet": -152200000, "incomeBeforeTax": 1898800000, "incomeBeforeTaxRatio": 0.0864269458, "incomeTaxExpense": 597100000, "netIncome": 374300000, "netIncomeRatio": 0.0170368685, "eps": 0.23, "epsdiluted": 0.23, "weightedAverageShsOut": 1627391304, "weightedAverageShsOutDil": 1627391304, "link": "", "finalLink": "", "calculatedOtherExpenses": 1214900000, "calculatedOperatingExpenses": 10055200000, "calculatedNetInterest": -738300000, "calculatedOtherIncome": 0, "calculatedIncomeNonControlling": 927400000, "calculatedEbitda": 3852000000}, {"date": "1991-12-31", "symbol": "PEP", "reportedCurrency": "USD", "cik": "0000077476", "fillingDate": "1991-12-31", "acceptedDate": "1991-12-30 19:00:00", "calendarYear": "1991", "period": "FY", "revenue": 19607900000, "costOfRevenue": 8361000000, "grossProfit": 11246900000, "grossProfitRatio": 0.5735902366, "researchAndDevelopmentExpenses": 0, "generalAndAdministrativeExpenses": 0, "sellingAndMarketingExpenses": 0, "sellingGeneralAndAdministrativeExpenses": 7880800000, "otherExpenses": 1034500000, "operatingExpenses": 8915300000, "costAndExpenses": 17276300000, "interestIncome": 0, "interestExpense": 661300000, "depreciationAndAmortization": 1034500000, "ebitda": 3411500000, "ebitdaratio": 0.1739859954, "operatingIncome": 2331600000, "operatingIncomeRatio": 0.1189112552, "totalOtherIncomeExpensesNet": -45400000, "incomeBeforeTax": 1670300000, "incomeBeforeTaxRatio": 0.085185053, "incomeTaxExpense": 590100000, "netIncome": 1080200000, "netIncomeRatio": 0.0550900402, "eps": 0.68, "epsdiluted": 0.68, "weightedAverageShsOut": 1588529412, "weightedAverageShsOutDil": 1588529412, "link": "", "finalLink": "", "calculatedOtherExpenses": 1034500000, "calculatedOperatingExpenses": 8915300000, "calculatedNetInterest": -661300000, "calculatedOtherIncome": 0, "calculatedIncomeNonControlling": 0, "calculatedEbitda": 3366100000}, {"date": "1990-12-31", "symbol": "PEP", "reportedCurrency": "USD", "cik": "0000077476", "fillingDate": "1990-12-31", "acceptedDate": "1990-12-30 19:00:00", "calendarYear": "1990", "period": "FY", "revenue": 17802700000, "costOfRevenue": 7725900000, "grossProfit": 10076800000, "grossProfitRatio": 0.5660265016, "researchAndDevelopmentExpenses": 0, "generalAndAdministrativeExpenses": 0, "sellingAndMarketingExpenses": 0, "sellingGeneralAndAdministrativeExpenses": 6948100000, "otherExpenses": 884000000, "operatingExpenses": 7832100000, "costAndExpenses": 15558000000, "interestIncome": 0, "interestExpense": 479800000, "depreciationAndAmortization": 884000000, "ebitda": 3017500000, "ebitdaratio": 0.1694967617, "operatingIncome": 2244700000, "operatingIncomeRatio": 0.1260876159, "totalOtherIncomeExpensesNet": 111200000, "incomeBeforeTax": 1667400000, "incomeBeforeTaxRatio": 0.0936599505, "incomeTaxExpense": 576800000, "netIncome": 1076900000, "netIncomeRatio": 0.0604908244, "eps": 0.68, "epsdiluted": 0.68, "weightedAverageShsOut": 1583676471, "weightedAverageShsOutDil": 1583676471, "link": "", "finalLink": "", "calculatedOtherExpenses": 884000000, "calculatedOperatingExpenses": 7832100000, "calculatedNetInterest": -479800000, "calculatedOtherIncome": -97500000, "calculatedIncomeNonControlling": 13700000, "calculatedEbitda": 3128700000}, {"date": "1989-12-31", "symbol": "PEP", "reportedCurrency": "USD", "cik": "0000077476", "fillingDate": "1989-12-31", "acceptedDate": "1989-12-30 19:00:00", "calendarYear": "1989", "period": "FY", "revenue": 15242400000, "costOfRevenue": 6695700000, "grossProfit": 8546700000, "grossProfitRatio": 0.5607187844, "researchAndDevelopmentExpenses": 0, "generalAndAdministrativeExpenses": 0, "sellingAndMarketingExpenses": 0, "sellingGeneralAndAdministrativeExpenses": 5991800000, "otherExpenses": 772000000, "operatingExpenses": 6763800000, "costAndExpenses": 13459500000, "interestIncome": 0, "interestExpense": 255200000, "depreciationAndAmortization": 772000000, "ebitda": 2377700000, "ebitdaratio": 0.1559924946, "operatingIncome": 1782900000, "operatingIncomeRatio": 0.1169697685, "totalOtherIncomeExpensesNet": 177200000, "incomeBeforeTax": 1350500000, "incomeBeforeTaxRatio": 0.0886015326, "incomeTaxExpense": 449100000, "netIncome": 901400000, "netIncomeRatio": 0.0591376686, "eps": 0.57, "epsdiluted": 0.57, "weightedAverageShsOut": 1581403509, "weightedAverageShsOutDil": 1581403509, "link": "", "finalLink": "", "calculatedOtherExpenses": 772000000, "calculatedOperatingExpenses": 6763800000, "calculatedNetInterest": -255200000, "calculatedOtherIncome": -177200000, "calculatedIncomeNonControlling": 0, "calculatedEbitda": 2554900000}, {"date": "1988-12-31", "symbol": "PEP", "reportedCurrency": "USD", "cik": "0000077476", "fillingDate": "1988-12-31", "acceptedDate": "1988-12-30 19:00:00", "calendarYear": "1988", "period": "FY", "revenue": 13007000000, "costOfRevenue": 5626500000, "grossProfit": 7380500000, "grossProfitRatio": 0.5674252326, "researchAndDevelopmentExpenses": 0, "generalAndAdministrativeExpenses": 0, "sellingAndMarketingExpenses": 0, "sellingGeneralAndAdministrativeExpenses": 5391200000, "otherExpenses": 629300000, "operatingExpenses": 6020500000, "costAndExpenses": 11647000000, "interestIncome": 0, "interestExpense": -629300000, "depreciationAndAmortization": 629300000, "ebitda": 1866800000, "ebitdaratio": 0.1435227185, "operatingIncome": 1360000000, "operatingIncomeRatio": 0.1045590836, "totalOtherIncomeExpensesNet": 122500000, "incomeBeforeTax": 1137600000, "incomeBeforeTaxRatio": 0.0874605981, "incomeTaxExpense": 375400000, "netIncome": 762200000, "netIncomeRatio": 0.0585992158, "eps": 0.49, "epsdiluted": 0.49, "weightedAverageShsOut": 1555510204, "weightedAverageShsOutDil": 1555510204, "link": "", "finalLink": "", "calculatedOtherExpenses": 629300000, "calculatedOperatingExpenses": 6020500000, "calculatedNetInterest": 629300000, "calculatedOtherIncome": -851700000, "calculatedIncomeNonControlling": 0, "calculatedEbitda": 1989300000}, {"date": "1987-12-31", "symbol": "PEP", "reportedCurrency": "USD", "cik": "0000077476", "fillingDate": "1987-12-31", "acceptedDate": "1987-12-30 19:00:00", "calendarYear": "1987", "period": "FY", "revenue": 11485200000, "costOfRevenue": 3896200000, "grossProfit": 7589000000, "grossProfitRatio": 0.6607634173, "researchAndDevelopmentExpenses": 0, "generalAndAdministrativeExpenses": 0, "sellingAndMarketingExpenses": 0, "sellingGeneralAndAdministrativeExpenses": 5882700000, "otherExpenses": 563000000, "operatingExpenses": 6445700000, "costAndExpenses": 10341900000, "interestIncome": 0, "interestExpense": -563000000, "depreciationAndAmortization": 563000000, "ebitda": 1592400000, "ebitdaratio": 0.1386479992, "operatingIncome": 1143300000, "operatingIncomeRatio": 0.099545502, "totalOtherIncomeExpensesNet": 113900000, "incomeBeforeTax": 960400000, "incomeBeforeTaxRatio": 0.0836206596, "incomeTaxExpense": 355300000, "netIncome": 594800000, "netIncomeRatio": 0.0517883885, "eps": 0.38, "epsdiluted": 0.38, "weightedAverageShsOut": 1565263158, "weightedAverageShsOutDil": 1565263158, "link": "", "finalLink": "", "calculatedOtherExpenses": 563000000, "calculatedOperatingExpenses": 6445700000, "calculatedNetInterest": 563000000, "calculatedOtherIncome": -745900000, "calculatedIncomeNonControlling": 10300000, "calculatedEbitda": 1706300000}, {"date": "1986-12-31", "symbol": "PEP", "reportedCurrency": "USD", "cik": "0000077476", "fillingDate": "1986-12-31", "acceptedDate": "1986-12-30 19:00:00", "calendarYear": "1986", "period": "FY", "revenue": 9290800000, "costOfRevenue": 3331100000, "grossProfit": 5959700000, "grossProfitRatio": 0.6414625221, "researchAndDevelopmentExpenses": 0, "generalAndAdministrativeExpenses": 0, "sellingAndMarketingExpenses": 0, "sellingGeneralAndAdministrativeExpenses": 4738400000, "otherExpenses": 400700000, "operatingExpenses": 5139100000, "costAndExpenses": 8470200000, "interestIncome": 0, "interestExpense": -400700000, "depreciationAndAmortization": 400700000, "ebitda": 1098400000, "ebitdaratio": 0.1182244801, "operatingIncome": 820600000, "operatingIncomeRatio": 0.0883239334, "totalOtherIncomeExpensesNet": 122900000, "incomeBeforeTax": 680300000, "incomeBeforeTaxRatio": 0.0732229733, "incomeTaxExpense": 222500000, "netIncome": 457800000, "netIncomeRatio": 0.0492745512, "eps": 0.29, "epsdiluted": 0.29, "weightedAverageShsOut": 1578620690, "weightedAverageShsOutDil": 1578620690, "link": "", "finalLink": "", "calculatedOtherExpenses": 400700000, "calculatedOperatingExpenses": 5139100000, "calculatedNetInterest": 400700000, "calculatedOtherIncome": -541000000, "calculatedIncomeNonControlling": 0, "calculatedEbitda": 1221300000}, {"date": "1985-12-31", "symbol": "PEP", "reportedCurrency": "USD", "cik": "0000077476", "fillingDate": "1985-12-31", "acceptedDate": "1985-12-30 19:00:00", "calendarYear": "1985", "period": "FY", "revenue": 8056700000, "costOfRevenue": 2857500000, "grossProfit": 5199200000, "grossProfitRatio": 0.6453262502, "researchAndDevelopmentExpenses": 0, "generalAndAdministrativeExpenses": 0, "sellingAndMarketingExpenses": 0, "sellingGeneralAndAdministrativeExpenses": 4171300000, "otherExpenses": 290800000, "operatingExpenses": 4462100000, "costAndExpenses": 7319600000, "interestIncome": 0, "interestExpense": -290800000, "depreciationAndAmortization": 290800000, "ebitda": 905600000, "ebitdaratio": 0.1124033413, "operatingIncome": 737100000, "operatingIncomeRatio": 0.0914890712, "totalOtherIncomeExpensesNet": 122300000, "incomeBeforeTax": 664000000, "incomeBeforeTaxRatio": 0.0824158775, "incomeTaxExpense": 243900000, "netIncome": 543700000, "netIncomeRatio": 0.0674842057, "eps": 0.33, "epsdiluted": 0.33, "weightedAverageShsOut": 1647575758, "weightedAverageShsOutDil": 1647575758, "link": "", "finalLink": "", "calculatedOtherExpenses": 290800000, "calculatedOperatingExpenses": 4462100000, "calculatedNetInterest": 290800000, "calculatedOtherIncome": -363900000, "calculatedIncomeNonControlling": -123600000, "calculatedEbitda": 1027900000}]}