{"originalCurrency": "USD", "convertedCurrency": "USD", "report": [{"date": "2023-12-31", "symbol": "PFE", "reportedCurrency": "USD", "cik": "0000078003", "fillingDate": "2024-02-22", "acceptedDate": "2024-02-22 13:17:37", "calendarYear": "2023", "period": "FY", "revenue": 58496000000, "costOfRevenue": 29213000000, "grossProfit": 29283000000, "grossProfitRatio": 0.5005983315, "researchAndDevelopmentExpenses": 10578000000, "generalAndAdministrativeExpenses": 10770000000, "sellingAndMarketingExpenses": 3700000000, "sellingGeneralAndAdministrativeExpenses": 14470000000, "otherExpenses": 2670000000, "operatingExpenses": 25048000000, "costAndExpenses": 54261000000, "interestIncome": 1624000000, "interestExpense": 2369000000, "depreciationAndAmortization": 6290000000, "ebitda": 10525000000, "ebitdaratio": 0.1799268326, "operatingIncome": 4235000000, "operatingIncomeRatio": 0.0723981127, "totalOtherIncomeExpensesNet": -3177000000, "incomeBeforeTax": 1058000000, "incomeBeforeTaxRatio": 0.0180867068, "incomeTaxExpense": -1114000000, "netIncome": 2119000000, "netIncomeRatio": 0.0362246991, "eps": 0.38, "epsdiluted": 0.38, "weightedAverageShsOut": 5643000000, "weightedAverageShsOutDil": 5709000000, "link": "https://www.sec.gov/Archives/edgar/data/78003/000007800324000039/0000078003-24-000039-index.htm", "finalLink": "https://www.sec.gov/Archives/edgar/data/78003/000007800324000039/pfe-20231231.htm", "calculatedOtherExpenses": 0, "calculatedOperatingExpenses": 25048000000, "calculatedNetInterest": -745000000, "calculatedOtherIncome": -2432000000, "calculatedIncomeNonControlling": 53000000, "calculatedEbitda": 10525000000}, {"date": "2022-12-31", "symbol": "PFE", "reportedCurrency": "USD", "cik": "0000078003", "fillingDate": "2023-02-23", "acceptedDate": "2023-02-23 14:12:53", "calendarYear": "2022", "period": "FY", "revenue": 100330000000, "costOfRevenue": 34344000000, "grossProfit": 65986000000, "grossProfitRatio": 0.6576896242, "researchAndDevelopmentExpenses": 11428000000, "generalAndAdministrativeExpenses": 10877000000, "sellingAndMarketingExpenses": 2800000000, "sellingGeneralAndAdministrativeExpenses": 13677000000, "otherExpenses": 3609000000, "operatingExpenses": 28714000000, "costAndExpenses": 63058000000, "interestIncome": 251000000, "interestExpense": 1238000000, "depreciationAndAmortization": 3609000000, "ebitda": 43639000000, "ebitdaratio": 0.4349546497, "operatingIncome": 40030000000, "operatingIncomeRatio": 0.3989833549, "totalOtherIncomeExpensesNet": -5301000000, "incomeBeforeTax": 34729000000, "incomeBeforeTaxRatio": 0.3461477125, "incomeTaxExpense": 3328000000, "netIncome": 31372000000, "netIncomeRatio": 0.3126881292, "eps": 5.59, "epsdiluted": 5.47, "weightedAverageShsOut": 5608000000, "weightedAverageShsOutDil": 5733000000, "link": "https://www.sec.gov/Archives/edgar/data/78003/000007800323000024/0000078003-23-000024-index.htm", "finalLink": "https://www.sec.gov/Archives/edgar/data/78003/000007800323000024/pfe-20221231.htm", "calculatedOtherExpenses": 851000000, "calculatedOperatingExpenses": 25956000000, "calculatedNetInterest": -987000000, "calculatedOtherIncome": -4314000000, "calculatedIncomeNonControlling": 29000000, "calculatedEbitda": 43639000000}, {"date": "2021-12-31", "symbol": "PFE", "reportedCurrency": "USD", "cik": "0000078003", "fillingDate": "2022-02-24", "acceptedDate": "2022-02-24 14:25:01", "calendarYear": "2021", "period": "FY", "revenue": 81288000000, "costOfRevenue": 30821000000, "grossProfit": 50467000000, "grossProfitRatio": 0.6208419447, "researchAndDevelopmentExpenses": 13829000000, "generalAndAdministrativeExpenses": 10703000000, "sellingAndMarketingExpenses": 2000000000, "sellingGeneralAndAdministrativeExpenses": 12703000000, "otherExpenses": 3700000000, "operatingExpenses": 30232000000, "costAndExpenses": 61053000000, "interestIncome": 36000000, "interestExpense": 1291000000, "depreciationAndAmortization": 3700000000, "ebitda": 28533000000, "ebitdaratio": 0.3510112194, "operatingIncome": 24833000000, "operatingIncomeRatio": 0.3054940459, "totalOtherIncomeExpensesNet": -522000000, "incomeBeforeTax": 24311000000, "incomeBeforeTaxRatio": 0.2990724338, "incomeTaxExpense": 1852000000, "netIncome": 21979000000, "netIncomeRatio": 0.2703843126, "eps": 3.95, "epsdiluted": 3.88, "weightedAverageShsOut": 5601000000, "weightedAverageShsOutDil": 5708000000, "link": "https://www.sec.gov/Archives/edgar/data/78003/000007800322000027/0000078003-22-000027-index.htm", "finalLink": "https://www.sec.gov/Archives/edgar/data/78003/000007800322000027/pfe-20211231.htm", "calculatedOtherExpenses": -898000000, "calculatedOperatingExpenses": 25634000000, "calculatedNetInterest": -1255000000, "calculatedOtherIncome": 733000000, "calculatedIncomeNonControlling": 480000000, "calculatedEbitda": 28533000000}, {"date": "2020-12-31", "symbol": "PFE", "reportedCurrency": "USD", "cik": "0000078003", "fillingDate": "2021-02-25", "acceptedDate": "2021-02-25 13:59:00", "calendarYear": "2020", "period": "FY", "revenue": 41908000000, "costOfRevenue": 8692000000, "grossProfit": 33216000000, "grossProfitRatio": 0.7925932996, "researchAndDevelopmentExpenses": 9405000000, "generalAndAdministrativeExpenses": 9815000000, "sellingAndMarketingExpenses": 1800000000, "sellingGeneralAndAdministrativeExpenses": 11615000000, "otherExpenses": 3436000000, "operatingExpenses": 24456000000, "costAndExpenses": 33148000000, "interestIncome": 73000000, "interestExpense": 1449000000, "depreciationAndAmortization": 3436000000, "ebitda": 14066000000, "ebitdaratio": 0.3356399733, "operatingIncome": 10630000000, "operatingIncomeRatio": 0.2536508543, "totalOtherIncomeExpensesNet": -3133000000, "incomeBeforeTax": 7497000000, "incomeBeforeTaxRatio": 0.1788918584, "incomeTaxExpense": 477000000, "netIncome": 7020000000, "netIncomeRatio": 0.1675097833, "eps": 1.26, "epsdiluted": 1.25, "weightedAverageShsOut": 5555000000, "weightedAverageShsOutDil": 5632000000, "link": "https://www.sec.gov/Archives/edgar/data/78003/000007800321000038/0000078003-21-000038-index.htm", "finalLink": "https://www.sec.gov/Archives/edgar/data/78003/000007800321000038/pfe-20201231.htm", "calculatedOtherExpenses": 1566000000, "calculatedOperatingExpenses": 22586000000, "calculatedNetInterest": -1376000000, "calculatedOtherIncome": -1757000000, "calculatedIncomeNonControlling": 0, "calculatedEbitda": 14066000000}, {"date": "2019-12-31", "symbol": "PFE", "reportedCurrency": "USD", "cik": "0000078003", "fillingDate": "2020-02-27", "acceptedDate": "2020-02-27 14:15:12", "calendarYear": "2019", "period": "FY", "revenue": 51750000000, "costOfRevenue": 10219000000, "grossProfit": 41531000000, "grossProfitRatio": 0.802531401, "researchAndDevelopmentExpenses": 8650000000, "generalAndAdministrativeExpenses": 12050000000, "sellingAndMarketingExpenses": 2300000000, "sellingGeneralAndAdministrativeExpenses": 14350000000, "otherExpenses": 4610000000, "operatingExpenses": 27610000000, "costAndExpenses": 37829000000, "interestIncome": 226000000, "interestExpense": 1574000000, "depreciationAndAmortization": 4610000000, "ebitda": 19747000000, "ebitdaratio": 0.3815845411, "operatingIncome": 15137000000, "operatingIncomeRatio": 0.2925024155, "totalOtherIncomeExpensesNet": 2545000000, "incomeBeforeTax": 17682000000, "incomeBeforeTaxRatio": 0.3416811594, "incomeTaxExpense": 1384000000, "netIncome": 16273000000, "netIncomeRatio": 0.3144541063, "eps": 2.92, "epsdiluted": 2.87, "weightedAverageShsOut": 5569000000, "weightedAverageShsOutDil": 5675000000, "link": "https://www.sec.gov/Archives/edgar/data/78003/000007800320000014/0000078003-20-000014-index.htm", "finalLink": "https://www.sec.gov/Archives/edgar/data/78003/000007800320000014/pfe-12312019x10kshell.htm", "calculatedOtherExpenses": 3394000000, "calculatedOperatingExpenses": 26394000000, "calculatedNetInterest": -1348000000, "calculatedOtherIncome": 3893000000, "calculatedIncomeNonControlling": 25000000, "calculatedEbitda": 19747000000}, {"date": "2018-12-31", "symbol": "PFE", "reportedCurrency": "USD", "cik": "0000078003", "fillingDate": "2019-02-28", "acceptedDate": "2019-02-28 14:35:32", "calendarYear": "2018", "period": "FY", "revenue": 53647000000, "costOfRevenue": 11248000000, "grossProfit": 42399000000, "grossProfitRatio": 0.7903331034, "researchAndDevelopmentExpenses": 8006000000, "generalAndAdministrativeExpenses": 11755000000, "sellingAndMarketingExpenses": 2700000000, "sellingGeneralAndAdministrativeExpenses": 14455000000, "otherExpenses": 1140000000, "operatingExpenses": 27354000000, "costAndExpenses": 38602000000, "interestIncome": 333000000, "interestExpense": 1316000000, "depreciationAndAmortization": 4893000000, "ebitda": 21412000000, "ebitdaratio": 0.3991276306, "operatingIncome": 15045000000, "operatingIncomeRatio": 0.2804443865, "totalOtherIncomeExpensesNet": -2178000000, "incomeBeforeTax": 11885000000, "incomeBeforeTaxRatio": 0.2215408131, "incomeTaxExpense": 706000000, "netIncome": 11153000000, "netIncomeRatio": 0.2078960613, "eps": 1.9, "epsdiluted": 1.87, "weightedAverageShsOut": 5872000000, "weightedAverageShsOutDil": 5977000000, "link": "https://www.sec.gov/Archives/edgar/data/78003/000007800319000015/0000078003-19-000015-index.htm", "finalLink": "https://www.sec.gov/Archives/edgar/data/78003/000007800319000015/pfe-12312018x10kshell.htm", "calculatedOtherExpenses": 4893000000, "calculatedOperatingExpenses": 27354000000, "calculatedNetInterest": -983000000, "calculatedOtherIncome": -2177000000, "calculatedIncomeNonControlling": 26000000, "calculatedEbitda": 19938000000}, {"date": "2017-12-31", "symbol": "PFE", "reportedCurrency": "USD", "cik": "0000078003", "fillingDate": "2018-02-22", "acceptedDate": "2018-02-22 15:42:15", "calendarYear": "2017", "period": "FY", "revenue": 52546000000, "costOfRevenue": 11240000000, "grossProfit": 41306000000, "grossProfitRatio": 0.7860921859, "researchAndDevelopmentExpenses": 7657000000, "generalAndAdministrativeExpenses": 11684000000, "sellingAndMarketingExpenses": 3100000000, "sellingGeneralAndAdministrativeExpenses": 14784000000, "otherExpenses": 981000000, "operatingExpenses": 27199000000, "costAndExpenses": 38439000000, "interestIncome": 391000000, "interestExpense": 1270000000, "depreciationAndAmortization": 4758000000, "ebitda": 20237000000, "ebitdaratio": 0.3851292201, "operatingIncome": 14107000000, "operatingIncomeRatio": 0.2684695315, "totalOtherIncomeExpensesNet": -923000000, "incomeBeforeTax": 12305000000, "incomeBeforeTaxRatio": 0.2341757698, "incomeTaxExpense": -9049000000, "netIncome": 21308000000, "netIncomeRatio": 0.4055113615, "eps": 3.57, "epsdiluted": 3.52, "weightedAverageShsOut": 5970000000, "weightedAverageShsOutDil": 6058000000, "link": "https://www.sec.gov/Archives/edgar/data/78003/000007800318000027/0000078003-18-000027-index.htm", "finalLink": "https://www.sec.gov/Archives/edgar/data/78003/000007800318000027/pfe-12312017x10kshell.htm", "calculatedOtherExpenses": 4758000000, "calculatedOperatingExpenses": 27199000000, "calculatedNetInterest": -879000000, "calculatedOtherIncome": -923000000, "calculatedIncomeNonControlling": 46000000, "calculatedEbitda": 18865000000}, {"date": "2016-12-31", "symbol": "PFE", "reportedCurrency": "USD", "cik": "0000078003", "fillingDate": "2017-02-23", "acceptedDate": "2017-02-23 16:30:32", "calendarYear": "2016", "period": "FY", "revenue": 52824000000, "costOfRevenue": 12329000000, "grossProfit": 40495000000, "grossProfitRatio": 0.766602302, "researchAndDevelopmentExpenses": 7872000000, "generalAndAdministrativeExpenses": 11637000000, "sellingAndMarketingExpenses": 3200000000, "sellingGeneralAndAdministrativeExpenses": 14837000000, "otherExpenses": 820000000, "operatingExpenses": 26765000000, "costAndExpenses": 39094000000, "interestIncome": 470000000, "interestExpense": 1186000000, "depreciationAndAmortization": 4056000000, "ebitda": 19076000000, "ebitdaratio": 0.3611237316, "operatingIncome": 13730000000, "operatingIncomeRatio": 0.2599197335, "totalOtherIncomeExpensesNet": -4663000000, "incomeBeforeTax": 8351000000, "incomeBeforeTaxRatio": 0.1580910192, "incomeTaxExpense": 1123000000, "netIncome": 7215000000, "netIncomeRatio": 0.1365856429, "eps": 1.18, "epsdiluted": 1.17, "weightedAverageShsOut": 6089000000, "weightedAverageShsOutDil": 6159000000, "link": "https://www.sec.gov/Archives/edgar/data/78003/000007800317000014/0000078003-17-000014-index.htm", "finalLink": "https://www.sec.gov/Archives/edgar/data/78003/000007800317000014/pfe-12312016x10kshell.htm", "calculatedOtherExpenses": 4056000000, "calculatedOperatingExpenses": 26765000000, "calculatedNetInterest": -716000000, "calculatedOtherIncome": -4663000000, "calculatedIncomeNonControlling": 13000000, "calculatedEbitda": 17786000000}, {"date": "2015-12-31", "symbol": "PFE", "reportedCurrency": "USD", "cik": "0000078003", "fillingDate": "2016-02-29", "acceptedDate": "2016-02-29 17:26:35", "calendarYear": "2015", "period": "FY", "revenue": 48851000000, "costOfRevenue": 9648000000, "grossProfit": 39203000000, "grossProfitRatio": 0.8025014841, "researchAndDevelopmentExpenses": 7690000000, "generalAndAdministrativeExpenses": 11709000000, "sellingAndMarketingExpenses": 3100000000, "sellingGeneralAndAdministrativeExpenses": 14809000000, "otherExpenses": 519000000, "operatingExpenses": 26227000000, "costAndExpenses": 35875000000, "interestIncome": 471000000, "interestExpense": 1199000000, "depreciationAndAmortization": 3728000000, "ebitda": 17693000000, "ebitdaratio": 0.3621829645, "operatingIncome": 12976000000, "operatingIncomeRatio": 0.2656240404, "totalOtherIncomeExpensesNet": -3282000000, "incomeBeforeTax": 8965000000, "incomeBeforeTaxRatio": 0.1835172259, "incomeTaxExpense": 1990000000, "netIncome": 6960000000, "netIncomeRatio": 0.1424740538, "eps": 1.13, "epsdiluted": 1.11, "weightedAverageShsOut": 6176000000, "weightedAverageShsOutDil": 6257000000, "link": "https://www.sec.gov/Archives/edgar/data/78003/000007800316000077/0000078003-16-000077-index.htm", "finalLink": "https://www.sec.gov/Archives/edgar/data/78003/000007800316000077/pfe-12312015x10kshell.htm", "calculatedOtherExpenses": 3728000000, "calculatedOperatingExpenses": 26227000000, "calculatedNetInterest": -728000000, "calculatedOtherIncome": -3283000000, "calculatedIncomeNonControlling": 15000000, "calculatedEbitda": 16704000000}, {"date": "2014-12-31", "symbol": "PFE", "reportedCurrency": "USD", "cik": "0000078003", "fillingDate": "2015-02-27", "acceptedDate": "2015-02-27 16:38:16", "calendarYear": "2014", "period": "FY", "revenue": 49605000000, "costOfRevenue": 9577000000, "grossProfit": 40028000000, "grossProfitRatio": 0.8069347848, "researchAndDevelopmentExpenses": 8393000000, "generalAndAdministrativeExpenses": 10997000000, "sellingAndMarketingExpenses": 3100000000, "sellingGeneralAndAdministrativeExpenses": 14097000000, "otherExpenses": 1267000000, "operatingExpenses": 26529000000, "costAndExpenses": 36106000000, "interestIncome": 425000000, "interestExpense": 1360000000, "depreciationAndAmortization": 4039000000, "ebitda": 19231000000, "ebitdaratio": 0.3876826933, "operatingIncome": 13499000000, "operatingIncomeRatio": 0.2721298256, "totalOtherIncomeExpensesNet": -325000000, "incomeBeforeTax": 12240000000, "incomeBeforeTaxRatio": 0.2467493196, "incomeTaxExpense": 3120000000, "netIncome": 9135000000, "netIncomeRatio": 0.1841548231, "eps": 1.44, "epsdiluted": 1.42, "weightedAverageShsOut": 6346000000, "weightedAverageShsOutDil": 6424000000, "link": "https://www.sec.gov/Archives/edgar/data/78003/000007800315000014/0000078003-15-000014-index.htm", "finalLink": "https://www.sec.gov/Archives/edgar/data/78003/000007800315000014/pfe-12312014x10kshell.htm", "calculatedOtherExpenses": 4039000000, "calculatedOperatingExpenses": 26529000000, "calculatedNetInterest": -935000000, "calculatedOtherIncome": -324000000, "calculatedIncomeNonControlling": -15000000, "calculatedEbitda": 17538000000}, {"date": "2013-12-31", "symbol": "PFE", "reportedCurrency": "USD", "cik": "0000078003", "fillingDate": "2014-02-28", "acceptedDate": "2014-02-28 16:38:15", "calendarYear": "2013", "period": "FY", "revenue": 51584000000, "costOfRevenue": 9586000000, "grossProfit": 41998000000, "grossProfitRatio": 0.8141671836, "researchAndDevelopmentExpenses": 6678000000, "generalAndAdministrativeExpenses": 11355000000, "sellingAndMarketingExpenses": 3000000000, "sellingGeneralAndAdministrativeExpenses": 14355000000, "otherExpenses": 558000000, "operatingExpenses": 25632000000, "costAndExpenses": 35218000000, "interestIncome": 403000000, "interestExpense": 1414000000, "depreciationAndAmortization": 4599000000, "ebitda": 21926000000, "ebitdaratio": 0.4250542804, "operatingIncome": 16366000000, "operatingIncomeRatio": 0.3172689206, "totalOtherIncomeExpensesNet": 361000000, "incomeBeforeTax": 15716000000, "incomeBeforeTaxRatio": 0.3046681141, "incomeTaxExpense": 4306000000, "netIncome": 22003000000, "netIncomeRatio": 0.4265469913, "eps": 3.23, "epsdiluted": 3.19, "weightedAverageShsOut": 6813000000, "weightedAverageShsOutDil": 6895000000, "link": "https://www.sec.gov/Archives/edgar/data/78003/000007800314000018/0000078003-14-000018-index.htm", "finalLink": "https://www.sec.gov/Archives/edgar/data/78003/000007800314000018/pfe-12312013x10k.htm", "calculatedOtherExpenses": 4599000000, "calculatedOperatingExpenses": 25632000000, "calculatedNetInterest": -1011000000, "calculatedOtherIncome": 361000000, "calculatedIncomeNonControlling": -10593000000, "calculatedEbitda": 20965000000}, {"date": "2012-12-31", "symbol": "PFE", "reportedCurrency": "USD", "cik": "0000078003", "fillingDate": "2013-02-28", "acceptedDate": "2013-02-28 16:57:54", "calendarYear": "2012", "period": "FY", "revenue": 58986000000, "costOfRevenue": 11334000000, "grossProfit": 47652000000, "grossProfitRatio": 0.8078527108, "researchAndDevelopmentExpenses": 7870000000, "generalAndAdministrativeExpenses": 13816000000, "sellingAndMarketingExpenses": 2800000000, "sellingGeneralAndAdministrativeExpenses": 16616000000, "otherExpenses": -4031000000, "operatingExpenses": 29661000000, "costAndExpenses": 40995000000, "interestIncome": 383000000, "interestExpense": 1524000000, "depreciationAndAmortization": 5175000000, "ebitda": 25046000000, "ebitdaratio": 0.4246092293, "operatingIncome": 17991000000, "operatingIncomeRatio": 0.3050045774, "totalOtherIncomeExpensesNet": -5911000000, "incomeBeforeTax": 12080000000, "incomeBeforeTaxRatio": 0.204794358, "incomeTaxExpense": 2562000000, "netIncome": 14570000000, "netIncomeRatio": 0.2470077646, "eps": 1.96, "epsdiluted": 1.94, "weightedAverageShsOut": 7442000000, "weightedAverageShsOutDil": 7508000000, "link": "https://www.sec.gov/Archives/edgar/data/78003/000007800313000006/0000078003-13-000006-index.htm", "finalLink": "https://www.sec.gov/Archives/edgar/data/78003/000007800313000006/pfe-12312012x10k.htm", "calculatedOtherExpenses": 5175000000, "calculatedOperatingExpenses": 29661000000, "calculatedNetInterest": -1141000000, "calculatedOtherIncome": -4770000000, "calculatedIncomeNonControlling": -5052000000, "calculatedEbitda": 23166000000}, {"date": "2011-12-31", "symbol": "PFE", "reportedCurrency": "USD", "cik": "0000078003", "fillingDate": "2012-02-28", "acceptedDate": "2012-02-28 17:07:08", "calendarYear": "2011", "period": "FY", "revenue": 67425000000, "costOfRevenue": 15085000000, "grossProfit": 52340000000, "grossProfitRatio": 0.7762699296, "researchAndDevelopmentExpenses": 9112000000, "generalAndAdministrativeExpenses": 0, "sellingAndMarketingExpenses": 0, "sellingGeneralAndAdministrativeExpenses": 19468000000, "otherExpenses": 5585000000, "operatingExpenses": 34165000000, "costAndExpenses": 49250000000, "interestIncome": 458000000, "interestExpense": 1681000000, "depreciationAndAmortization": 5585000000, "ebitda": 29173000000, "ebitdaratio": 0.4326733407, "operatingIncome": 18175000000, "operatingIncomeRatio": 0.269558769, "totalOtherIncomeExpensesNet": -5413000000, "incomeBeforeTax": 12762000000, "incomeBeforeTaxRatio": 0.1892769744, "incomeTaxExpense": 4023000000, "netIncome": 10009000000, "netIncomeRatio": 0.148446422, "eps": 1.28, "epsdiluted": 1.27, "weightedAverageShsOut": 7817000000, "weightedAverageShsOutDil": 7870000000, "link": "https://www.sec.gov/Archives/edgar/data/78003/000119312512085703/0001193125-12-085703-index.htm", "finalLink": "https://www.sec.gov/Archives/edgar/data/78003/000119312512085703/d278590d10k.htm", "calculatedOtherExpenses": 5585000000, "calculatedOperatingExpenses": 34165000000, "calculatedNetInterest": -1223000000, "calculatedOtherIncome": -4190000000, "calculatedIncomeNonControlling": -1270000000, "calculatedEbitda": 23760000000}, {"date": "2010-12-31", "symbol": "PFE", "reportedCurrency": "USD", "cik": "0000078003", "fillingDate": "2011-02-28", "acceptedDate": "2011-02-28 10:00:55", "calendarYear": "2010", "period": "FY", "revenue": 67809000000, "costOfRevenue": 16279000000, "grossProfit": 51530000000, "grossProfitRatio": 0.759928623, "researchAndDevelopmentExpenses": 9413000000, "generalAndAdministrativeExpenses": 0, "sellingAndMarketingExpenses": 0, "sellingGeneralAndAdministrativeExpenses": 19614000000, "otherExpenses": 8345000000, "operatingExpenses": 37372000000, "costAndExpenses": 53651000000, "interestIncome": 402000000, "interestExpense": 1799000000, "depreciationAndAmortization": 8487000000, "ebitda": 23047000000, "ebitdaratio": 0.3398811367, "operatingIncome": 14158000000, "operatingIncomeRatio": 0.2087923432, "totalOtherIncomeExpensesNet": -3339000000, "incomeBeforeTax": 9422000000, "incomeBeforeTaxRatio": 0.1389491071, "incomeTaxExpense": 1124000000, "netIncome": 8257000000, "netIncomeRatio": 0.1217684968, "eps": 1.03, "epsdiluted": 1.02, "weightedAverageShsOut": 8036000000, "weightedAverageShsOutDil": 8074000000, "link": "https://www.sec.gov/Archives/edgar/data/78003/000119312511048877/0001193125-11-048877-index.htm", "finalLink": "https://www.sec.gov/Archives/edgar/data/78003/000119312511048877/d10k.htm", "calculatedOtherExpenses": 8345000000, "calculatedOperatingExpenses": 37372000000, "calculatedNetInterest": -1397000000, "calculatedOtherIncome": -3339000000, "calculatedIncomeNonControlling": 41000000, "calculatedEbitda": 22645000000}, {"date": "2009-12-31", "symbol": "PFE", "reportedCurrency": "USD", "cik": "0000078003", "fillingDate": "2010-02-26", "acceptedDate": "2010-02-26 13:43:14", "calendarYear": "2009", "period": "FY", "revenue": 50009000000, "costOfRevenue": 8888000000, "grossProfit": 41121000000, "grossProfitRatio": 0.822271991, "researchAndDevelopmentExpenses": 7845000000, "generalAndAdministrativeExpenses": 0, "sellingAndMarketingExpenses": 0, "sellingGeneralAndAdministrativeExpenses": 14875000000, "otherExpenses": 2682000000, "operatingExpenses": 25889000000, "costAndExpenses": 34777000000, "interestIncome": 746000000, "interestExpense": 1233000000, "depreciationAndAmortization": 2877000000, "ebitda": 22514000000, "ebitdaratio": 0.4501989642, "operatingIncome": 15651000000, "operatingIncomeRatio": 0.3129636665, "totalOtherIncomeExpensesNet": -4405000000, "incomeBeforeTax": 10827000000, "incomeBeforeTaxRatio": 0.2165010298, "incomeTaxExpense": 1645000000, "netIncome": 8635000000, "netIncomeRatio": 0.1726689196, "eps": 1.23, "epsdiluted": 1.23, "weightedAverageShsOut": 7007000000, "weightedAverageShsOutDil": 7045000000, "link": "https://www.sec.gov/Archives/edgar/data/78003/000119312510042425/0001193125-10-042425-index.htm", "finalLink": "https://www.sec.gov/Archives/edgar/data/78003/000119312510042425/d10k.htm", "calculatedOtherExpenses": 2750000000, "calculatedOperatingExpenses": 25470000000, "calculatedNetInterest": -487000000, "calculatedOtherIncome": -4337000000, "calculatedIncomeNonControlling": 547000000, "calculatedEbitda": 18528000000}, {"date": "2008-12-31", "symbol": "PFE", "reportedCurrency": "USD", "cik": "0000078003", "fillingDate": "2009-02-27", "acceptedDate": "2009-02-27 12:59:38", "calendarYear": "2008", "period": "FY", "revenue": 48296000000, "costOfRevenue": 8112000000, "grossProfit": 40184000000, "grossProfitRatio": 0.8320357794, "researchAndDevelopmentExpenses": 7945000000, "generalAndAdministrativeExpenses": 0, "sellingAndMarketingExpenses": 0, "sellingGeneralAndAdministrativeExpenses": 14537000000, "otherExpenses": 2668000000, "operatingExpenses": 25150000000, "costAndExpenses": 33262000000, "interestIncome": 0, "interestExpense": 0, "depreciationAndAmortization": 5090000000, "ebitda": 26236000000, "ebitdaratio": 0.5432333941, "operatingIncome": 15034000000, "operatingIncomeRatio": 0.3112887196, "totalOtherIncomeExpensesNet": -6112000000, "incomeBeforeTax": 9694000000, "incomeBeforeTaxRatio": 0.2007205566, "incomeTaxExpense": 1645000000, "netIncome": 8104000000, "netIncomeRatio": 0.1677985755, "eps": 1.2, "epsdiluted": 1.2, "weightedAverageShsOut": 6727000000, "weightedAverageShsOutDil": 6750000000, "link": "https://www.sec.gov/Archives/edgar/data/78003/000119312509040568/0001193125-09-040568-index.htm", "finalLink": "https://www.sec.gov/Archives/edgar/data/78003/000119312509040568/d10k.htm", "calculatedOtherExpenses": 2668000000, "calculatedOperatingExpenses": 25150000000, "calculatedNetInterest": 0, "calculatedOtherIncome": -5340000000, "calculatedIncomeNonControlling": -55000000, "calculatedEbitda": 20124000000}, {"date": "2007-12-31", "symbol": "PFE", "reportedCurrency": "USD", "cik": "0000078003", "fillingDate": "2008-02-29", "acceptedDate": "2008-02-29 15:05:57", "calendarYear": "2007", "period": "FY", "revenue": 48418000000, "costOfRevenue": 11239000000, "grossProfit": 37179000000, "grossProfitRatio": 0.7678755835, "researchAndDevelopmentExpenses": 8089000000, "generalAndAdministrativeExpenses": 0, "sellingAndMarketingExpenses": 0, "sellingGeneralAndAdministrativeExpenses": 15626000000, "otherExpenses": 3128000000, "operatingExpenses": 26843000000, "costAndExpenses": 38082000000, "interestIncome": 0, "interestExpense": 0, "depreciationAndAmortization": 5200000000, "ebitda": 17693000000, "ebitdaratio": 0.3654219505, "operatingIncome": 10336000000, "operatingIncomeRatio": 0.2134743277, "totalOtherIncomeExpensesNet": -2157000000, "incomeBeforeTax": 9278000000, "incomeBeforeTaxRatio": 0.1916229501, "incomeTaxExpense": 1023000000, "netIncome": 8144000000, "netIncomeRatio": 0.1682019084, "eps": 1.18, "epsdiluted": 1.17, "weightedAverageShsOut": 6917000000, "weightedAverageShsOutDil": 6939000000, "link": "https://www.sec.gov/Archives/edgar/data/78003/000093041308001360/0000930413-08-001360-index.htm", "finalLink": "https://www.sec.gov/Archives/edgar/data/78003/000093041308001360/c52104_10-k.htm", "calculatedOtherExpenses": 3128000000, "calculatedOperatingExpenses": 26843000000, "calculatedNetInterest": 0, "calculatedOtherIncome": -1058000000, "calculatedIncomeNonControlling": 111000000, "calculatedEbitda": 15536000000}, {"date": "2006-12-31", "symbol": "PFE", "reportedCurrency": "USD", "cik": "0000078003", "fillingDate": "2007-03-01", "acceptedDate": "2007-02-28 18:17:54", "calendarYear": "2006", "period": "FY", "revenue": 48371000000, "costOfRevenue": 7640000000, "grossProfit": 40731000000, "grossProfitRatio": 0.8420541233, "researchAndDevelopmentExpenses": 7599000000, "generalAndAdministrativeExpenses": 0, "sellingAndMarketingExpenses": 0, "sellingGeneralAndAdministrativeExpenses": 15589000000, "otherExpenses": 3261000000, "operatingExpenses": 26449000000, "costAndExpenses": 34089000000, "interestIncome": 0, "interestExpense": 0, "depreciationAndAmortization": 5293000000, "ebitda": 21266000000, "ebitdaratio": 0.4396435881, "operatingIncome": 14282000000, "operatingIncomeRatio": 0.2952595563, "totalOtherIncomeExpensesNet": -1691000000, "incomeBeforeTax": 13028000000, "incomeBeforeTaxRatio": 0.2693349321, "incomeTaxExpense": 1992000000, "netIncome": 19337000000, "netIncomeRatio": 0.3997643216, "eps": 2.67, "epsdiluted": 2.66, "weightedAverageShsOut": 7242000000, "weightedAverageShsOutDil": 7274000000, "link": "https://www.sec.gov/Archives/edgar/data/78003/000093041307001807/0000930413-07-001807-index.htm", "finalLink": "https://www.sec.gov/Archives/edgar/data/78003/000093041307001807/c46660_10k.htm", "calculatedOtherExpenses": 3261000000, "calculatedOperatingExpenses": 26449000000, "calculatedNetInterest": 0, "calculatedOtherIncome": -1254000000, "calculatedIncomeNonControlling": -8301000000, "calculatedEbitda": 19575000000}, {"date": "2005-12-31", "symbol": "PFE", "reportedCurrency": "USD", "cik": "0000078003", "fillingDate": "2006-03-01", "acceptedDate": "2006-02-28 21:25:00", "calendarYear": "2005", "period": "FY", "revenue": 51298000000, "costOfRevenue": 8525000000, "grossProfit": 42773000000, "grossProfitRatio": 0.8338141838, "researchAndDevelopmentExpenses": 7442000000, "generalAndAdministrativeExpenses": 0, "sellingAndMarketingExpenses": 0, "sellingGeneralAndAdministrativeExpenses": 16997000000, "otherExpenses": 3409000000, "operatingExpenses": 27848000000, "costAndExpenses": 36373000000, "interestIncome": 0, "interestExpense": 0, "depreciationAndAmortization": 5576000000, "ebitda": 24161000000, "ebitdaratio": 0.4709930212, "operatingIncome": 14925000000, "operatingIncomeRatio": 0.2909470155, "totalOtherIncomeExpensesNet": -3660000000, "incomeBeforeTax": 11534000000, "incomeBeforeTaxRatio": 0.2248430738, "incomeTaxExpense": 3424000000, "netIncome": 8085000000, "netIncomeRatio": 0.1576084838, "eps": 1.1, "epsdiluted": 1.09, "weightedAverageShsOut": 7361000000, "weightedAverageShsOutDil": 7411000000, "link": "https://www.sec.gov/Archives/edgar/data/78003/000093041306001567/0000930413-06-001567-index.htm", "finalLink": "https://www.sec.gov/Archives/edgar/data/78003/000093041306001567/c40966_10k.htm", "calculatedOtherExpenses": 3409000000, "calculatedOperatingExpenses": 27848000000, "calculatedNetInterest": 0, "calculatedOtherIncome": -3391000000, "calculatedIncomeNonControlling": 25000000, "calculatedEbitda": 20501000000}, {"date": "2004-12-31", "symbol": "PFE", "reportedCurrency": "USD", "cik": "0000078003", "fillingDate": "2005-02-28", "acceptedDate": "2005-02-28 14:29:40", "calendarYear": "2004", "period": "FY", "revenue": 52516000000, "costOfRevenue": 7541000000, "grossProfit": 44975000000, "grossProfitRatio": 0.8564056668, "researchAndDevelopmentExpenses": 7684000000, "generalAndAdministrativeExpenses": 0, "sellingAndMarketingExpenses": 0, "sellingGeneralAndAdministrativeExpenses": 16903000000, "otherExpenses": 3364000000, "operatingExpenses": 27951000000, "costAndExpenses": 35492000000, "interestIncome": 0, "interestExpense": 0, "depreciationAndAmortization": 5093000000, "ebitda": 25133000000, "ebitdaratio": 0.4785779572, "operatingIncome": 17024000000, "operatingIncomeRatio": 0.3241678726, "totalOtherIncomeExpensesNet": -3016000000, "incomeBeforeTax": 14007000000, "incomeBeforeTaxRatio": 0.2667187143, "incomeTaxExpense": 2665000000, "netIncome": 11361000000, "netIncomeRatio": 0.2163340696, "eps": 1.51, "epsdiluted": 1.49, "weightedAverageShsOut": 7531000000, "weightedAverageShsOutDil": 7614000000, "link": "https://www.sec.gov/Archives/edgar/data/78003/000095012305002379/0000950123-05-002379-index.htm", "finalLink": "https://www.sec.gov/Archives/edgar/data/78003/000095012305002379/y06124e10vk.htm", "calculatedOtherExpenses": 3364000000, "calculatedOperatingExpenses": 27951000000, "calculatedNetInterest": 0, "calculatedOtherIncome": -3017000000, "calculatedIncomeNonControlling": -19000000, "calculatedEbitda": 22117000000}, {"date": "2003-12-31", "symbol": "PFE", "reportedCurrency": "USD", "cik": "0000078003", "fillingDate": "2004-03-10", "acceptedDate": "2004-03-10 11:17:20", "calendarYear": "2003", "period": "FY", "revenue": 45188000000, "costOfRevenue": 9832000000, "grossProfit": 35356000000, "grossProfitRatio": 0.7824201115, "researchAndDevelopmentExpenses": 7131000000, "generalAndAdministrativeExpenses": 0, "sellingAndMarketingExpenses": 0, "sellingGeneralAndAdministrativeExpenses": 15242000000, "otherExpenses": 2183000000, "operatingExpenses": 24556000000, "costAndExpenses": 34388000000, "interestIncome": 0, "interestExpense": 0, "depreciationAndAmortization": 4078000000, "ebitda": 22491000000, "ebitdaratio": 0.4977206338, "operatingIncome": 10800000000, "operatingIncomeRatio": 0.2390015048, "totalOtherIncomeExpensesNet": -7613000000, "incomeBeforeTax": 3263000000, "incomeBeforeTaxRatio": 0.0722094361, "incomeTaxExpense": 1621000000, "netIncome": 3910000000, "netIncomeRatio": 0.0865273967, "eps": 0.54, "epsdiluted": 0.54, "weightedAverageShsOut": 7213000000, "weightedAverageShsOutDil": 7286000000, "link": "https://www.sec.gov/Archives/edgar/data/78003/000095012304003064/0000950123-04-003064-index.htm", "finalLink": "https://www.sec.gov/Archives/edgar/data/78003/000095012304003064/y94722e10vk.htm", "calculatedOtherExpenses": 2183000000, "calculatedOperatingExpenses": 24556000000, "calculatedNetInterest": 0, "calculatedOtherIncome": -7537000000, "calculatedIncomeNonControlling": -2268000000, "calculatedEbitda": 14878000000}, {"date": "2002-12-31", "symbol": "PFE", "reportedCurrency": "USD", "cik": "0000078003", "fillingDate": "2003-03-27", "acceptedDate": "2003-03-27 15:04:15", "calendarYear": "2002", "period": "FY", "revenue": 32373000000, "costOfRevenue": 4045000000, "grossProfit": 28328000000, "grossProfitRatio": 0.8750501962, "researchAndDevelopmentExpenses": 5176000000, "generalAndAdministrativeExpenses": 0, "sellingAndMarketingExpenses": 0, "sellingGeneralAndAdministrativeExpenses": 10846000000, "otherExpenses": 28000000, "operatingExpenses": 16050000000, "costAndExpenses": 20095000000, "interestIncome": 0, "interestExpense": 0, "depreciationAndAmortization": 1036000000, "ebitda": 13927000000, "ebitdaratio": 0.4302041825, "operatingIncome": 12278000000, "operatingIncomeRatio": 0.3792666728, "totalOtherIncomeExpensesNet": -613000000, "incomeBeforeTax": 11796000000, "incomeBeforeTaxRatio": 0.3643777222, "incomeTaxExpense": 2609000000, "netIncome": 9126000000, "netIncomeRatio": 0.2819015847, "eps": 1.48, "epsdiluted": 1.46, "weightedAverageShsOut": 6156000000, "weightedAverageShsOutDil": 6241000000, "link": "https://www.sec.gov/Archives/edgar/data/78003/000095012303003360/0000950123-03-003360-index.htm", "finalLink": "https://www.sec.gov/Archives/edgar/data/78003/000095012303003360/y83976e10vk.htm", "calculatedOtherExpenses": 28000000, "calculatedOperatingExpenses": 16050000000, "calculatedNetInterest": 0, "calculatedOtherIncome": -482000000, "calculatedIncomeNonControlling": 61000000, "calculatedEbitda": 13314000000}, {"date": "2001-12-31", "symbol": "PFE", "reportedCurrency": "USD", "cik": "0000078003", "fillingDate": "2002-03-28", "acceptedDate": "2002-03-28 00:00:00", "calendarYear": "2001", "period": "FY", "revenue": 32259000000, "costOfRevenue": 5034000000, "grossProfit": 27225000000, "grossProfitRatio": 0.8439505254, "researchAndDevelopmentExpenses": 4847000000, "generalAndAdministrativeExpenses": 11299000000, "sellingAndMarketingExpenses": 0, "sellingGeneralAndAdministrativeExpenses": 11299000000, "otherExpenses": 103000000, "operatingExpenses": 16249000000, "costAndExpenses": 21283000000, "interestIncome": 0, "interestExpense": 0, "depreciationAndAmortization": 1068000000, "ebitda": 12964000000, "ebitdaratio": 0.4018723457, "operatingIncome": 10976000000, "operatingIncomeRatio": 0.3402461329, "totalOtherIncomeExpensesNet": -920000000, "incomeBeforeTax": 10329000000, "incomeBeforeTaxRatio": 0.3201897145, "incomeTaxExpense": 2561000000, "netIncome": 7788000000, "netIncomeRatio": 0.2414209988, "eps": 1.25, "epsdiluted": 1.22, "weightedAverageShsOut": 6239000000, "weightedAverageShsOutDil": 6361000000, "link": "https://www.sec.gov/Archives/edgar/data/78003/000095012302003116/0000950123-02-003116-index.htm", "finalLink": "https://www.sec.gov/Archives/edgar/data/78003/000095012302003116/y58494e10-k.htm", "calculatedOtherExpenses": 103000000, "calculatedOperatingExpenses": 16249000000, "calculatedNetInterest": 0, "calculatedOtherIncome": -647000000, "calculatedIncomeNonControlling": -20000000, "calculatedEbitda": 12044000000}, {"date": "2000-12-31", "symbol": "PFE", "reportedCurrency": "USD", "cik": "0000078003", "fillingDate": "2001-03-28", "acceptedDate": "2001-03-28 00:00:00", "calendarYear": "2000", "period": "FY", "revenue": 29574000000, "costOfRevenue": 4059000000, "grossProfit": 25515000000, "grossProfitRatio": 0.8627510651, "researchAndDevelopmentExpenses": 4435000000, "generalAndAdministrativeExpenses": 11442000000, "sellingAndMarketingExpenses": 0, "sellingGeneralAndAdministrativeExpenses": 11442000000, "otherExpenses": 968000000, "operatingExpenses": 16845000000, "costAndExpenses": 20904000000, "interestIncome": 0, "interestExpense": 0, "depreciationAndAmortization": 968000000, "ebitda": 12699000000, "ebitdaratio": 0.4293974437, "operatingIncome": 8670000000, "operatingIncomeRatio": 0.2931629134, "totalOtherIncomeExpensesNet": -3061000000, "incomeBeforeTax": 5767000000, "incomeBeforeTaxRatio": 0.1950023669, "incomeTaxExpense": 2049000000, "netIncome": 3726000000, "netIncomeRatio": 0.1259890444, "eps": 0.6, "epsdiluted": 0.59, "weightedAverageShsOut": 6210000000, "weightedAverageShsOutDil": 6368000000, "link": "https://www.sec.gov/Archives/edgar/data/78003/000095012301002716/0000950123-01-002716-index.htm", "finalLink": "https://www.sec.gov/Archives/edgar/data/78003/000095012301002716/y46668e10-k405.htm", "calculatedOtherExpenses": 968000000, "calculatedOperatingExpenses": 16845000000, "calculatedNetInterest": 0, "calculatedOtherIncome": -2903000000, "calculatedIncomeNonControlling": -8000000, "calculatedEbitda": 9638000000}, {"date": "1999-12-31", "symbol": "PFE", "reportedCurrency": "USD", "cik": "0000078003", "fillingDate": "2000-03-27", "acceptedDate": "2000-03-27 00:00:00", "calendarYear": "1999", "period": "FY", "revenue": 16204000000, "costOfRevenue": 1986000000, "grossProfit": 14218000000, "grossProfitRatio": 0.8774376697, "researchAndDevelopmentExpenses": 2776000000, "generalAndAdministrativeExpenses": 6351000000, "sellingAndMarketingExpenses": 0, "sellingGeneralAndAdministrativeExpenses": 6351000000, "otherExpenses": 542000000, "operatingExpenses": 9669000000, "costAndExpenses": 11655000000, "interestIncome": 0, "interestExpense": 0, "depreciationAndAmortization": 542000000, "ebitda": 5192000000, "ebitdaratio": 0.3204147124, "operatingIncome": 4549000000, "operatingIncomeRatio": 0.2807331523, "totalOtherIncomeExpensesNet": -101000000, "incomeBeforeTax": 4443000000, "incomeBeforeTaxRatio": 0.2741915576, "incomeTaxExpense": 1244000000, "netIncome": 3179000000, "netIncomeRatio": 0.1961861269, "eps": 0.81, "epsdiluted": 0.78, "weightedAverageShsOut": 6126000000, "weightedAverageShsOutDil": 6317000000, "link": "https://www.sec.gov/Archives/edgar/data/78003/000093041300000548/0000930413-00-000548-index.html", "finalLink": "https://www.sec.gov/Archives/edgar/data/78003/000093041300000548/", "calculatedOtherExpenses": 542000000, "calculatedOperatingExpenses": 9669000000, "calculatedNetInterest": 0, "calculatedOtherIncome": -106000000, "calculatedIncomeNonControlling": 20000000, "calculatedEbitda": 5091000000}, {"date": "1998-12-31", "symbol": "PFE", "reportedCurrency": "USD", "cik": "0000078003", "fillingDate": "1999-03-26", "acceptedDate": "1999-03-26 00:00:00", "calendarYear": "1998", "period": "FY", "revenue": 13544000000, "costOfRevenue": 1605000000, "grossProfit": 11939000000, "grossProfitRatio": 0.881497342, "researchAndDevelopmentExpenses": 2279000000, "generalAndAdministrativeExpenses": 5568000000, "sellingAndMarketingExpenses": 0, "sellingGeneralAndAdministrativeExpenses": 5568000000, "otherExpenses": 489000000, "operatingExpenses": 8336000000, "costAndExpenses": 9941000000, "interestIncome": 0, "interestExpense": 0, "depreciationAndAmortization": 489000000, "ebitda": 5101000000, "ebitdaratio": 0.3766243355, "operatingIncome": 3603000000, "operatingIncomeRatio": 0.2660218547, "totalOtherIncomeExpensesNet": -1009000000, "incomeBeforeTax": 2592000000, "incomeBeforeTaxRatio": 0.1913762552, "incomeTaxExpense": 642000000, "netIncome": 3351000000, "netIncomeRatio": 0.2474158299, "eps": 0.76, "epsdiluted": 0.73, "weightedAverageShsOut": 6120000000, "weightedAverageShsOutDil": 6362000000, "link": "https://www.sec.gov/Archives/edgar/data/78003/000093041399000431/0000930413-99-000431-index.html", "finalLink": "https://www.sec.gov/Archives/edgar/data/78003/", "calculatedOtherExpenses": 489000000, "calculatedOperatingExpenses": 8336000000, "calculatedNetInterest": 0, "calculatedOtherIncome": -1011000000, "calculatedIncomeNonControlling": -1401000000, "calculatedEbitda": 4092000000}, {"date": "1997-12-31", "symbol": "PFE", "reportedCurrency": "USD", "cik": "0000078003", "fillingDate": "1998-03-26", "acceptedDate": "1998-03-26 00:00:00", "calendarYear": "1997", "period": "FY", "revenue": 12504000000, "costOfRevenue": 1772000000, "grossProfit": 10732000000, "grossProfitRatio": 0.8582853487, "researchAndDevelopmentExpenses": 1928000000, "generalAndAdministrativeExpenses": 4956000000, "sellingAndMarketingExpenses": 0, "sellingGeneralAndAdministrativeExpenses": 4956000000, "otherExpenses": 502000000, "operatingExpenses": 7386000000, "costAndExpenses": 9158000000, "interestIncome": 0, "interestExpense": 0, "depreciationAndAmortization": 502000000, "ebitda": 4106000000, "ebitdaratio": 0.32837492, "operatingIncome": 3346000000, "operatingIncomeRatio": 0.2675943698, "totalOtherIncomeExpensesNet": -258000000, "incomeBeforeTax": 3078000000, "incomeBeforeTaxRatio": 0.2461612284, "incomeTaxExpense": 865000000, "netIncome": 2213000000, "netIncomeRatio": 0.1769833653, "eps": 0.58, "epsdiluted": 0.56, "weightedAverageShsOut": 3815517241, "weightedAverageShsOutDil": 3951785714, "link": "https://www.sec.gov/Archives/edgar/data/78003/000094018098000332/0000940180-98-000332-index.html", "finalLink": "https://www.sec.gov/Archives/edgar/data/78003/", "calculatedOtherExpenses": 502000000, "calculatedOperatingExpenses": 7386000000, "calculatedNetInterest": 0, "calculatedOtherIncome": -268000000, "calculatedIncomeNonControlling": 0, "calculatedEbitda": 3848000000}, {"date": "1996-12-31", "symbol": "PFE", "reportedCurrency": "USD", "cik": "0000078003", "fillingDate": "1997-03-28", "acceptedDate": "1997-03-28 00:00:00", "calendarYear": "1996", "period": "FY", "revenue": 11306000000, "costOfRevenue": 1746000000, "grossProfit": 9560000000, "grossProfitRatio": 0.8455687246, "researchAndDevelopmentExpenses": 0, "generalAndAdministrativeExpenses": 6050000000, "sellingAndMarketingExpenses": 0, "sellingGeneralAndAdministrativeExpenses": 6050000000, "otherExpenses": 430000000, "operatingExpenses": 6480000000, "costAndExpenses": 8226000000, "interestIncome": 0, "interestExpense": 0, "depreciationAndAmortization": 430000000, "ebitda": 3786000000, "ebitdaratio": 0.3348664426, "operatingIncome": 3080000000, "operatingIncomeRatio": 0.272421723, "totalOtherIncomeExpensesNet": -276000000, "incomeBeforeTax": 2798000000, "incomeBeforeTaxRatio": 0.2474792146, "incomeTaxExpense": 869000000, "netIncome": 1929000000, "netIncomeRatio": 0.1706173713, "eps": 0.52, "epsdiluted": 0.5, "weightedAverageShsOut": 3709615385, "weightedAverageShsOutDil": 3858000000, "link": "https://www.sec.gov/Archives/edgar/data/78003/000095011697000605/0000950116-97-000605-index.html", "finalLink": "https://www.sec.gov/Archives/edgar/data/78003/", "calculatedOtherExpenses": 430000000, "calculatedOperatingExpenses": 6480000000, "calculatedNetInterest": 0, "calculatedOtherIncome": -282000000, "calculatedIncomeNonControlling": 0, "calculatedEbitda": 3510000000}, {"date": "1995-12-31", "symbol": "PFE", "reportedCurrency": "USD", "cik": "0000078003", "fillingDate": "1996-03-29", "acceptedDate": "1996-03-29 00:00:00", "calendarYear": "1995", "period": "FY", "revenue": 10021400000, "costOfRevenue": 1790100000, "grossProfit": 8231300000, "grossProfitRatio": 0.8213722634, "researchAndDevelopmentExpenses": 0, "generalAndAdministrativeExpenses": 5297100000, "sellingAndMarketingExpenses": 0, "sellingGeneralAndAdministrativeExpenses": 5297100000, "otherExpenses": 374000000, "operatingExpenses": 5671100000, "costAndExpenses": 7461200000, "interestIncome": 0, "interestExpense": 0, "depreciationAndAmortization": 374000000, "ebitda": 3195200000, "ebitdaratio": 0.3188376873, "operatingIncome": 2560200000, "operatingIncomeRatio": 0.2554732872, "totalOtherIncomeExpensesNet": -261000000, "incomeBeforeTax": 2292200000, "incomeBeforeTaxRatio": 0.2287305167, "incomeTaxExpense": 738000000, "netIncome": 1572900000, "netIncomeRatio": 0.1569541182, "eps": 0.42, "epsdiluted": 0.42, "weightedAverageShsOut": 3774960000, "weightedAverageShsOutDil": 3774960000, "link": "https://www.sec.gov/Archives/edgar/data/78003/000091205796005586/0000912057-96-005586-index.html", "finalLink": "https://www.sec.gov/Archives/edgar/data/78003/", "calculatedOtherExpenses": 374000000, "calculatedOperatingExpenses": 5671100000, "calculatedNetInterest": 0, "calculatedOtherIncome": -268000000, "calculatedIncomeNonControlling": -18700000, "calculatedEbitda": 2934200000}, {"date": "1994-12-31", "symbol": "PFE", "reportedCurrency": "USD", "cik": "0000078003", "fillingDate": "1995-03-24", "acceptedDate": "1995-03-24 00:00:00", "calendarYear": "1994", "period": "FY", "revenue": 8281300000, "costOfRevenue": 1626600000, "grossProfit": 6654700000, "grossProfitRatio": 0.8035815633, "researchAndDevelopmentExpenses": 0, "generalAndAdministrativeExpenses": 4390200000, "sellingAndMarketingExpenses": 0, "sellingGeneralAndAdministrativeExpenses": 4390200000, "otherExpenses": 292000000, "operatingExpenses": 4682200000, "costAndExpenses": 6308800000, "interestIncome": 0, "interestExpense": 0, "depreciationAndAmortization": 292000000, "ebitda": 2375500000, "ebitdaratio": 0.2868510983, "operatingIncome": 1972500000, "operatingIncomeRatio": 0.2381872411, "totalOtherIncomeExpensesNet": -111000000, "incomeBeforeTax": 1856900000, "incomeBeforeTaxRatio": 0.2242280801, "incomeTaxExpense": 558500000, "netIncome": 1298400000, "netIncomeRatio": 0.1567869779, "eps": 0.35, "epsdiluted": 0.35, "weightedAverageShsOut": 3718568019, "weightedAverageShsOutDil": 3718568019, "link": "https://www.sec.gov/Archives/edgar/data/78003/000091205795001635/0000912057-95-001635-index.html", "finalLink": "https://www.sec.gov/Archives/edgar/data/78003/", "calculatedOtherExpenses": 292000000, "calculatedOperatingExpenses": 4682200000, "calculatedNetInterest": 0, "calculatedOtherIncome": -115600000, "calculatedIncomeNonControlling": 0, "calculatedEbitda": 2264500000}, {"date": "1993-12-31", "symbol": "PFE", "reportedCurrency": "USD", "cik": "0000078003", "fillingDate": "1994-03-25", "acceptedDate": "1994-03-25 00:00:00", "calendarYear": "1993", "period": "FY", "revenue": 7477700000, "costOfRevenue": 1513800000, "grossProfit": 5963900000, "grossProfitRatio": 0.7975580727, "researchAndDevelopmentExpenses": 0, "generalAndAdministrativeExpenses": 0, "sellingAndMarketingExpenses": 0, "sellingGeneralAndAdministrativeExpenses": 4792400000, "otherExpenses": 258200000, "operatingExpenses": 5050600000, "costAndExpenses": 6564400000, "interestIncome": 0, "interestExpense": 0, "depreciationAndAmortization": 258200000, "ebitda": 1126900000, "ebitdaratio": 0.1507014189, "operatingIncome": 913300000, "operatingIncomeRatio": 0.1221364858, "totalOtherIncomeExpensesNet": 44600000, "incomeBeforeTax": 848800000, "incomeBeforeTaxRatio": 0.1135108389, "incomeTaxExpense": 191300000, "netIncome": 657500000, "netIncomeRatio": 0.0879281062, "eps": 0.17, "epsdiluted": 0.17, "weightedAverageShsOut": 3867647059, "weightedAverageShsOutDil": 3867647059, "link": "https://www.sec.gov/Archives/edgar/data/78003/000089155494000029/0000891554-94-000029-index.html", "finalLink": "https://www.sec.gov/Archives/edgar/data/78003/", "calculatedOtherExpenses": 258200000, "calculatedOperatingExpenses": 5050600000, "calculatedNetInterest": 0, "calculatedOtherIncome": -64500000, "calculatedIncomeNonControlling": 0, "calculatedEbitda": 1171500000}, {"date": "1992-12-31", "symbol": "PFE", "reportedCurrency": "USD", "cik": "0000078003", "fillingDate": "1992-12-31", "acceptedDate": "1992-12-30 19:00:00", "calendarYear": "1992", "period": "FY", "revenue": 7230200000, "costOfRevenue": 1760400000, "grossProfit": 5469800000, "grossProfitRatio": 0.7565212581, "researchAndDevelopmentExpenses": 0, "generalAndAdministrativeExpenses": 0, "sellingAndMarketingExpenses": 0, "sellingGeneralAndAdministrativeExpenses": 3762500000, "otherExpenses": 263900000, "operatingExpenses": 4026400000, "costAndExpenses": 5786800000, "interestIncome": 0, "interestExpense": 0, "depreciationAndAmortization": 263900000, "ebitda": 1512500000, "ebitdaratio": 0.2091920002, "operatingIncome": 1443400000, "operatingIncomeRatio": 0.1996348649, "totalOtherIncomeExpensesNet": 194800000, "incomeBeforeTax": 1532100000, "incomeBeforeTaxRatio": 0.2119028519, "incomeTaxExpense": 438600000, "netIncome": 810900000, "netIncomeRatio": 0.1121545739, "eps": 0.21, "epsdiluted": 0.2, "weightedAverageShsOut": 3861428571, "weightedAverageShsOutDil": 4054500000, "link": "", "finalLink": "", "calculatedOtherExpenses": 263900000, "calculatedOperatingExpenses": 4026400000, "calculatedNetInterest": 0, "calculatedOtherIncome": 88700000, "calculatedIncomeNonControlling": 282600000, "calculatedEbitda": 1707300000}, {"date": "1991-12-31", "symbol": "PFE", "reportedCurrency": "USD", "cik": "0000078003", "fillingDate": "1991-12-31", "acceptedDate": "1991-12-30 19:00:00", "calendarYear": "1991", "period": "FY", "revenue": 6950000000, "costOfRevenue": 1956500000, "grossProfit": 4993500000, "grossProfitRatio": 0.7184892086, "researchAndDevelopmentExpenses": 0, "generalAndAdministrativeExpenses": 0, "sellingAndMarketingExpenses": 0, "sellingGeneralAndAdministrativeExpenses": 3495900000, "otherExpenses": 244100000, "operatingExpenses": 3740000000, "costAndExpenses": 5696500000, "interestIncome": 0, "interestExpense": 0, "depreciationAndAmortization": 244100000, "ebitda": 1677300000, "ebitdaratio": 0.2413381295, "operatingIncome": 1253500000, "operatingIncomeRatio": 0.1803597122, "totalOtherIncomeExpensesNet": -179700000, "incomeBeforeTax": 940500000, "incomeBeforeTaxRatio": 0.135323741, "incomeTaxExpense": 218400000, "netIncome": 722100000, "netIncomeRatio": 0.1038992806, "eps": 0.19, "epsdiluted": 0.18, "weightedAverageShsOut": 3800526316, "weightedAverageShsOutDil": 4011666667, "link": "", "finalLink": "", "calculatedOtherExpenses": 244100000, "calculatedOperatingExpenses": 3740000000, "calculatedNetInterest": 0, "calculatedOtherIncome": -313000000, "calculatedIncomeNonControlling": 0, "calculatedEbitda": 1497600000}, {"date": "1990-12-31", "symbol": "PFE", "reportedCurrency": "USD", "cik": "0000078003", "fillingDate": "1990-12-31", "acceptedDate": "1990-12-30 19:00:00", "calendarYear": "1990", "period": "FY", "revenue": 6406000000, "costOfRevenue": 2034600000, "grossProfit": 4371400000, "grossProfitRatio": 0.682391508, "researchAndDevelopmentExpenses": 0, "generalAndAdministrativeExpenses": 0, "sellingAndMarketingExpenses": 0, "sellingGeneralAndAdministrativeExpenses": 3092800000, "otherExpenses": 224800000, "operatingExpenses": 3317600000, "costAndExpenses": 5352200000, "interestIncome": 0, "interestExpense": 0, "depreciationAndAmortization": 224800000, "ebitda": 1096600000, "ebitdaratio": 0.1711832657, "operatingIncome": 1053800000, "operatingIncomeRatio": 0.1645020293, "totalOtherIncomeExpensesNet": 182000000, "incomeBeforeTax": 1099100000, "incomeBeforeTaxRatio": 0.1715735248, "incomeTaxExpense": 297900000, "netIncome": 801200000, "netIncomeRatio": 0.1250702466, "eps": 0.21, "epsdiluted": 0.21, "weightedAverageShsOut": 3815238095, "weightedAverageShsOutDil": 3815238095, "link": "", "finalLink": "", "calculatedOtherExpenses": 224800000, "calculatedOperatingExpenses": 3317600000, "calculatedNetInterest": 0, "calculatedOtherIncome": 45300000, "calculatedIncomeNonControlling": 0, "calculatedEbitda": 1278600000}, {"date": "1989-12-31", "symbol": "PFE", "reportedCurrency": "USD", "cik": "0000078003", "fillingDate": "1989-12-31", "acceptedDate": "1989-12-30 19:00:00", "calendarYear": "1989", "period": "FY", "revenue": 5671500000, "costOfRevenue": 1855200000, "grossProfit": 3816300000, "grossProfitRatio": 0.6728907696, "researchAndDevelopmentExpenses": 0, "generalAndAdministrativeExpenses": 0, "sellingAndMarketingExpenses": 0, "sellingGeneralAndAdministrativeExpenses": 2641000000, "otherExpenses": 207100000, "operatingExpenses": 2848100000, "costAndExpenses": 4703300000, "interestIncome": 0, "interestExpense": 0, "depreciationAndAmortization": 207100000, "ebitda": 1101000000, "ebitdaratio": 0.1941285374, "operatingIncome": 968200000, "operatingIncomeRatio": 0.1707132152, "totalOtherIncomeExpensesNet": 74300000, "incomeBeforeTax": 912400000, "incomeBeforeTaxRatio": 0.1608745482, "incomeTaxExpense": 231300000, "netIncome": 681100000, "netIncomeRatio": 0.1200916865, "eps": 0.16, "epsdiluted": 0.16, "weightedAverageShsOut": 4256875000, "weightedAverageShsOutDil": 4256875000, "link": "", "finalLink": "", "calculatedOtherExpenses": 207100000, "calculatedOperatingExpenses": 2848100000, "calculatedNetInterest": 0, "calculatedOtherIncome": -55800000, "calculatedIncomeNonControlling": 0, "calculatedEbitda": 1175300000}, {"date": "1988-12-31", "symbol": "PFE", "reportedCurrency": "USD", "cik": "0000078003", "fillingDate": "1988-12-31", "acceptedDate": "1988-12-30 19:00:00", "calendarYear": "1988", "period": "FY", "revenue": 5385400000, "costOfRevenue": 1825600000, "grossProfit": 3559800000, "grossProfitRatio": 0.6610093958, "researchAndDevelopmentExpenses": 0, "generalAndAdministrativeExpenses": 0, "sellingAndMarketingExpenses": 0, "sellingGeneralAndAdministrativeExpenses": 2353400000, "otherExpenses": 194500000, "operatingExpenses": 2547900000, "costAndExpenses": 4373500000, "interestIncome": 0, "interestExpense": 0, "depreciationAndAmortization": 194500000, "ebitda": 1032000000, "ebitdaratio": 0.1916292197, "operatingIncome": 1011900000, "operatingIncomeRatio": 0.1878969065, "totalOtherIncomeExpensesNet": 174400000, "incomeBeforeTax": 1100700000, "incomeBeforeTaxRatio": 0.2043859323, "incomeTaxExpense": 309400000, "netIncome": 791300000, "netIncomeRatio": 0.1469343039, "eps": 0.19, "epsdiluted": 0.19, "weightedAverageShsOut": 4164736842, "weightedAverageShsOutDil": 4164736842, "link": "", "finalLink": "", "calculatedOtherExpenses": 194500000, "calculatedOperatingExpenses": 2547900000, "calculatedNetInterest": 0, "calculatedOtherIncome": 88800000, "calculatedIncomeNonControlling": 0, "calculatedEbitda": 1206400000}, {"date": "1987-12-31", "symbol": "PFE", "reportedCurrency": "USD", "cik": "0000078003", "fillingDate": "1987-12-31", "acceptedDate": "1987-12-30 19:00:00", "calendarYear": "1987", "period": "FY", "revenue": 4919800000, "costOfRevenue": 1734900000, "grossProfit": 3184900000, "grossProfitRatio": 0.647363714, "researchAndDevelopmentExpenses": 0, "generalAndAdministrativeExpenses": 0, "sellingAndMarketingExpenses": 0, "sellingGeneralAndAdministrativeExpenses": 2082100000, "otherExpenses": 162000000, "operatingExpenses": 2244100000, "costAndExpenses": 3979000000, "interestIncome": 0, "interestExpense": 0, "depreciationAndAmortization": 162000000, "ebitda": 969400000, "ebitdaratio": 0.1970405301, "operatingIncome": 940800000, "operatingIncomeRatio": 0.1912272857, "totalOtherIncomeExpensesNet": 133400000, "incomeBeforeTax": 1007500000, "incomeBeforeTaxRatio": 0.2047847473, "incomeTaxExpense": 317300000, "netIncome": 690200000, "netIncomeRatio": 0.1402902557, "eps": 0.17, "epsdiluted": 0.17, "weightedAverageShsOut": 4060000000, "weightedAverageShsOutDil": 4060000000, "link": "", "finalLink": "", "calculatedOtherExpenses": 162000000, "calculatedOperatingExpenses": 2244100000, "calculatedNetInterest": 0, "calculatedOtherIncome": 66700000, "calculatedIncomeNonControlling": 0, "calculatedEbitda": 1102800000}, {"date": "1986-12-31", "symbol": "PFE", "reportedCurrency": "USD", "cik": "0000078003", "fillingDate": "1986-12-31", "acceptedDate": "1986-12-30 19:00:00", "calendarYear": "1986", "period": "FY", "revenue": 4476000000, "costOfRevenue": 1573300000, "grossProfit": 2902700000, "grossProfitRatio": 0.6485031278, "researchAndDevelopmentExpenses": 0, "generalAndAdministrativeExpenses": 0, "sellingAndMarketingExpenses": 0, "sellingGeneralAndAdministrativeExpenses": 1795900000, "otherExpenses": 147100000, "operatingExpenses": 1943000000, "costAndExpenses": 3516300000, "interestIncome": 0, "interestExpense": 0, "depreciationAndAmortization": 147100000, "ebitda": 1046100000, "ebitdaratio": 0.2337131367, "operatingIncome": 959700000, "operatingIncomeRatio": 0.2144101877, "totalOtherIncomeExpensesNet": 60700000, "incomeBeforeTax": 960700000, "incomeBeforeTaxRatio": 0.2146336014, "incomeTaxExpense": 300700000, "netIncome": 660000000, "netIncomeRatio": 0.1474530831, "eps": 0.16, "epsdiluted": 0.16, "weightedAverageShsOut": 4125000000, "weightedAverageShsOutDil": 4125000000, "link": "", "finalLink": "", "calculatedOtherExpenses": 147100000, "calculatedOperatingExpenses": 1943000000, "calculatedNetInterest": 0, "calculatedOtherIncome": 1000000, "calculatedIncomeNonControlling": 0, "calculatedEbitda": 1106800000}, {"date": "1985-12-31", "symbol": "PFE", "reportedCurrency": "USD", "cik": "0000078003", "fillingDate": "1985-12-31", "acceptedDate": "1985-12-30 19:00:00", "calendarYear": "1985", "period": "FY", "revenue": 4024500000, "costOfRevenue": 1416200000, "grossProfit": 2608300000, "grossProfitRatio": 0.6481053547, "researchAndDevelopmentExpenses": 0, "generalAndAdministrativeExpenses": 0, "sellingAndMarketingExpenses": 0, "sellingGeneralAndAdministrativeExpenses": 1598800000, "otherExpenses": 129500000, "operatingExpenses": 1728300000, "costAndExpenses": 3144500000, "interestIncome": 0, "interestExpense": 0, "depreciationAndAmortization": 129500000, "ebitda": 929700000, "ebitdaratio": 0.2310100634, "operatingIncome": 880000000, "operatingIncomeRatio": 0.2186607032, "totalOtherIncomeExpensesNet": 79800000, "incomeBeforeTax": 876100000, "incomeBeforeTaxRatio": 0.2176916387, "incomeTaxExpense": 296400000, "netIncome": 579700000, "netIncomeRatio": 0.1440427382, "eps": 0.14, "epsdiluted": 0.14, "weightedAverageShsOut": 4140714286, "weightedAverageShsOutDil": 4140714286, "link": "", "finalLink": "", "calculatedOtherExpenses": 129500000, "calculatedOperatingExpenses": 1728300000, "calculatedNetInterest": 0, "calculatedOtherIncome": -3900000, "calculatedIncomeNonControlling": 0, "calculatedEbitda": 1009500000}]}