{"originalCurrency": "USD", "convertedCurrency": "USD", "report": [{"date": "2023-12-31", "symbol": "PFG", "reportedCurrency": "USD", "cik": "0001126328", "fillingDate": "2024-02-20", "acceptedDate": "2024-02-20 16:11:56", "calendarYear": "2023", "period": "FY", "revenue": 13665800000, "costOfRevenue": 0, "grossProfit": 13665800000, "grossProfitRatio": 1, "researchAndDevelopmentExpenses": 0, "generalAndAdministrativeExpenses": 0, "sellingAndMarketingExpenses": 0, "sellingGeneralAndAdministrativeExpenses": 5072100000, "otherExpenses": 5072100000, "operatingExpenses": 12927000000, "costAndExpenses": 12927000000, "interestIncome": 0, "interestExpense": 1900000, "depreciationAndAmortization": 272700000, "ebitda": -76000000, "ebitdaratio": -0.0055613283, "operatingIncome": 767900000, "operatingIncomeRatio": 0.0561913682, "totalOtherIncomeExpensesNet": -29100000, "incomeBeforeTax": 738800000, "incomeBeforeTaxRatio": 0.0540619649, "incomeTaxExpense": 68700000, "netIncome": 623200000, "netIncomeRatio": 0.0456028919, "eps": 2.58, "epsdiluted": 2.55, "weightedAverageShsOut": 241300000, "weightedAverageShsOutDil": 244600000, "link": "https://www.sec.gov/Archives/edgar/data/1126328/000110465924025516/0001104659-24-025516-index.htm", "finalLink": "https://www.sec.gov/Archives/edgar/data/1126328/000110465924025516/pfg-20231231x10k.htm", "calculatedOtherExpenses": 7825800000, "calculatedOperatingExpenses": 12897900000, "calculatedNetInterest": -1900000, "calculatedOtherIncome": -27200000, "calculatedIncomeNonControlling": 46900000, "calculatedEbitda": 1040600000}, {"date": "2022-12-31", "symbol": "PFG", "reportedCurrency": "USD", "cik": "0001126328", "fillingDate": "2023-02-16", "acceptedDate": "2023-02-16 16:59:23", "calendarYear": "2022", "period": "FY", "revenue": 17491600000, "costOfRevenue": 0, "grossProfit": 17491600000, "grossProfitRatio": 1, "researchAndDevelopmentExpenses": 0, "generalAndAdministrativeExpenses": 0, "sellingAndMarketingExpenses": 0, "sellingGeneralAndAdministrativeExpenses": 4962200000, "otherExpenses": 4965900000, "operatingExpenses": 4965900000, "costAndExpenses": 11431500000, "interestIncome": 0, "interestExpense": 1200000, "depreciationAndAmortization": 295900000, "ebitda": 6315400000, "ebitdaratio": 0.3610533056, "operatingIncome": 6019500000, "operatingIncomeRatio": 0.3441366141, "totalOtherIncomeExpensesNet": 40600000, "incomeBeforeTax": 6060100000, "incomeBeforeTaxRatio": 0.3464577283, "incomeTaxExpense": 1207900000, "netIncome": 4756900000, "netIncomeRatio": 0.2719533948, "eps": 18.94, "epsdiluted": 18.63, "weightedAverageShsOut": 251100000, "weightedAverageShsOutDil": 255300000, "link": "https://www.sec.gov/Archives/edgar/data/1126328/000110465923022860/0001104659-23-022860-index.htm", "finalLink": "https://www.sec.gov/Archives/edgar/data/1126328/000110465923022860/pfg-20221231x10k.htm", "calculatedOtherExpenses": 6509900000, "calculatedOperatingExpenses": 11472100000, "calculatedNetInterest": -1200000, "calculatedOtherIncome": 41800000, "calculatedIncomeNonControlling": 95300000, "calculatedEbitda": 6315400000}, {"date": "2021-12-31", "symbol": "PFG", "reportedCurrency": "USD", "cik": "0001126328", "fillingDate": "2022-02-11", "acceptedDate": "2022-02-11 15:43:04", "calendarYear": "2021", "period": "FY", "revenue": 14262700000, "costOfRevenue": 0, "grossProfit": 14262700000, "grossProfitRatio": 1, "researchAndDevelopmentExpenses": 0, "generalAndAdministrativeExpenses": 0, "sellingAndMarketingExpenses": 0, "sellingGeneralAndAdministrativeExpenses": 5070000000, "otherExpenses": -12225900000, "operatingExpenses": -12225900000, "costAndExpenses": 12179100000, "interestIncome": 0, "interestExpense": 1000000, "depreciationAndAmortization": 275300000, "ebitda": 2312100000, "ebitdaratio": 0.1621081562, "operatingIncome": 2036800000, "operatingIncomeRatio": 0.1428060606, "totalOtherIncomeExpensesNet": 46800000, "incomeBeforeTax": 2083600000, "incomeBeforeTaxRatio": 0.1460873467, "incomeTaxExpense": 326200000, "netIncome": 1580200000, "netIncomeRatio": 0.1107924867, "eps": 6.36, "epsdiluted": 6.27, "weightedAverageShsOut": 269000000, "weightedAverageShsOutDil": 272900000, "link": "https://www.sec.gov/Archives/edgar/data/1126328/000110465922020401/0001104659-22-020401-index.htm", "finalLink": "https://www.sec.gov/Archives/edgar/data/1126328/000110465922020401/pfg-20211231x10k.htm", "calculatedOtherExpenses": 7155900000, "calculatedOperatingExpenses": 12225900000, "calculatedNetInterest": -1000000, "calculatedOtherIncome": 47800000, "calculatedIncomeNonControlling": 177200000, "calculatedEbitda": 2312100000}, {"date": "2020-12-31", "symbol": "PFG", "reportedCurrency": "USD", "cik": "0001126328", "fillingDate": "2021-02-12", "acceptedDate": "2021-02-12 17:00:44", "calendarYear": "2020", "period": "FY", "revenue": 14741700000, "costOfRevenue": 0, "grossProfit": 14741700000, "grossProfitRatio": 1, "researchAndDevelopmentExpenses": 0, "generalAndAdministrativeExpenses": 4646500000, "sellingAndMarketingExpenses": 0, "sellingGeneralAndAdministrativeExpenses": 4646500000, "otherExpenses": -17727400000, "operatingExpenses": -13080900000, "costAndExpenses": 13048200000, "interestIncome": 0, "interestExpense": 1000000, "depreciationAndAmortization": 251900000, "ebitda": 1912700000, "ebitdaratio": 0.1297475868, "operatingIncome": 1660800000, "operatingIncomeRatio": 0.1126600053, "totalOtherIncomeExpensesNet": 32700000, "incomeBeforeTax": 1693500000, "incomeBeforeTaxRatio": 0.1148782026, "incomeTaxExpense": 265000000, "netIncome": 1395800000, "netIncomeRatio": 0.0946837882, "eps": 5.08, "epsdiluted": 5.05, "weightedAverageShsOut": 274700000, "weightedAverageShsOutDil": 276600000, "link": "https://www.sec.gov/Archives/edgar/data/1126328/000110465921022074/0001104659-21-022074-index.htm", "finalLink": "https://www.sec.gov/Archives/edgar/data/1126328/000110465921022074/pfg-20201231x10k.htm", "calculatedOtherExpenses": 8434400000, "calculatedOperatingExpenses": 13080900000, "calculatedNetInterest": -1000000, "calculatedOtherIncome": 33700000, "calculatedIncomeNonControlling": 32700000, "calculatedEbitda": 1912700000}, {"date": "2019-12-31", "symbol": "PFG", "reportedCurrency": "USD", "cik": "0001126328", "fillingDate": "2020-02-14", "acceptedDate": "2020-02-14 12:01:06", "calendarYear": "2019", "period": "FY", "revenue": 16222100000, "costOfRevenue": 0, "grossProfit": 16222100000, "grossProfitRatio": 1, "researchAndDevelopmentExpenses": 0, "generalAndAdministrativeExpenses": 4503900000, "sellingAndMarketingExpenses": 0, "sellingGeneralAndAdministrativeExpenses": 4503900000, "otherExpenses": -19082600000, "operatingExpenses": -14578700000, "costAndExpenses": 14528800000, "interestIncome": 0, "interestExpense": 1000000, "depreciationAndAmortization": 226800000, "ebitda": 1870200000, "ebitdaratio": 0.11528717, "operatingIncome": 1643400000, "operatingIncomeRatio": 0.1013062427, "totalOtherIncomeExpensesNet": 49900000, "incomeBeforeTax": 1693300000, "incomeBeforeTaxRatio": 0.1043822933, "incomeTaxExpense": 249200000, "netIncome": 1394200000, "netIncomeRatio": 0.0859444831, "eps": 5, "epsdiluted": 4.96, "weightedAverageShsOut": 278600000, "weightedAverageShsOutDil": 281000000, "link": "https://www.sec.gov/Archives/edgar/data/1126328/000110465920021174/0001104659-20-021174-index.htm", "finalLink": "https://www.sec.gov/Archives/edgar/data/1126328/000110465920021174/pfg-20191231x10k0da4e5.htm", "calculatedOtherExpenses": 10074800000, "calculatedOperatingExpenses": 14578700000, "calculatedNetInterest": -1000000, "calculatedOtherIncome": 50900000, "calculatedIncomeNonControlling": 49900000, "calculatedEbitda": 1870200000}, {"date": "2018-12-31", "symbol": "PFG", "reportedCurrency": "USD", "cik": "0001126328", "fillingDate": "2019-02-13", "acceptedDate": "2019-02-13 13:11:31", "calendarYear": "2018", "period": "FY", "revenue": 14237200000, "costOfRevenue": 0, "grossProfit": 14237200000, "grossProfitRatio": 1, "researchAndDevelopmentExpenses": 0, "generalAndAdministrativeExpenses": 4136700000, "sellingAndMarketingExpenses": 0, "sellingGeneralAndAdministrativeExpenses": 4136700000, "otherExpenses": -16596700000, "operatingExpenses": -12460000000, "costAndExpenses": 12452800000, "interestIncome": 0, "interestExpense": 0, "depreciationAndAmortization": 205100000, "ebitda": 1982300000, "ebitdaratio": 0.1392338381, "operatingIncome": 1777200000, "operatingIncomeRatio": 0.1248279156, "totalOtherIncomeExpensesNet": 7200000, "incomeBeforeTax": 1784400000, "incomeBeforeTaxRatio": 0.125333633, "incomeTaxExpense": 230700000, "netIncome": 1546500000, "netIncomeRatio": 0.1086238867, "eps": 5.41, "epsdiluted": 5.35, "weightedAverageShsOut": 285800000, "weightedAverageShsOutDil": 288800000, "link": "https://www.sec.gov/Archives/edgar/data/1126328/000104746919000469/0001047469-19-000469-index.htm", "finalLink": "https://www.sec.gov/Archives/edgar/data/1126328/000104746919000469/a2237639z10-k.htm", "calculatedOtherExpenses": 8323300000, "calculatedOperatingExpenses": 12460000000, "calculatedNetInterest": 0, "calculatedOtherIncome": 7200000, "calculatedIncomeNonControlling": 7200000, "calculatedEbitda": 1982300000}, {"date": "2017-12-31", "symbol": "PFG", "reportedCurrency": "USD", "cik": "0001126328", "fillingDate": "2018-02-09", "acceptedDate": "2018-02-09 10:48:53", "calendarYear": "2017", "period": "FY", "revenue": 14093200000, "costOfRevenue": 0, "grossProfit": 14093200000, "grossProfitRatio": 1, "researchAndDevelopmentExpenses": 0, "generalAndAdministrativeExpenses": 3893800000, "sellingAndMarketingExpenses": 0, "sellingGeneralAndAdministrativeExpenses": 3893800000, "otherExpenses": 3893800000, "operatingExpenses": 3893800000, "costAndExpenses": 11841000000, "interestIncome": 0, "interestExpense": 0, "depreciationAndAmortization": 195700000, "ebitda": 2433800000, "ebitdaratio": 0.1726932137, "operatingIncome": 2238100000, "operatingIncomeRatio": 0.1588070843, "totalOtherIncomeExpensesNet": 14100000, "incomeBeforeTax": 2252200000, "incomeBeforeTaxRatio": 0.1598075668, "incomeTaxExpense": -72300000, "netIncome": 2310400000, "netIncomeRatio": 0.1639372179, "eps": 8, "epsdiluted": 7.88, "weightedAverageShsOut": 293100000, "weightedAverageShsOutDil": 293197969, "link": "https://www.sec.gov/Archives/edgar/data/1126328/000104746918000695/0001047469-18-000695-index.htm", "finalLink": "https://www.sec.gov/Archives/edgar/data/1126328/000104746918000695/a2234426z10-k.htm", "calculatedOtherExpenses": 7961300000, "calculatedOperatingExpenses": 11855100000, "calculatedNetInterest": 0, "calculatedOtherIncome": 14100000, "calculatedIncomeNonControlling": 14100000, "calculatedEbitda": 2433800000}, {"date": "2016-12-31", "symbol": "PFG", "reportedCurrency": "USD", "cik": "0001126328", "fillingDate": "2017-02-08", "acceptedDate": "2017-02-08 11:57:30", "calendarYear": "2016", "period": "FY", "revenue": 12394100000, "costOfRevenue": 0, "grossProfit": 12394100000, "grossProfitRatio": 1, "researchAndDevelopmentExpenses": 0, "generalAndAdministrativeExpenses": 3732600000, "sellingAndMarketingExpenses": 0, "sellingGeneralAndAdministrativeExpenses": 3732600000, "otherExpenses": 3732600000, "operatingExpenses": 3732600000, "costAndExpenses": 10802400000, "interestIncome": 0, "interestExpense": 0, "depreciationAndAmortization": 186600000, "ebitda": 1733000000, "ebitdaratio": 0.139824594, "operatingIncome": 1546400000, "operatingIncomeRatio": 0.1247690433, "totalOtherIncomeExpensesNet": 45300000, "incomeBeforeTax": 1591700000, "incomeBeforeTaxRatio": 0.1284240082, "incomeTaxExpense": 229900000, "netIncome": 1316500000, "netIncomeRatio": 0.106219895, "eps": 4.55, "epsdiluted": 4.5, "weightedAverageShsOut": 292555555, "weightedAverageShsOutDil": 292700000, "link": "https://www.sec.gov/Archives/edgar/data/1126328/000104746917000589/0001047469-17-000589-index.htm", "finalLink": "https://www.sec.gov/Archives/edgar/data/1126328/000104746917000589/a2230820z10-k.htm", "calculatedOtherExpenses": 7115100000, "calculatedOperatingExpenses": 10847700000, "calculatedNetInterest": 0, "calculatedOtherIncome": 45300000, "calculatedIncomeNonControlling": 45300000, "calculatedEbitda": 1733000000}, {"date": "2015-12-31", "symbol": "PFG", "reportedCurrency": "USD", "cik": "0001126328", "fillingDate": "2016-02-10", "acceptedDate": "2016-02-10 12:20:48", "calendarYear": "2015", "period": "FY", "revenue": 11964400000, "costOfRevenue": 0, "grossProfit": 11964400000, "grossProfitRatio": 1, "researchAndDevelopmentExpenses": 0, "generalAndAdministrativeExpenses": 3672400000, "sellingAndMarketingExpenses": 0, "sellingGeneralAndAdministrativeExpenses": 3672400000, "otherExpenses": 3672400000, "operatingExpenses": 3672400000, "costAndExpenses": 10533600000, "interestIncome": 0, "interestExpense": 0, "depreciationAndAmortization": 193000000, "ebitda": 1604600000, "ebitdaratio": 0.1341145398, "operatingIncome": 1411600000, "operatingIncomeRatio": 0.1179833506, "totalOtherIncomeExpensesNet": 19200000, "incomeBeforeTax": 1430800000, "incomeBeforeTaxRatio": 0.1195881114, "incomeTaxExpense": 177600000, "netIncome": 1234000000, "netIncomeRatio": 0.1031393133, "eps": 4.11, "epsdiluted": 4.06, "weightedAverageShsOut": 297857142, "weightedAverageShsOutDil": 298000000, "link": "https://www.sec.gov/Archives/edgar/data/1126328/000104746916010094/0001047469-16-010094-index.htm", "finalLink": "https://www.sec.gov/Archives/edgar/data/1126328/000104746916010094/a2227257z10-k.htm", "calculatedOtherExpenses": 6880400000, "calculatedOperatingExpenses": 10552800000, "calculatedNetInterest": 0, "calculatedOtherIncome": 19200000, "calculatedIncomeNonControlling": 19200000, "calculatedEbitda": 1604600000}, {"date": "2014-12-31", "symbol": "PFG", "reportedCurrency": "USD", "cik": "0001126328", "fillingDate": "2015-02-11", "acceptedDate": "2015-02-11 12:58:06", "calendarYear": "2014", "period": "FY", "revenue": 10554800000, "costOfRevenue": 77200000, "grossProfit": 10477600000, "grossProfitRatio": 0.9926857922, "researchAndDevelopmentExpenses": 0, "generalAndAdministrativeExpenses": 3574300000, "sellingAndMarketingExpenses": 0, "sellingGeneralAndAdministrativeExpenses": 3574300000, "otherExpenses": 3574300000, "operatingExpenses": 3574300000, "costAndExpenses": 8853700000, "interestIncome": 0, "interestExpense": 134100000, "depreciationAndAmortization": 122700000, "ebitda": 1766200000, "ebitdaratio": 0.1673361883, "operatingIncome": 1643500000, "operatingIncomeRatio": 0.1557111456, "totalOtherIncomeExpensesNet": 57600000, "incomeBeforeTax": 1701100000, "incomeBeforeTaxRatio": 0.1611683784, "incomeTaxExpense": 317800000, "netIncome": 1350900000, "netIncomeRatio": 0.1279891613, "eps": 3.7, "epsdiluted": 3.65, "weightedAverageShsOut": 298700000, "weightedAverageShsOutDil": 299013698, "link": "https://www.sec.gov/Archives/edgar/data/1126328/000104746915000727/0001047469-15-000727-index.htm", "finalLink": "https://www.sec.gov/Archives/edgar/data/1126328/000104746915000727/a2222934z10-k.htm", "calculatedOtherExpenses": 5259800000, "calculatedOperatingExpenses": 8834100000, "calculatedNetInterest": -134100000, "calculatedOtherIncome": 191700000, "calculatedIncomeNonControlling": 32400000, "calculatedEbitda": 1766200000}, {"date": "2013-12-31", "symbol": "PFG", "reportedCurrency": "USD", "cik": "0001126328", "fillingDate": "2014-02-12", "acceptedDate": "2014-02-12 12:08:26", "calendarYear": "2013", "period": "FY", "revenue": 9606800000, "costOfRevenue": 317300000, "grossProfit": 9289500000, "grossProfitRatio": 0.966971312, "researchAndDevelopmentExpenses": 0, "generalAndAdministrativeExpenses": 3292900000, "sellingAndMarketingExpenses": 0, "sellingGeneralAndAdministrativeExpenses": 3292900000, "otherExpenses": -11293600000, "operatingExpenses": -8000700000, "costAndExpenses": 8201400000, "interestIncome": 0, "interestExpense": 142400000, "depreciationAndAmortization": 108100000, "ebitda": 1396900000, "ebitdaratio": 0.1454074197, "operatingIncome": 1288800000, "operatingIncomeRatio": 0.1341549736, "totalOtherIncomeExpensesNet": 117200000, "incomeBeforeTax": 1406000000, "incomeBeforeTaxRatio": 0.1463546654, "incomeTaxExpense": 289900000, "netIncome": 1092900000, "netIncomeRatio": 0.1137631678, "eps": 2.99, "epsdiluted": 2.95, "weightedAverageShsOut": 298200000, "weightedAverageShsOutDil": 298203389, "link": "https://www.sec.gov/Archives/edgar/data/1126328/000104746914000817/0001047469-14-000817-index.htm", "finalLink": "https://www.sec.gov/Archives/edgar/data/1126328/000104746914000817/a2218175z10-k.htm", "calculatedOtherExpenses": 4707800000, "calculatedOperatingExpenses": 8000700000, "calculatedNetInterest": -142400000, "calculatedOtherIncome": 259600000, "calculatedIncomeNonControlling": 23200000, "calculatedEbitda": 1396900000}, {"date": "2012-12-31", "symbol": "PFG", "reportedCurrency": "USD", "cik": "0001126328", "fillingDate": "2013-02-13", "acceptedDate": "2013-02-13 09:53:04", "calendarYear": "2012", "period": "FY", "revenue": 9175400000, "costOfRevenue": 0, "grossProfit": 9175400000, "grossProfitRatio": 1, "researchAndDevelopmentExpenses": 0, "generalAndAdministrativeExpenses": 2934100000, "sellingAndMarketingExpenses": 0, "sellingGeneralAndAdministrativeExpenses": 2934100000, "otherExpenses": 2934100000, "operatingExpenses": 2934100000, "costAndExpenses": 8137900000, "interestIncome": 0, "interestExpense": 132700000, "depreciationAndAmortization": 90200000, "ebitda": 1214600000, "ebitdaratio": 0.1323757002, "operatingIncome": 1124400000, "operatingIncomeRatio": 0.1225450662, "totalOtherIncomeExpensesNet": -86900000, "incomeBeforeTax": 1037500000, "incomeBeforeTaxRatio": 0.1130740894, "incomeTaxExpense": 186000000, "netIncome": 841000000, "netIncomeRatio": 0.0916581293, "eps": 2.6, "epsdiluted": 2.58, "weightedAverageShsOut": 299844961, "weightedAverageShsOutDil": 300400000, "link": "https://www.sec.gov/Archives/edgar/data/1126328/000104746913000940/0001047469-13-000940-index.htm", "finalLink": "https://www.sec.gov/Archives/edgar/data/1126328/000104746913000940/a2212740z10-k.htm", "calculatedOtherExpenses": 5116900000, "calculatedOperatingExpenses": 8051000000, "calculatedNetInterest": -132700000, "calculatedOtherIncome": 45800000, "calculatedIncomeNonControlling": 10500000, "calculatedEbitda": 1214600000}, {"date": "2011-12-31", "symbol": "PFG", "reportedCurrency": "USD", "cik": "0001126328", "fillingDate": "2012-02-15", "acceptedDate": "2012-02-15 11:19:22", "calendarYear": "2011", "period": "FY", "revenue": 8709600000, "costOfRevenue": 0, "grossProfit": 8709600000, "grossProfitRatio": 1, "researchAndDevelopmentExpenses": 0, "generalAndAdministrativeExpenses": 0, "sellingAndMarketingExpenses": 0, "sellingGeneralAndAdministrativeExpenses": 3057700000, "otherExpenses": 3057700000, "operatingExpenses": 3057700000, "costAndExpenses": 7722000000, "interestIncome": 0, "interestExpense": 0, "depreciationAndAmortization": 115800000, "ebitda": 1067200000, "ebitdaratio": 0.1225314595, "operatingIncome": 951400000, "operatingIncomeRatio": 0.1092357858, "totalOtherIncomeExpensesNet": 36200000, "incomeBeforeTax": 987600000, "incomeBeforeTaxRatio": 0.113392119, "incomeTaxExpense": 236400000, "netIncome": 715000000, "netIncomeRatio": 0.0820933223, "eps": 1.92, "epsdiluted": 1.91, "weightedAverageShsOut": 314500000, "weightedAverageShsOutDil": 317600000, "link": "https://www.sec.gov/Archives/edgar/data/1126328/000104746912001065/0001047469-12-001065-index.htm", "finalLink": "https://www.sec.gov/Archives/edgar/data/1126328/000104746912001065/a2207170z10-k.htm", "calculatedOtherExpenses": 4700500000, "calculatedOperatingExpenses": 7758200000, "calculatedNetInterest": 0, "calculatedOtherIncome": 36200000, "calculatedIncomeNonControlling": 36200000, "calculatedEbitda": 1067200000}, {"date": "2010-12-31", "symbol": "PFG", "reportedCurrency": "USD", "cik": "0001126328", "fillingDate": "2011-02-16", "acceptedDate": "2011-02-16 12:48:23", "calendarYear": "2010", "period": "FY", "revenue": 8041900000, "costOfRevenue": -1116700000, "grossProfit": 9158600000, "grossProfitRatio": 1.1388602196, "researchAndDevelopmentExpenses": 0, "generalAndAdministrativeExpenses": 1919200000, "sellingAndMarketingExpenses": 559800000, "sellingGeneralAndAdministrativeExpenses": 2479000000, "otherExpenses": 2759000000, "operatingExpenses": 2759000000, "costAndExpenses": 6923900000, "interestIncome": 0, "interestExpense": 120100000, "depreciationAndAmortization": 271300000, "ebitda": 1108200000, "ebitdaratio": 0.1378032554, "operatingIncome": 836900000, "operatingIncomeRatio": 0.1040674467, "totalOtherIncomeExpensesNet": 2191200000, "incomeBeforeTax": 1118000000, "incomeBeforeTaxRatio": 0.1390218729, "incomeTaxExpense": 233900000, "netIncome": 877800000, "netIncomeRatio": 0.1091533095, "eps": 2.08, "epsdiluted": 2.06, "weightedAverageShsOut": 320400000, "weightedAverageShsOutDil": 323000000, "link": "https://www.sec.gov/Archives/edgar/data/1126328/000104746911000974/0001047469-11-000974-index.htm", "finalLink": "https://www.sec.gov/Archives/edgar/data/1126328/000104746911000974/a2201860z10-k.htm", "calculatedOtherExpenses": 5842700000, "calculatedOperatingExpenses": 8321700000, "calculatedNetInterest": -120100000, "calculatedOtherIncome": 401200000, "calculatedIncomeNonControlling": 6300000, "calculatedEbitda": 1108200000}, {"date": "2009-12-31", "symbol": "PFG", "reportedCurrency": "USD", "cik": "0001126328", "fillingDate": "2010-02-17", "acceptedDate": "2010-02-17 14:28:25", "calendarYear": "2009", "period": "FY", "revenue": 8849100000, "costOfRevenue": 0, "grossProfit": 8849100000, "grossProfitRatio": 1, "researchAndDevelopmentExpenses": 0, "generalAndAdministrativeExpenses": 0, "sellingAndMarketingExpenses": 0, "sellingGeneralAndAdministrativeExpenses": 0, "otherExpenses": 2526600000, "operatingExpenses": 2526600000, "costAndExpenses": 8103300000, "interestIncome": 0, "interestExpense": 0, "depreciationAndAmortization": 138500000, "ebitda": 861300000, "ebitdaratio": 0.0973319321, "operatingIncome": 722800000, "operatingIncomeRatio": 0.0816806229, "totalOtherIncomeExpensesNet": 23000000, "incomeBeforeTax": 745800000, "incomeBeforeTaxRatio": 0.0842797573, "incomeTaxExpense": 100100000, "netIncome": 622700000, "netIncomeRatio": 0.0703687381, "eps": 1.98, "epsdiluted": 1.97, "weightedAverageShsOut": 297300000, "weightedAverageShsOutDil": 298900000, "link": "https://www.sec.gov/Archives/edgar/data/1126328/000104746910000948/0001047469-10-000948-index.htm", "finalLink": "https://www.sec.gov/Archives/edgar/data/1126328/000104746910000948/a2196417z10-k.htm", "calculatedOtherExpenses": 8126300000, "calculatedOperatingExpenses": 8126300000, "calculatedNetInterest": 0, "calculatedOtherIncome": 23000000, "calculatedIncomeNonControlling": 23000000, "calculatedEbitda": 861300000}, {"date": "2008-12-31", "symbol": "PFG", "reportedCurrency": "USD", "cik": "0001126328", "fillingDate": "2009-02-18", "acceptedDate": "2009-02-18 10:40:53", "calendarYear": "2008", "period": "FY", "revenue": 9935900000, "costOfRevenue": 0, "grossProfit": 9935900000, "grossProfitRatio": 1, "researchAndDevelopmentExpenses": 0, "generalAndAdministrativeExpenses": 0, "sellingAndMarketingExpenses": 0, "sellingGeneralAndAdministrativeExpenses": 2995100000, "otherExpenses": 2995100000, "operatingExpenses": 2995100000, "costAndExpenses": 9482300000, "interestIncome": 0, "interestExpense": 0, "depreciationAndAmortization": 145000000, "ebitda": 598600000, "ebitdaratio": 0.060246178, "operatingIncome": 453600000, "operatingIncomeRatio": 0.0456526334, "totalOtherIncomeExpensesNet": 0, "incomeBeforeTax": 453600000, "incomeBeforeTaxRatio": 0.0456526334, "incomeTaxExpense": -4500000, "netIncome": 458100000, "netIncomeRatio": 0.0461055365, "eps": 1.64, "epsdiluted": 1.63, "weightedAverageShsOut": 259300000, "weightedAverageShsOutDil": 261100000, "link": "https://www.sec.gov/Archives/edgar/data/1126328/000104746909001547/0001047469-09-001547-index.htm", "finalLink": "https://www.sec.gov/Archives/edgar/data/1126328/000104746909001547/a2190573z10-k.htm", "calculatedOtherExpenses": 6487200000, "calculatedOperatingExpenses": 9482300000, "calculatedNetInterest": 0, "calculatedOtherIncome": 0, "calculatedIncomeNonControlling": 0, "calculatedEbitda": 598600000}, {"date": "2007-12-31", "symbol": "PFG", "reportedCurrency": "USD", "cik": "0001126328", "fillingDate": "2008-02-27", "acceptedDate": "2008-02-27 14:04:59", "calendarYear": "2007", "period": "FY", "revenue": 10906500000, "costOfRevenue": 0, "grossProfit": 10906500000, "grossProfitRatio": 1, "researchAndDevelopmentExpenses": 0, "generalAndAdministrativeExpenses": 0, "sellingAndMarketingExpenses": 0, "sellingGeneralAndAdministrativeExpenses": 0, "otherExpenses": 3129200000, "operatingExpenses": 3129200000, "costAndExpenses": 9858300000, "interestIncome": 0, "interestExpense": 0, "depreciationAndAmortization": 487500000, "ebitda": 1555900000, "ebitdaratio": 0.142658048, "operatingIncome": 1068400000, "operatingIncomeRatio": 0.0979599322, "totalOtherIncomeExpensesNet": 2634700000, "incomeBeforeTax": 1048200000, "incomeBeforeTaxRatio": 0.0961078256, "incomeTaxExpense": 208100000, "netIncome": 860300000, "netIncomeRatio": 0.0788795672, "eps": 3.12, "epsdiluted": 3.09, "weightedAverageShsOut": 265400000, "weightedAverageShsOutDil": 268100000, "link": "https://www.sec.gov/Archives/edgar/data/1126328/000104746908001808/0001047469-08-001808-index.htm", "finalLink": "https://www.sec.gov/Archives/edgar/data/1126328/000104746908001808/a2182820z10-k.htm", "calculatedOtherExpenses": 9838100000, "calculatedOperatingExpenses": 9838100000, "calculatedNetInterest": 0, "calculatedOtherIncome": -20200000, "calculatedIncomeNonControlling": -20200000, "calculatedEbitda": 1555900000}, {"date": "2006-12-31", "symbol": "PFG", "reportedCurrency": "USD", "cik": "0001126328", "fillingDate": "2007-02-28", "acceptedDate": "2007-02-27 17:31:24", "calendarYear": "2006", "period": "FY", "revenue": 9870500000, "costOfRevenue": 0, "grossProfit": 9870500000, "grossProfitRatio": 1, "researchAndDevelopmentExpenses": 0, "generalAndAdministrativeExpenses": 0, "sellingAndMarketingExpenses": 0, "sellingGeneralAndAdministrativeExpenses": 0, "otherExpenses": 2558700000, "operatingExpenses": 2558700000, "costAndExpenses": 8541800000, "interestIncome": 0, "interestExpense": 0, "depreciationAndAmortization": 344500000, "ebitda": 1703800000, "ebitdaratio": 0.172615369, "operatingIncome": 1359300000, "operatingIncomeRatio": 0.1377133884, "totalOtherIncomeExpensesNet": 1902500000, "incomeBeforeTax": 1328700000, "incomeBeforeTaxRatio": 0.1346132415, "incomeTaxExpense": 295000000, "netIncome": 1064300000, "netIncomeRatio": 0.1078263512, "eps": 3.78, "epsdiluted": 3.74, "weightedAverageShsOut": 272900000, "weightedAverageShsOutDil": 275500000, "link": "https://www.sec.gov/Archives/edgar/data/1126328/000104746907001453/0001047469-07-001453-index.htm", "finalLink": "https://www.sec.gov/Archives/edgar/data/1126328/000104746907001453/a2176222z10-k.htm", "calculatedOtherExpenses": 8511200000, "calculatedOperatingExpenses": 8511200000, "calculatedNetInterest": 0, "calculatedOtherIncome": -30600000, "calculatedIncomeNonControlling": -30600000, "calculatedEbitda": 1703800000}, {"date": "2005-12-31", "symbol": "PFG", "reportedCurrency": "USD", "cik": "0001126328", "fillingDate": "2006-03-02", "acceptedDate": "2006-03-02 17:15:58", "calendarYear": "2005", "period": "FY", "revenue": 9007700000, "costOfRevenue": 0, "grossProfit": 9007700000, "grossProfitRatio": 1, "researchAndDevelopmentExpenses": 0, "generalAndAdministrativeExpenses": 0, "sellingAndMarketingExpenses": 0, "sellingGeneralAndAdministrativeExpenses": 0, "otherExpenses": 2307500000, "operatingExpenses": 2307500000, "costAndExpenses": 7883400000, "interestIncome": 0, "interestExpense": 0, "depreciationAndAmortization": 101600000, "ebitda": 1253000000, "ebitdaratio": 0.1391032117, "operatingIncome": 1151400000, "operatingIncomeRatio": 0.1278239728, "totalOtherIncomeExpensesNet": 1683200000, "incomeBeforeTax": 1124300000, "incomeBeforeTaxRatio": 0.1248154357, "incomeTaxExpense": 232400000, "netIncome": 919000000, "netIncomeRatio": 0.1020238241, "eps": 3.13, "epsdiluted": 3.11, "weightedAverageShsOut": 287955272, "weightedAverageShsOutDil": 289807074, "link": "https://www.sec.gov/Archives/edgar/data/1126328/000104746906002772/0001047469-06-002772-index.htm", "finalLink": "https://www.sec.gov/Archives/edgar/data/1126328/000104746906002772/a2167692z10-k.htm", "calculatedOtherExpenses": 7856300000, "calculatedOperatingExpenses": 7856300000, "calculatedNetInterest": 0, "calculatedOtherIncome": -27100000, "calculatedIncomeNonControlling": -27100000, "calculatedEbitda": 1253000000}, {"date": "2004-12-31", "symbol": "PFG", "reportedCurrency": "USD", "cik": "0001126328", "fillingDate": "2005-03-04", "acceptedDate": "2005-03-04 14:08:53", "calendarYear": "2004", "period": "FY", "revenue": 8303700000, "costOfRevenue": 0, "grossProfit": 8303700000, "grossProfitRatio": 1, "researchAndDevelopmentExpenses": 0, "generalAndAdministrativeExpenses": 0, "sellingAndMarketingExpenses": 0, "sellingGeneralAndAdministrativeExpenses": 0, "otherExpenses": 2165900000, "operatingExpenses": 2165900000, "costAndExpenses": 7422100000, "interestIncome": 0, "interestExpense": 0, "depreciationAndAmortization": 321600000, "ebitda": 1326300000, "ebitdaratio": 0.1597239785, "operatingIncome": 128800000, "operatingIncomeRatio": 0.0155111577, "totalOtherIncomeExpensesNet": 1472000000, "incomeBeforeTax": 881600000, "incomeBeforeTaxRatio": 0.1061695389, "incomeTaxExpense": 179100000, "netIncome": 825600000, "netIncomeRatio": 0.0994255573, "eps": 2.64, "epsdiluted": 2.62, "weightedAverageShsOut": 312727273, "weightedAverageShsOutDil": 315114504, "link": "https://www.sec.gov/Archives/edgar/data/1126328/000104746905005426/0001047469-05-005426-index.htm", "finalLink": "https://www.sec.gov/Archives/edgar/data/1126328/000104746905005426/a2152718z10-k.htm", "calculatedOtherExpenses": 8174900000, "calculatedOperatingExpenses": 8174900000, "calculatedNetInterest": 0, "calculatedOtherIncome": 752800000, "calculatedIncomeNonControlling": -123100000, "calculatedEbitda": 450400000}, {"date": "2003-12-31", "symbol": "PFG", "reportedCurrency": "USD", "cik": "0001126328", "fillingDate": "2004-03-03", "acceptedDate": "2004-03-03 17:07:50", "calendarYear": "2003", "period": "FY", "revenue": 9404200000, "costOfRevenue": 0, "grossProfit": 9404200000, "grossProfitRatio": 1, "researchAndDevelopmentExpenses": 0, "generalAndAdministrativeExpenses": 0, "sellingAndMarketingExpenses": 0, "sellingGeneralAndAdministrativeExpenses": 0, "otherExpenses": -8432100000, "operatingExpenses": -8432100000, "costAndExpenses": 8450500000, "interestIncome": 0, "interestExpense": 0, "depreciationAndAmortization": 694800000, "ebitda": 1666900000, "ebitdaratio": 0.1772505902, "operatingIncome": 972100000, "operatingIncomeRatio": 0.1033687076, "totalOtherIncomeExpensesNet": 2416200000, "incomeBeforeTax": 953700000, "incomeBeforeTaxRatio": 0.101412135, "incomeTaxExpense": 225800000, "netIncome": 746300000, "netIncomeRatio": 0.0793581591, "eps": 2.29, "epsdiluted": 2.28, "weightedAverageShsOut": 325895197, "weightedAverageShsOutDil": 327324561, "link": "https://www.sec.gov/Archives/edgar/data/1126328/000112632804000056/0001126328-04-000056-index.htm", "finalLink": "https://www.sec.gov/Archives/edgar/data/1126328/000112632804000056/final10k2004.txt", "calculatedOtherExpenses": 8432100000, "calculatedOperatingExpenses": 8432100000, "calculatedNetInterest": 0, "calculatedOtherIncome": -18400000, "calculatedIncomeNonControlling": -18400000, "calculatedEbitda": 1666900000}, {"date": "2002-12-31", "symbol": "PFG", "reportedCurrency": "USD", "cik": "0001126328", "fillingDate": "2003-03-05", "acceptedDate": "2003-03-05 17:17:49", "calendarYear": "2002", "period": "FY", "revenue": 8822500000, "costOfRevenue": 0, "grossProfit": 8822500000, "grossProfitRatio": 1, "researchAndDevelopmentExpenses": 0, "generalAndAdministrativeExpenses": 0, "sellingAndMarketingExpenses": 0, "sellingGeneralAndAdministrativeExpenses": 0, "otherExpenses": -8634300000, "operatingExpenses": -8634300000, "costAndExpenses": 8156700000, "interestIncome": 0, "interestExpense": 0, "depreciationAndAmortization": 615400000, "ebitda": 803600000, "ebitdaratio": 0.0910852933, "operatingIncome": 188200000, "operatingIncomeRatio": 0.021331822, "totalOtherIncomeExpensesNet": 1990800000, "incomeBeforeTax": 665800000, "incomeBeforeTaxRatio": 0.0754661377, "incomeTaxExpense": 45900000, "netIncome": 142300000, "netIncomeRatio": 0.0161292151, "eps": 0.41, "epsdiluted": 0.41, "weightedAverageShsOut": 347073171, "weightedAverageShsOutDil": 347073171, "link": "https://www.sec.gov/Archives/edgar/data/1126328/000112632803000122/0001126328-03-000122-index.htm", "finalLink": "https://www.sec.gov/Archives/edgar/data/1126328/000112632803000122/final10k2002.txt", "calculatedOtherExpenses": 8634300000, "calculatedOperatingExpenses": 8634300000, "calculatedNetInterest": 0, "calculatedOtherIncome": 477600000, "calculatedIncomeNonControlling": 477600000, "calculatedEbitda": 803600000}, {"date": "2001-12-31", "symbol": "PFG", "reportedCurrency": "USD", "cik": "0001126328", "fillingDate": "2002-03-12", "acceptedDate": "2002-03-12 00:00:00", "calendarYear": "2001", "period": "FY", "revenue": 8817500000, "costOfRevenue": 0, "grossProfit": 8817500000, "grossProfitRatio": 1, "researchAndDevelopmentExpenses": 0, "generalAndAdministrativeExpenses": 0, "sellingAndMarketingExpenses": 0, "sellingGeneralAndAdministrativeExpenses": 0, "otherExpenses": -8379700000, "operatingExpenses": -8379700000, "costAndExpenses": 8369000000, "interestIncome": 0, "interestExpense": 0, "depreciationAndAmortization": 723500000, "ebitda": 1161300000, "ebitdaratio": 0.1317039977, "operatingIncome": 437800000, "operatingIncomeRatio": 0.0496512617, "totalOtherIncomeExpensesNet": 1814700000, "incomeBeforeTax": 448500000, "incomeBeforeTaxRatio": 0.0508647576, "incomeTaxExpense": 79000000, "netIncome": 358800000, "netIncomeRatio": 0.0406918061, "eps": 0.99, "epsdiluted": 0.99, "weightedAverageShsOut": 362424242, "weightedAverageShsOutDil": 362424242, "link": "https://www.sec.gov/Archives/edgar/data/1126328/000112632802000031/0001126328-02-000031-index.htm", "finalLink": "https://www.sec.gov/Archives/edgar/data/1126328/000112632802000031/pfg200110k.txt", "calculatedOtherExpenses": 8379700000, "calculatedOperatingExpenses": 8379700000, "calculatedNetInterest": 0, "calculatedOtherIncome": 10700000, "calculatedIncomeNonControlling": 10700000, "calculatedEbitda": 1161300000}, {"date": "2000-12-31", "symbol": "PFG", "reportedCurrency": "USD", "cik": "0001126328", "fillingDate": "2000-12-31", "acceptedDate": "2000-12-30 19:00:00", "calendarYear": "2000", "period": "FY", "revenue": 8205400000, "costOfRevenue": 0, "grossProfit": 8205400000, "grossProfitRatio": 1, "researchAndDevelopmentExpenses": 0, "generalAndAdministrativeExpenses": 0, "sellingAndMarketingExpenses": 0, "sellingGeneralAndAdministrativeExpenses": 0, "otherExpenses": -7585200000, "operatingExpenses": -7585200000, "costAndExpenses": -7585200000, "interestIncome": 0, "interestExpense": 0, "depreciationAndAmortization": 0, "ebitda": 620200000, "ebitdaratio": 0.0755843713, "operatingIncome": 620200000, "operatingIncomeRatio": 0.0755843713, "totalOtherIncomeExpensesNet": 920900000, "incomeBeforeTax": 1541100000, "incomeBeforeTaxRatio": 0.1878153411, "incomeTaxExpense": 920900000, "netIncome": 620200000, "netIncomeRatio": 0.0755843713, "eps": 1.72, "epsdiluted": 1.72, "weightedAverageShsOut": 360600000, "weightedAverageShsOutDil": 360600000, "link": "", "finalLink": "", "calculatedOtherExpenses": 7585200000, "calculatedOperatingExpenses": 7585200000, "calculatedNetInterest": 0, "calculatedOtherIncome": 920900000, "calculatedIncomeNonControlling": 0, "calculatedEbitda": 620200000}]}