{"originalCurrency": "USD", "convertedCurrency": "USD", "report": [{"date": "2023-07-01", "symbol": "PFGC", "reportedCurrency": "USD", "cik": "0001618673", "fillingDate": "2023-08-16", "acceptedDate": "2023-08-16 16:16:30", "calendarYear": "2023", "period": "FY", "revenue": 57254700000, "costOfRevenue": 50999800000, "grossProfit": 6254900000, "grossProfitRatio": 0.1092469265, "researchAndDevelopmentExpenses": 0, "generalAndAdministrativeExpenses": 2489600000, "sellingAndMarketingExpenses": 2502800000, "sellingGeneralAndAdministrativeExpenses": 4992400000, "otherExpenses": -3800000, "operatingExpenses": 5489100000, "costAndExpenses": 56488900000, "interestIncome": 218000000, "interestExpense": 218000000, "depreciationAndAmortization": 496700000, "ebitda": 1258700000, "ebitdaratio": 0.0219842214, "operatingIncome": 765800000, "operatingIncomeRatio": 0.0133753212, "totalOtherIncomeExpensesNet": -3800000, "incomeBeforeTax": 544000000, "incomeBeforeTaxRatio": 0.0095014034, "incomeTaxExpense": 146800000, "netIncome": 397200000, "netIncomeRatio": 0.0069374217, "eps": 2.58, "epsdiluted": 2.54, "weightedAverageShsOut": 154200000, "weightedAverageShsOutDil": 156100000, "link": "https://www.sec.gov/Archives/edgar/data/1618673/000095017023043011/0000950170-23-043011-index.htm", "finalLink": "https://www.sec.gov/Archives/edgar/data/1618673/000095017023043011/pfgc-20230701.htm", "calculatedOtherExpenses": 496700000, "calculatedOperatingExpenses": 5489100000, "calculatedNetInterest": 0, "calculatedOtherIncome": -221800000, "calculatedIncomeNonControlling": 0, "calculatedEbitda": 1262500000}, {"date": "2022-07-02", "symbol": "PFGC", "reportedCurrency": "USD", "cik": "0001618673", "fillingDate": "2022-08-19", "acceptedDate": "2022-08-19 16:18:45", "calendarYear": "2022", "period": "FY", "revenue": 50894100000, "costOfRevenue": 45637700000, "grossProfit": 5256400000, "grossProfitRatio": 0.1032811269, "researchAndDevelopmentExpenses": 0, "generalAndAdministrativeExpenses": 2208600000, "sellingAndMarketingExpenses": 2253200000, "sellingGeneralAndAdministrativeExpenses": 4461800000, "otherExpenses": 4929000000, "operatingExpenses": 4929000000, "costAndExpenses": 50566700000, "interestIncome": 182900000, "interestExpense": 182900000, "depreciationAndAmortization": 485400000, "ebitda": 812800000, "ebitdaratio": 0.015970417, "operatingIncome": 327400000, "operatingIncomeRatio": 0.0064329657, "totalOtherIncomeExpensesNet": -160300000, "incomeBeforeTax": 167100000, "incomeBeforeTaxRatio": 0.0032832882, "incomeTaxExpense": 54600000, "netIncome": 112500000, "netIncomeRatio": 0.0022104723, "eps": 0.75, "epsdiluted": 0.74, "weightedAverageShsOut": 149800000, "weightedAverageShsOutDil": 151300000, "link": "https://www.sec.gov/Archives/edgar/data/1618673/000095017022017624/0000950170-22-017624-index.htm", "finalLink": "https://www.sec.gov/Archives/edgar/data/1618673/000095017022017624/pfgc-20220702.htm", "calculatedOtherExpenses": 467200000, "calculatedOperatingExpenses": 4929000000, "calculatedNetInterest": 0, "calculatedOtherIncome": -160300000, "calculatedIncomeNonControlling": 0, "calculatedEbitda": 812800000}, {"date": "2021-07-03", "symbol": "PFGC", "reportedCurrency": "USD", "cik": "0001618673", "fillingDate": "2021-08-24", "acceptedDate": "2021-08-23 18:24:16", "calendarYear": "2021", "period": "FY", "revenue": 30398900000, "costOfRevenue": 26873700000, "grossProfit": 3525200000, "grossProfitRatio": 0.1159647224, "researchAndDevelopmentExpenses": 0, "generalAndAdministrativeExpenses": 1534900000, "sellingAndMarketingExpenses": 1450700000, "sellingGeneralAndAdministrativeExpenses": 2985600000, "otherExpenses": 3324500000, "operatingExpenses": 3324500000, "costAndExpenses": 30198200000, "interestIncome": 152400000, "interestExpense": 152400000, "depreciationAndAmortization": 345300000, "ebitda": 546000000, "ebitdaratio": 0.0179611762, "operatingIncome": 200700000, "operatingIncomeRatio": 0.0066022126, "totalOtherIncomeExpensesNet": -146000000, "incomeBeforeTax": 54700000, "incomeBeforeTaxRatio": 0.0017994072, "incomeTaxExpense": 14000000, "netIncome": 40700000, "netIncomeRatio": 0.0013388642, "eps": 0.31, "epsdiluted": 0.31, "weightedAverageShsOut": 132100000, "weightedAverageShsOutDil": 133400000, "link": "https://www.sec.gov/Archives/edgar/data/1618673/000156459021045434/0001564590-21-045434-index.htm", "finalLink": "https://www.sec.gov/Archives/edgar/data/1618673/000156459021045434/pfgc-10k_20210703.htm", "calculatedOtherExpenses": 338900000, "calculatedOperatingExpenses": 3324500000, "calculatedNetInterest": 0, "calculatedOtherIncome": -146000000, "calculatedIncomeNonControlling": 0, "calculatedEbitda": 546000000}, {"date": "2020-06-27", "symbol": "PFGC", "reportedCurrency": "USD", "cik": "0001618673", "fillingDate": "2020-08-18", "acceptedDate": "2020-08-17 18:58:11", "calendarYear": "2020", "period": "FY", "revenue": 25086300000, "costOfRevenue": 22217100000, "grossProfit": 2869200000, "grossProfitRatio": 0.1143731838, "researchAndDevelopmentExpenses": 0, "generalAndAdministrativeExpenses": 1494200000, "sellingAndMarketingExpenses": 1197700000, "sellingGeneralAndAdministrativeExpenses": 2691900000, "otherExpenses": 2968200000, "operatingExpenses": 2968200000, "costAndExpenses": 25185300000, "interestIncome": 116900000, "interestExpense": 116900000, "depreciationAndAmortization": 276300000, "ebitda": 171000000, "ebitdaratio": 0.0068164695, "operatingIncome": -105300000, "operatingIncomeRatio": -0.0041975102, "totalOtherIncomeExpensesNet": -116900000, "incomeBeforeTax": -222200000, "incomeBeforeTaxRatio": -0.0088574242, "incomeTaxExpense": -108100000, "netIncome": -114100000, "netIncomeRatio": -0.0045482993, "eps": -1.01, "epsdiluted": -1.01, "weightedAverageShsOut": 113000000, "weightedAverageShsOutDil": 113000000, "link": "https://www.sec.gov/Archives/edgar/data/1618673/000156459020040455/0001564590-20-040455-index.htm", "finalLink": "https://www.sec.gov/Archives/edgar/data/1618673/000156459020040455/pfgc-10k_20200627.htm", "calculatedOtherExpenses": 282600000, "calculatedOperatingExpenses": 2974500000, "calculatedNetInterest": 0, "calculatedOtherIncome": -116900000, "calculatedIncomeNonControlling": 0, "calculatedEbitda": 171000000}, {"date": "2019-06-29", "symbol": "PFGC", "reportedCurrency": "USD", "cik": "0001618673", "fillingDate": "2019-08-16", "acceptedDate": "2019-08-16 07:03:05", "calendarYear": "2019", "period": "FY", "revenue": 19743500000, "costOfRevenue": 17230500000, "grossProfit": 2513000000, "grossProfitRatio": 0.1272823967, "researchAndDevelopmentExpenses": 0, "generalAndAdministrativeExpenses": 1127600000, "sellingAndMarketingExpenses": 985900000, "sellingGeneralAndAdministrativeExpenses": 2113500000, "otherExpenses": 2229700000, "operatingExpenses": 2229700000, "costAndExpenses": 19460200000, "interestIncome": 65400000, "interestExpense": 65400000, "depreciationAndAmortization": 155400000, "ebitda": 438700000, "ebitdaratio": 0.0222199711, "operatingIncome": 283300000, "operatingIncomeRatio": 0.0143490263, "totalOtherIncomeExpensesNet": -65000000, "incomeBeforeTax": 218300000, "incomeBeforeTaxRatio": 0.0110568035, "incomeTaxExpense": 51500000, "netIncome": 166800000, "netIncomeRatio": 0.0084483501, "eps": 1.61, "epsdiluted": 1.59, "weightedAverageShsOut": 103800000, "weightedAverageShsOutDil": 105200000, "link": "https://www.sec.gov/Archives/edgar/data/1618673/000156459019032384/0001564590-19-032384-index.htm", "finalLink": "https://www.sec.gov/Archives/edgar/data/1618673/000156459019032384/pfgc-10k_20190629.htm", "calculatedOtherExpenses": 116200000, "calculatedOperatingExpenses": 2229700000, "calculatedNetInterest": 0, "calculatedOtherIncome": -65000000, "calculatedIncomeNonControlling": 0, "calculatedEbitda": 438700000}, {"date": "2018-06-30", "symbol": "PFGC", "reportedCurrency": "USD", "cik": "0001618673", "fillingDate": "2018-08-16", "acceptedDate": "2018-08-16 16:07:46", "calendarYear": "2018", "period": "FY", "revenue": 17619900000, "costOfRevenue": 15327100000, "grossProfit": 2292800000, "grossProfitRatio": 0.1301255966, "researchAndDevelopmentExpenses": 0, "generalAndAdministrativeExpenses": 0, "sellingAndMarketingExpenses": 0, "sellingGeneralAndAdministrativeExpenses": 0, "otherExpenses": 500000, "operatingExpenses": 2039300000, "costAndExpenses": 17366400000, "interestIncome": 0, "interestExpense": 60400000, "depreciationAndAmortization": 130100000, "ebitda": 384100000, "ebitdaratio": 0.0217992157, "operatingIncome": 253500000, "operatingIncomeRatio": 0.0143871418, "totalOtherIncomeExpensesNet": 500000, "incomeBeforeTax": 193600000, "incomeBeforeTaxRatio": 0.0109875765, "incomeTaxExpense": -5100000, "netIncome": 198700000, "netIncomeRatio": 0.011277022, "eps": 1.95, "epsdiluted": 1.9, "weightedAverageShsOut": 102000000, "weightedAverageShsOutDil": 104600000, "link": "https://www.sec.gov/Archives/edgar/data/1618673/000156459018021907/0001564590-18-021907-index.htm", "finalLink": "https://www.sec.gov/Archives/edgar/data/1618673/000156459018021907/pfgc-10k_20180630.htm", "calculatedOtherExpenses": 2039300000, "calculatedOperatingExpenses": 2039300000, "calculatedNetInterest": -60400000, "calculatedOtherIncome": 500000, "calculatedIncomeNonControlling": 0, "calculatedEbitda": 383600000}, {"date": "2017-07-01", "symbol": "PFGC", "reportedCurrency": "USD", "cik": "0001618673", "fillingDate": "2017-08-25", "acceptedDate": "2017-08-25 08:32:21", "calendarYear": "2017", "period": "FY", "revenue": 16761800000, "costOfRevenue": 14637000000, "grossProfit": 2124800000, "grossProfitRatio": 0.1267644286, "researchAndDevelopmentExpenses": 0, "generalAndAdministrativeExpenses": 0, "sellingAndMarketingExpenses": 0, "sellingGeneralAndAdministrativeExpenses": 0, "otherExpenses": 1600000, "operatingExpenses": 1913800000, "costAndExpenses": 16550800000, "interestIncome": 0, "interestExpense": 54900000, "depreciationAndAmortization": 126100000, "ebitda": 338700000, "ebitdaratio": 0.0202066604, "operatingIncome": 211000000, "operatingIncomeRatio": 0.0125881469, "totalOtherIncomeExpensesNet": 1600000, "incomeBeforeTax": 157700000, "incomeBeforeTaxRatio": 0.0094082974, "incomeTaxExpense": 61400000, "netIncome": 96300000, "netIncomeRatio": 0.0057452064, "eps": 0.96, "epsdiluted": 0.93, "weightedAverageShsOut": 100236486, "weightedAverageShsOutDil": 103036723, "link": "https://www.sec.gov/Archives/edgar/data/1618673/000119312517267515/0001193125-17-267515-index.htm", "finalLink": "https://www.sec.gov/Archives/edgar/data/1618673/000119312517267515/d410913d10k.htm", "calculatedOtherExpenses": 1913800000, "calculatedOperatingExpenses": 1913800000, "calculatedNetInterest": -54900000, "calculatedOtherIncome": 1600000, "calculatedIncomeNonControlling": 0, "calculatedEbitda": 337100000}, {"date": "2016-07-02", "symbol": "PFGC", "reportedCurrency": "USD", "cik": "0001618673", "fillingDate": "2016-08-30", "acceptedDate": "2016-08-30 16:32:21", "calendarYear": "2016", "period": "FY", "revenue": 16104800000, "costOfRevenue": 14094800000, "grossProfit": 2010000000, "grossProfitRatio": 0.1248075108, "researchAndDevelopmentExpenses": 0, "generalAndAdministrativeExpenses": 0, "sellingAndMarketingExpenses": 0, "sellingGeneralAndAdministrativeExpenses": 0, "otherExpenses": -3800000, "operatingExpenses": 1807800000, "costAndExpenses": 15902600000, "interestIncome": 0, "interestExpense": 83900000, "depreciationAndAmortization": 118600000, "ebitda": 317000000, "ebitdaratio": 0.0196835726, "operatingIncome": 202200000, "operatingIncomeRatio": 0.012555263, "totalOtherIncomeExpensesNet": -3800000, "incomeBeforeTax": 114500000, "incomeBeforeTaxRatio": 0.0071096816, "incomeTaxExpense": 46200000, "netIncome": 68300000, "netIncomeRatio": 0.0042409716, "eps": 0.71, "epsdiluted": 0.7, "weightedAverageShsOut": 96451931, "weightedAverageShsOutDil": 98128626, "link": "https://www.sec.gov/Archives/edgar/data/1618673/000119312516696928/0001193125-16-696928-index.htm", "finalLink": "https://www.sec.gov/Archives/edgar/data/1618673/000119312516696928/d187247d10k.htm", "calculatedOtherExpenses": 1807800000, "calculatedOperatingExpenses": 1807800000, "calculatedNetInterest": -83900000, "calculatedOtherIncome": -3800000, "calculatedIncomeNonControlling": 0, "calculatedEbitda": 320800000}, {"date": "2015-06-30", "symbol": "PFGC", "reportedCurrency": "USD", "cik": "0001618673", "fillingDate": "2015-06-30", "acceptedDate": "2015-06-30 00:00:00", "calendarYear": "2015", "period": "FY", "revenue": 15270000000, "costOfRevenue": 13421700000, "grossProfit": 1848300000, "grossProfitRatio": 0.1210412574, "researchAndDevelopmentExpenses": 0, "generalAndAdministrativeExpenses": 0, "sellingAndMarketingExpenses": 0, "sellingGeneralAndAdministrativeExpenses": 0, "otherExpenses": 22200000, "operatingExpenses": 1688200000, "costAndExpenses": 15109900000, "interestIncome": 0, "interestExpense": 85700000, "depreciationAndAmortization": 121300000, "ebitda": 303600000, "ebitdaratio": 0.0198821218, "operatingIncome": 160100000, "operatingIncomeRatio": 0.0104846103, "totalOtherIncomeExpensesNet": 22200000, "incomeBeforeTax": 96600000, "incomeBeforeTaxRatio": 0.0063261297, "incomeTaxExpense": 40100000, "netIncome": 56500000, "netIncomeRatio": 0.0037000655, "eps": 0.65, "epsdiluted": 0.64, "weightedAverageShsOut": 86874727, "weightedAverageShsOutDil": 87613698, "link": null, "finalLink": null, "calculatedOtherExpenses": 1688200000, "calculatedOperatingExpenses": 1688200000, "calculatedNetInterest": -85700000, "calculatedOtherIncome": 22200000, "calculatedIncomeNonControlling": 0, "calculatedEbitda": 281400000}, {"date": "2014-06-30", "symbol": "PFGC", "reportedCurrency": "USD", "cik": "0001618673", "fillingDate": "2014-06-30", "acceptedDate": "2014-06-30 00:00:00", "calendarYear": "2014", "period": "FY", "revenue": 13685704000, "costOfRevenue": 11988485000, "grossProfit": 1697219000, "grossProfitRatio": 0.1240140076, "researchAndDevelopmentExpenses": 0, "generalAndAdministrativeExpenses": 0, "sellingAndMarketingExpenses": 0, "sellingGeneralAndAdministrativeExpenses": 0, "otherExpenses": 731000, "operatingExpenses": 1581639000, "costAndExpenses": 13570124000, "interestIncome": 0, "interestExpense": 86096000, "depreciationAndAmortization": 132700000, "ebitda": 249011000, "ebitdaratio": 0.0181949719, "operatingIncome": 115580000, "operatingIncomeRatio": 0.0084453091, "totalOtherIncomeExpensesNet": 731000, "incomeBeforeTax": 30215000, "incomeBeforeTaxRatio": 0.0022077783, "incomeTaxExpense": 14711000, "netIncome": 15504000, "netIncomeRatio": 0.001132861, "eps": 0.18, "epsdiluted": 0.18, "weightedAverageShsOut": 86868452, "weightedAverageShsOutDil": 87533324, "link": null, "finalLink": null, "calculatedOtherExpenses": 1581639000, "calculatedOperatingExpenses": 1581639000, "calculatedNetInterest": -86096000, "calculatedOtherIncome": 731000, "calculatedIncomeNonControlling": 0, "calculatedEbitda": 248280000}, {"date": "2013-06-30", "symbol": "PFGC", "reportedCurrency": "USD", "cik": "0001618673", "fillingDate": "2013-06-30", "acceptedDate": "2013-06-30 00:00:00", "calendarYear": "2013", "period": "FY", "revenue": 12826500000, "costOfRevenue": 11243800000, "grossProfit": 1582700000, "grossProfitRatio": 0.1233929755, "researchAndDevelopmentExpenses": 0, "generalAndAdministrativeExpenses": 0, "sellingAndMarketingExpenses": 0, "sellingGeneralAndAdministrativeExpenses": 0, "otherExpenses": 700000, "operatingExpenses": 1468000000, "costAndExpenses": 12711800000, "interestIncome": 0, "interestExpense": 93900000, "depreciationAndAmortization": 120000000, "ebitda": 235400000, "ebitdaratio": 0.0183526293, "operatingIncome": 114700000, "operatingIncomeRatio": 0.0089424239, "totalOtherIncomeExpensesNet": -1300000, "incomeBeforeTax": 19500000, "incomeBeforeTaxRatio": 0.00152029, "incomeTaxExpense": 11100000, "netIncome": 8400000, "netIncomeRatio": 0.0006548942, "eps": 0.0967, "epsdiluted": 0.0958, "weightedAverageShsOut": 86885548, "weightedAverageShsOutDil": 87653160, "link": null, "finalLink": null, "calculatedOtherExpenses": 1468000000, "calculatedOperatingExpenses": 1468000000, "calculatedNetInterest": -93900000, "calculatedOtherIncome": -1300000, "calculatedIncomeNonControlling": 0, "calculatedEbitda": 234700000}, {"date": "2012-06-30", "symbol": "PFGC", "reportedCurrency": "USD", "cik": "0001618673", "fillingDate": "2012-06-30", "acceptedDate": "2012-06-30 00:00:00", "calendarYear": "2012", "period": "FY", "revenue": 11505892000, "costOfRevenue": 10101919000, "grossProfit": 1403973000, "grossProfitRatio": 0.1220220909, "researchAndDevelopmentExpenses": 0, "generalAndAdministrativeExpenses": 0, "sellingAndMarketingExpenses": 0, "sellingGeneralAndAdministrativeExpenses": 0, "otherExpenses": -664000, "operatingExpenses": 1293091000, "costAndExpenses": 11395010000, "interestIncome": 0, "interestExpense": 76330000, "depreciationAndAmortization": 102302000, "ebitda": 212520000, "ebitdaratio": 0.0184705367, "operatingIncome": 110882000, "operatingIncomeRatio": 0.0096369756, "totalOtherIncomeExpensesNet": -664000, "incomeBeforeTax": 33888000, "incomeBeforeTaxRatio": 0.0029452736, "incomeTaxExpense": 12869000, "netIncome": 21019000, "netIncomeRatio": 0.0018268032, "eps": 0.24, "epsdiluted": 0.24, "weightedAverageShsOut": 86885548, "weightedAverageShsOutDil": 87653160, "link": null, "finalLink": null, "calculatedOtherExpenses": 1293091000, "calculatedOperatingExpenses": 1293091000, "calculatedNetInterest": -76330000, "calculatedOtherIncome": -664000, "calculatedIncomeNonControlling": 0, "calculatedEbitda": 213184000}, {"date": "2007-12-31", "symbol": "PFGC", "reportedCurrency": "USD", "cik": "0001618673", "fillingDate": "2007-12-31", "acceptedDate": "2007-12-31 00:00:00", "calendarYear": "2008", "period": "FY", "revenue": 6304892000, "costOfRevenue": 5480346000, "grossProfit": 824546000, "grossProfitRatio": 0.1307787667, "researchAndDevelopmentExpenses": 0, "generalAndAdministrativeExpenses": 0, "sellingAndMarketingExpenses": 0, "sellingGeneralAndAdministrativeExpenses": 0, "otherExpenses": 737378000, "operatingExpenses": 737378000, "costAndExpenses": 6217724000, "interestIncome": 0, "interestExpense": 12564000, "depreciationAndAmortization": 29688000, "ebitda": 123582000, "ebitdaratio": 0.0196009702, "operatingIncome": 87168000, "operatingIncomeRatio": 0.0138254549, "totalOtherIncomeExpensesNet": -6726000, "incomeBeforeTax": 81601000, "incomeBeforeTaxRatio": 0.0129424897, "incomeTaxExpense": 30474000, "netIncome": 50856000, "netIncomeRatio": 0.0080661175, "eps": 1.46, "epsdiluted": 1.45, "weightedAverageShsOut": 34745000, "weightedAverageShsOutDil": 35156000, "link": null, "finalLink": null, "calculatedOtherExpenses": 737378000, "calculatedOperatingExpenses": 737378000, "calculatedNetInterest": -12564000, "calculatedOtherIncome": 6997000, "calculatedIncomeNonControlling": 271000, "calculatedEbitda": 116856000}, {"date": "2006-12-31", "symbol": "PFGC", "reportedCurrency": "USD", "cik": "0001618673", "fillingDate": "2006-12-31", "acceptedDate": "2006-12-31 00:00:00", "calendarYear": "2007", "period": "FY", "revenue": 5826732000, "costOfRevenue": 5052097000, "grossProfit": 774635000, "grossProfitRatio": 0.1329450196, "researchAndDevelopmentExpenses": 0, "generalAndAdministrativeExpenses": 0, "sellingAndMarketingExpenses": 0, "sellingGeneralAndAdministrativeExpenses": 0, "otherExpenses": 699525000, "operatingExpenses": 699525000, "costAndExpenses": 5751622000, "interestIncome": 0, "interestExpense": 13682000, "depreciationAndAmortization": 28869000, "ebitda": 110979000, "ebitdaratio": 0.0190465256, "operatingIncome": 75110000, "operatingIncomeRatio": 0.0128905877, "totalOtherIncomeExpensesNet": -7000000, "incomeBeforeTax": 68542000, "incomeBeforeTaxRatio": 0.0117633692, "incomeTaxExpense": 25642000, "netIncome": 42786000, "netIncomeRatio": 0.0073430527, "eps": 1.25, "epsdiluted": 1.23, "weightedAverageShsOut": 34348000, "weightedAverageShsOutDil": 34769000, "link": null, "finalLink": null, "calculatedOtherExpenses": 699525000, "calculatedOperatingExpenses": 699525000, "calculatedNetInterest": -13682000, "calculatedOtherIncome": 7114000, "calculatedIncomeNonControlling": 114000, "calculatedEbitda": 103979000}, {"date": "2005-12-31", "symbol": "PFGC", "reportedCurrency": "USD", "cik": "0001618673", "fillingDate": "2005-12-31", "acceptedDate": "2005-12-31 00:00:00", "calendarYear": "2006", "period": "FY", "revenue": 5721372000, "costOfRevenue": 4973966000, "grossProfit": 747406000, "grossProfitRatio": 0.1306340507, "researchAndDevelopmentExpenses": 0, "generalAndAdministrativeExpenses": 0, "sellingAndMarketingExpenses": 0, "sellingGeneralAndAdministrativeExpenses": 0, "otherExpenses": 676928000, "operatingExpenses": 676928000, "costAndExpenses": 5650894000, "interestIncome": 0, "interestExpense": -197197000, "depreciationAndAmortization": 26380000, "ebitda": 101649000, "ebitdaratio": 0.0177665427, "operatingIncome": 70478000, "operatingIncomeRatio": 0.012318374, "totalOtherIncomeExpensesNet": -4791000, "incomeBeforeTax": 67092000, "incomeBeforeTaxRatio": 0.0117265579, "incomeTaxExpense": 25328000, "netIncome": 247138000, "netIncomeRatio": 0.0431955832, "eps": 5.72, "epsdiluted": 5.64, "weightedAverageShsOut": 43233000, "weightedAverageShsOutDil": 43795000, "link": null, "finalLink": null, "calculatedOtherExpenses": 676928000, "calculatedOperatingExpenses": 676928000, "calculatedNetInterest": 197197000, "calculatedOtherIncome": -200583000, "calculatedIncomeNonControlling": -205374000, "calculatedEbitda": 96858000}, {"date": "2004-12-31", "symbol": "PFGC", "reportedCurrency": "USD", "cik": "0001618673", "fillingDate": "2004-12-31", "acceptedDate": "2004-12-31 00:00:00", "calendarYear": "2005", "period": "FY", "revenue": 6148923000, "costOfRevenue": 5229059000, "grossProfit": 919864000, "grossProfitRatio": 0.1495975799, "researchAndDevelopmentExpenses": 0, "generalAndAdministrativeExpenses": 0, "sellingAndMarketingExpenses": 0, "sellingGeneralAndAdministrativeExpenses": 0, "otherExpenses": 806918000, "operatingExpenses": 806918000, "costAndExpenses": 6035977000, "interestIncome": 0, "interestExpense": 39711000, "depreciationAndAmortization": 58699000, "ebitda": 183086000, "ebitdaratio": 0.0297752956, "operatingIncome": 112946000, "operatingIncomeRatio": 0.01836842, "totalOtherIncomeExpensesNet": -11441000, "incomeBeforeTax": 84676000, "incomeBeforeTaxRatio": 0.0137708669, "incomeTaxExpense": 32118000, "netIncome": 52558000, "netIncomeRatio": 0.0085475131, "eps": 1.13, "epsdiluted": 1.11, "weightedAverageShsOut": 46398000, "weightedAverageShsOutDil": 47181000, "link": null, "finalLink": null, "calculatedOtherExpenses": 806918000, "calculatedOperatingExpenses": 806918000, "calculatedNetInterest": -39711000, "calculatedOtherIncome": 11441000, "calculatedIncomeNonControlling": 0, "calculatedEbitda": 171645000}, {"date": "2003-12-31", "symbol": "PFGC", "reportedCurrency": "USD", "cik": "0001618673", "fillingDate": "2003-12-31", "acceptedDate": "2003-12-31 00:00:00", "calendarYear": "2004", "period": "FY", "revenue": 5519811000, "costOfRevenue": 4665275000, "grossProfit": 854536000, "grossProfitRatio": 0.154812547, "researchAndDevelopmentExpenses": 0, "generalAndAdministrativeExpenses": 0, "sellingAndMarketingExpenses": 0, "sellingGeneralAndAdministrativeExpenses": 0, "otherExpenses": 715806000, "operatingExpenses": 715806000, "costAndExpenses": 5381081000, "interestIncome": 0, "interestExpense": 19011000, "depreciationAndAmortization": 51229000, "ebitda": 189903000, "ebitdaratio": 0.0344038954, "operatingIncome": 138730000, "operatingIncomeRatio": 0.0251331069, "totalOtherIncomeExpensesNet": 56000, "incomeBeforeTax": 119663000, "incomeBeforeTaxRatio": 0.021678822, "incomeTaxExpense": 45472000, "netIncome": 74191000, "netIncomeRatio": 0.0134408588, "eps": 1.63, "epsdiluted": 1.54, "weightedAverageShsOut": 45583000, "weightedAverageShsOutDil": 53002000, "link": null, "finalLink": null, "calculatedOtherExpenses": 715806000, "calculatedOperatingExpenses": 715806000, "calculatedNetInterest": -19011000, "calculatedOtherIncome": -56000, "calculatedIncomeNonControlling": 0, "calculatedEbitda": 189959000}, {"date": "2002-12-31", "symbol": "PFGC", "reportedCurrency": "USD", "cik": "0001618673", "fillingDate": "2002-12-31", "acceptedDate": "2002-12-31 00:00:00", "calendarYear": "2003", "period": "FY", "revenue": 4438383000, "costOfRevenue": 3717445000, "grossProfit": 720938000, "grossProfitRatio": 0.1624325796, "researchAndDevelopmentExpenses": 0, "generalAndAdministrativeExpenses": 0, "sellingAndMarketingExpenses": 0, "sellingGeneralAndAdministrativeExpenses": 0, "otherExpenses": 595240000, "operatingExpenses": 595240000, "costAndExpenses": 4312685000, "interestIncome": 0, "interestExpense": 19909000, "depreciationAndAmortization": 44862000, "ebitda": 171133000, "ebitdaratio": 0.0385575107, "operatingIncome": 125698000, "operatingIncomeRatio": 0.0283206744, "totalOtherIncomeExpensesNet": -573000, "incomeBeforeTax": 106362000, "incomeBeforeTaxRatio": 0.0239641329, "incomeTaxExpense": 39886000, "netIncome": 66476000, "netIncomeRatio": 0.0149775267, "eps": 1.5, "epsdiluted": 1.42, "weightedAverageShsOut": 44445000, "weightedAverageShsOutDil": 52047000, "link": null, "finalLink": null, "calculatedOtherExpenses": 595240000, "calculatedOperatingExpenses": 595240000, "calculatedNetInterest": -19909000, "calculatedOtherIncome": 573000, "calculatedIncomeNonControlling": 0, "calculatedEbitda": 170560000}, {"date": "2001-12-31", "symbol": "PFGC", "reportedCurrency": "USD", "cik": "0001618673", "fillingDate": "2001-12-31", "acceptedDate": "2001-12-31 00:00:00", "calendarYear": "2002", "period": "FY", "revenue": 3237248000, "costOfRevenue": 2780128000, "grossProfit": 457120000, "grossProfitRatio": 0.141206358, "researchAndDevelopmentExpenses": 0, "generalAndAdministrativeExpenses": 0, "sellingAndMarketingExpenses": 0, "sellingGeneralAndAdministrativeExpenses": 0, "otherExpenses": 381135000, "operatingExpenses": 381135000, "costAndExpenses": 3161263000, "interestIncome": 0, "interestExpense": 12573000, "depreciationAndAmortization": 31981000, "ebitda": 109849000, "ebitdaratio": 0.0339328343, "operatingIncome": 75985000, "operatingIncomeRatio": 0.0234720973, "totalOtherIncomeExpensesNet": -1883000, "incomeBeforeTax": 65295000, "incomeBeforeTaxRatio": 0.0201699098, "incomeTaxExpense": 24812000, "netIncome": 40483000, "netIncomeRatio": 0.0125053749, "eps": 1.07, "epsdiluted": 1.03, "weightedAverageShsOut": 37957000, "weightedAverageShsOutDil": 39328000, "link": null, "finalLink": null, "calculatedOtherExpenses": 381135000, "calculatedOperatingExpenses": 381135000, "calculatedNetInterest": -12573000, "calculatedOtherIncome": 1883000, "calculatedIncomeNonControlling": 0, "calculatedEbitda": 107966000}, {"date": "2000-12-31", "symbol": "PFGC", "reportedCurrency": "USD", "cik": "0001618673", "fillingDate": "2000-12-31", "acceptedDate": "2000-12-31 00:00:00", "calendarYear": "2001", "period": "FY", "revenue": 2605468000, "costOfRevenue": 2253277000, "grossProfit": 352191000, "grossProfitRatio": 0.135173796, "researchAndDevelopmentExpenses": 0, "generalAndAdministrativeExpenses": 0, "sellingAndMarketingExpenses": 0, "sellingGeneralAndAdministrativeExpenses": 0, "otherExpenses": 302176000, "operatingExpenses": 302176000, "costAndExpenses": 2555453000, "interestIncome": 0, "interestExpense": 6725000, "depreciationAndAmortization": 17877000, "ebitda": 67958000, "ebitdaratio": 0.0260828381, "operatingIncome": 50015000, "operatingIncomeRatio": 0.0191961674, "totalOtherIncomeExpensesNet": -66000, "incomeBeforeTax": 43356000, "incomeBeforeTaxRatio": 0.0166403886, "incomeTaxExpense": 16475000, "netIncome": 26881000, "netIncomeRatio": 0.0103171484, "eps": 0.92, "epsdiluted": 0.89, "weightedAverageShsOut": 28336000, "weightedAverageShsOutDil": 29539000, "link": null, "finalLink": null, "calculatedOtherExpenses": 302176000, "calculatedOperatingExpenses": 302176000, "calculatedNetInterest": -6725000, "calculatedOtherIncome": 66000, "calculatedIncomeNonControlling": 0, "calculatedEbitda": 67892000}, {"date": "1999-12-31", "symbol": "PFGC", "reportedCurrency": "USD", "cik": "0001618673", "fillingDate": "1999-12-31", "acceptedDate": "1999-12-31 00:00:00", "calendarYear": "2000", "period": "FY", "revenue": 2055598000, "costOfRevenue": 1773632000, "grossProfit": 281966000, "grossProfitRatio": 0.1371698163, "researchAndDevelopmentExpenses": 0, "generalAndAdministrativeExpenses": 0, "sellingAndMarketingExpenses": 0, "sellingGeneralAndAdministrativeExpenses": 0, "otherExpenses": 242625000, "operatingExpenses": 242625000, "costAndExpenses": 2016257000, "interestIncome": 0, "interestExpense": 10792000, "depreciationAndAmortization": 14137000, "ebitda": 56180000, "ebitdaratio": 0.0273302465, "operatingIncome": 39341000, "operatingIncomeRatio": 0.0191384697, "totalOtherIncomeExpensesNet": -2702000, "incomeBeforeTax": 31251000, "incomeBeforeTaxRatio": 0.0152028753, "incomeTaxExpense": 12000000, "netIncome": 19251000, "netIncomeRatio": 0.009365158, "eps": 1.4, "epsdiluted": 1.35, "weightedAverageShsOut": 13772000, "weightedAverageShsOutDil": 14219000, "link": null, "finalLink": null, "calculatedOtherExpenses": 242625000, "calculatedOperatingExpenses": 242625000, "calculatedNetInterest": -10792000, "calculatedOtherIncome": 2702000, "calculatedIncomeNonControlling": 0, "calculatedEbitda": 53478000}, {"date": "1998-12-31", "symbol": "PFGC", "reportedCurrency": "USD", "cik": "0001618673", "fillingDate": "1998-12-31", "acceptedDate": "1998-12-31 00:00:00", "calendarYear": "1999", "period": "FY", "revenue": 1622870000, "costOfRevenue": 1409755000, "grossProfit": 213115000, "grossProfitRatio": 0.1313198223, "researchAndDevelopmentExpenses": 0, "generalAndAdministrativeExpenses": 0, "sellingAndMarketingExpenses": 0, "sellingGeneralAndAdministrativeExpenses": 0, "otherExpenses": 183670000, "operatingExpenses": 183670000, "costAndExpenses": 1593425000, "interestIncome": 0, "interestExpense": 3124000, "depreciationAndAmortization": 10837000, "ebitda": 40094000, "ebitdaratio": 0.0247056141, "operatingIncome": 29445000, "operatingIncomeRatio": 0.0181437823, "totalOtherIncomeExpensesNet": 188000, "incomeBeforeTax": 26133000, "incomeBeforeTaxRatio": 0.0161029534, "incomeTaxExpense": 9965000, "netIncome": 16168000, "netIncomeRatio": 0.0099625971, "eps": 1.3, "epsdiluted": 1.25, "weightedAverageShsOut": 13398000, "weightedAverageShsOutDil": 13925000, "link": null, "finalLink": null, "calculatedOtherExpenses": 183670000, "calculatedOperatingExpenses": 183670000, "calculatedNetInterest": -3124000, "calculatedOtherIncome": -188000, "calculatedIncomeNonControlling": 0, "calculatedEbitda": 40282000}, {"date": "1997-12-31", "symbol": "PFGC", "reportedCurrency": "USD", "cik": "0001618673", "fillingDate": "1997-12-31", "acceptedDate": "1997-12-31 00:00:00", "calendarYear": "1998", "period": "FY", "revenue": 1230078000, "costOfRevenue": 1074154000, "grossProfit": 155924000, "grossProfitRatio": 0.1267594413, "researchAndDevelopmentExpenses": 0, "generalAndAdministrativeExpenses": 0, "sellingAndMarketingExpenses": 0, "sellingGeneralAndAdministrativeExpenses": 0, "otherExpenses": 132494000, "operatingExpenses": 132494000, "costAndExpenses": 1206648000, "interestIncome": 0, "interestExpense": 1781000, "depreciationAndAmortization": 7843000, "ebitda": 31168000, "ebitdaratio": 0.0253382306, "operatingIncome": 23430000, "operatingIncomeRatio": 0.0190475726, "totalOtherIncomeExpensesNet": 105000, "incomeBeforeTax": 21544000, "incomeBeforeTaxRatio": 0.0175143365, "incomeTaxExpense": 8297000, "netIncome": 13247000, "netIncomeRatio": 0.0107692358, "eps": 1.11, "epsdiluted": 1.06, "weightedAverageShsOut": 11960000, "weightedAverageShsOutDil": 12491000, "link": null, "finalLink": null, "calculatedOtherExpenses": 132494000, "calculatedOperatingExpenses": 132494000, "calculatedNetInterest": -1781000, "calculatedOtherIncome": -105000, "calculatedIncomeNonControlling": 0, "calculatedEbitda": 31273000}, {"date": "1996-12-31", "symbol": "PFGC", "reportedCurrency": "USD", "cik": "0001618673", "fillingDate": "1996-12-31", "acceptedDate": "1996-12-31 00:00:00", "calendarYear": "1997", "period": "FY", "revenue": 784219000, "costOfRevenue": 673407000, "grossProfit": 110812000, "grossProfitRatio": 0.1413023658, "researchAndDevelopmentExpenses": 0, "generalAndAdministrativeExpenses": 0, "sellingAndMarketingExpenses": 0, "sellingGeneralAndAdministrativeExpenses": 0, "otherExpenses": 92227000, "operatingExpenses": 92227000, "costAndExpenses": 765634000, "interestIncome": 0, "interestExpense": 295000, "depreciationAndAmortization": 5484000, "ebitda": 23913000, "ebitdaratio": 0.0304927578, "operatingIncome": 18585000, "operatingIncomeRatio": 0.0236987372, "totalOtherIncomeExpensesNet": 156000, "incomeBeforeTax": 18134000, "incomeBeforeTaxRatio": 0.0231236428, "incomeTaxExpense": 7145000, "netIncome": 10989000, "netIncomeRatio": 0.0140126674, "eps": 0.94, "epsdiluted": 0.94, "weightedAverageShsOut": 11685683, "weightedAverageShsOutDil": 11685683, "link": null, "finalLink": null, "calculatedOtherExpenses": 92227000, "calculatedOperatingExpenses": 92227000, "calculatedNetInterest": -295000, "calculatedOtherIncome": -156000, "calculatedIncomeNonControlling": 0, "calculatedEbitda": 24069000}]}