{"originalCurrency": "USD", "convertedCurrency": "USD", "report": [{"date": "2023-12-31", "symbol": "PFSI", "reportedCurrency": "USD", "cik": "0001745916", "fillingDate": "2024-02-21", "acceptedDate": "2024-02-21 16:08:37", "calendarYear": "2023", "period": "FY", "revenue": 2881779000, "costOfRevenue": 183933000, "grossProfit": 2697846000, "grossProfitRatio": 0.936173801, "researchAndDevelopmentExpenses": 143152000, "generalAndAdministrativeExpenses": 220451000, "sellingAndMarketingExpenses": 17631000, "sellingGeneralAndAdministrativeExpenses": 238082000, "otherExpenses": -1713668000, "operatingExpenses": 1713668000, "costAndExpenses": 1897601000, "interestIncome": 632924000, "interestExpense": 637777000, "depreciationAndAmortization": 70018000, "ebitda": 594463000, "ebitdaratio": 0.206283341, "operatingIncome": 984178000, "operatingIncomeRatio": 0.341517514, "totalOtherIncomeExpensesNet": -800547000, "incomeBeforeTax": 183631000, "incomeBeforeTaxRatio": 0.0637214026, "incomeTaxExpense": 38975000, "netIncome": 144656000, "netIncomeRatio": 0.0501967708, "eps": 2.89, "epsdiluted": 2.74, "weightedAverageShsOut": 49978000, "weightedAverageShsOutDil": 52733000, "link": "https://www.sec.gov/Archives/edgar/data/1745916/000155837024001429/0001558370-24-001429-index.htm", "finalLink": "https://www.sec.gov/Archives/edgar/data/1745916/000155837024001429/pfsi-20231231x10k.htm", "calculatedOtherExpenses": 1332434000, "calculatedOperatingExpenses": 1713668000, "calculatedNetInterest": -4853000, "calculatedOtherIncome": -795694000, "calculatedIncomeNonControlling": 0, "calculatedEbitda": 1054196000}, {"date": "2022-12-31", "symbol": "PFSI", "reportedCurrency": "USD", "cik": "0001745916", "fillingDate": "2023-02-22", "acceptedDate": "2023-02-22 16:13:33", "calendarYear": "2022", "period": "FY", "revenue": 1967006000, "costOfRevenue": 1303908000, "grossProfit": 663098000, "grossProfitRatio": 0.3371103088, "researchAndDevelopmentExpenses": 139950000, "generalAndAdministrativeExpenses": 113394000, "sellingAndMarketingExpenses": 46762000, "sellingGeneralAndAdministrativeExpenses": 160156000, "otherExpenses": -162305000, "operatingExpenses": -2149000, "costAndExpenses": 1301759000, "interestIncome": 0, "interestExpense": -50240000, "depreciationAndAmortization": 50240000, "ebitda": 665247000, "ebitdaratio": 0.3382028321, "operatingIncome": 615007000, "operatingIncomeRatio": 0.3126614764, "totalOtherIncomeExpensesNet": 50240000, "incomeBeforeTax": 665247000, "incomeBeforeTaxRatio": 0.3382028321, "incomeTaxExpense": 189740000, "netIncome": 475507000, "netIncomeRatio": 0.2417415097, "eps": 8.96, "epsdiluted": 8.5, "weightedAverageShsOut": 53065000, "weightedAverageShsOutDil": 55950000, "link": "https://www.sec.gov/Archives/edgar/data/1745916/000155837023001755/0001558370-23-001755-index.htm", "finalLink": "https://www.sec.gov/Archives/edgar/data/1745916/000155837023001755/pfsi-20221231x10k.htm", "calculatedOtherExpenses": -252015000, "calculatedOperatingExpenses": 48091000, "calculatedNetInterest": 50240000, "calculatedOtherIncome": 0, "calculatedIncomeNonControlling": 0, "calculatedEbitda": 665247000}, {"date": "2021-12-31", "symbol": "PFSI", "reportedCurrency": "USD", "cik": "0001745916", "fillingDate": "2022-02-23", "acceptedDate": "2022-02-23 16:16:38", "calendarYear": "2021", "period": "FY", "revenue": 3975003000, "costOfRevenue": 1831124000, "grossProfit": 2143879000, "grossProfitRatio": 0.5393402219, "researchAndDevelopmentExpenses": 141426000, "generalAndAdministrativeExpenses": 130093000, "sellingAndMarketingExpenses": 44806000, "sellingGeneralAndAdministrativeExpenses": 174899000, "otherExpenses": 609797000, "operatingExpenses": 784696000, "costAndExpenses": 2615820000, "interestIncome": 0, "interestExpense": -90530000, "depreciationAndAmortization": 42940000, "ebitda": 1359183000, "ebitdaratio": 0.3419325721, "operatingIncome": 1316243000, "operatingIncomeRatio": 0.3311300646, "totalOtherIncomeExpensesNet": 42940000, "incomeBeforeTax": 1359183000, "incomeBeforeTaxRatio": 0.3419325721, "incomeTaxExpense": 355693000, "netIncome": 1003490000, "netIncomeRatio": 0.2524501239, "eps": 15.73, "epsdiluted": 14.87, "weightedAverageShsOut": 63799000, "weightedAverageShsOutDil": 67471000, "link": "https://www.sec.gov/Archives/edgar/data/1745916/000155837022001740/0001558370-22-001740-index.htm", "finalLink": "https://www.sec.gov/Archives/edgar/data/1745916/000155837022001740/pfsi-20211231x10k.htm", "calculatedOtherExpenses": 511311000, "calculatedOperatingExpenses": 827636000, "calculatedNetInterest": 90530000, "calculatedOtherIncome": -47590000, "calculatedIncomeNonControlling": 0, "calculatedEbitda": 1359183000}, {"date": "2020-12-31", "symbol": "PFSI", "reportedCurrency": "USD", "cik": "0001745916", "fillingDate": "2021-02-25", "acceptedDate": "2021-02-25 11:07:36", "calendarYear": "2020", "period": "FY", "revenue": 5454624000, "costOfRevenue": 1486800000, "grossProfit": 3967824000, "grossProfitRatio": 0.7274239251, "researchAndDevelopmentExpenses": 112570000, "generalAndAdministrativeExpenses": 97421000, "sellingAndMarketingExpenses": 8658000, "sellingGeneralAndAdministrativeExpenses": 97421000, "otherExpenses": 1629794000, "operatingExpenses": 1727215000, "costAndExpenses": 3214015000, "interestIncome": 0, "interestExpense": -24525000, "depreciationAndAmortization": 37859000, "ebitda": 2240609000, "ebitdaratio": 0.4107724015, "operatingIncome": 2202750000, "operatingIncomeRatio": 0.4038316848, "totalOtherIncomeExpensesNet": 37859000, "incomeBeforeTax": 2240609000, "incomeBeforeTaxRatio": 0.4107724015, "incomeTaxExpense": 593725000, "netIncome": 1646884000, "netIncomeRatio": 0.3019243856, "eps": 21.91, "epsdiluted": 20.92, "weightedAverageShsOut": 75161000, "weightedAverageShsOutDil": 78728000, "link": "https://www.sec.gov/Archives/edgar/data/1745916/000155837021001742/0001558370-21-001742-index.htm", "finalLink": "https://www.sec.gov/Archives/edgar/data/1745916/000155837021001742/pfsi-20201231x10k.htm", "calculatedOtherExpenses": 1555083000, "calculatedOperatingExpenses": 1765074000, "calculatedNetInterest": 24525000, "calculatedOtherIncome": 13334000, "calculatedIncomeNonControlling": 0, "calculatedEbitda": 2240609000}, {"date": "2019-12-31", "symbol": "PFSI", "reportedCurrency": "USD", "cik": "0001745916", "fillingDate": "2020-02-28", "acceptedDate": "2020-02-28 16:04:19", "calendarYear": "2019", "period": "FY", "revenue": 1688967000, "costOfRevenue": 997472000, "grossProfit": 691495000, "grossProfitRatio": 0.4094188933, "researchAndDevelopmentExpenses": 67946000, "generalAndAdministrativeExpenses": 61775000, "sellingAndMarketingExpenses": 5165000, "sellingGeneralAndAdministrativeExpenses": 61775000, "otherExpenses": 100276000, "operatingExpenses": 162051000, "costAndExpenses": 1159523000, "interestIncome": 0, "interestExpense": 76721000, "depreciationAndAmortization": 609040000, "ebitda": 529444000, "ebitdaratio": 0.3134720809, "operatingIncome": -79596000, "operatingIncomeRatio": -0.0471270309, "totalOtherIncomeExpensesNet": 609040000, "incomeBeforeTax": 529444000, "incomeBeforeTaxRatio": 0.3134720809, "incomeTaxExpense": 136479000, "netIncome": 392965000, "netIncomeRatio": 0.2326658839, "eps": 5.02, "epsdiluted": 4.89, "weightedAverageShsOut": 78206000, "weightedAverageShsOutDil": 80340000, "link": "https://www.sec.gov/Archives/edgar/data/1745916/000155837020001774/0001558370-20-001774-index.htm", "finalLink": "https://www.sec.gov/Archives/edgar/data/1745916/000155837020001774/pfsi-20191231x10k.htm", "calculatedOtherExpenses": 641370000, "calculatedOperatingExpenses": 771091000, "calculatedNetInterest": -76721000, "calculatedOtherIncome": 685761000, "calculatedIncomeNonControlling": 0, "calculatedEbitda": 529444000}, {"date": "2018-12-31", "symbol": "PFSI", "reportedCurrency": "USD", "cik": "0001745916", "fillingDate": "2019-03-05", "acceptedDate": "2019-03-05 15:56:45", "calendarYear": "2018", "period": "FY", "revenue": 1128894000, "costOfRevenue": 712369000, "grossProfit": 416525000, "grossProfitRatio": 0.3689673255, "researchAndDevelopmentExpenses": 0, "generalAndAdministrativeExpenses": 54767000, "sellingAndMarketingExpenses": 8207000, "sellingGeneralAndAdministrativeExpenses": 62974000, "otherExpenses": -26083000, "operatingExpenses": 148828000, "costAndExpenses": 861197000, "interestIncome": 216416000, "interestExpense": 144597000, "depreciationAndAmortization": 258814000, "ebitda": 267697000, "ebitdaratio": 0.2371320957, "operatingIncome": 267697000, "operatingIncomeRatio": 0.2371320957, "totalOtherIncomeExpensesNet": -26083000, "incomeBeforeTax": 267697000, "incomeBeforeTaxRatio": 0.2371320957, "incomeTaxExpense": 23254000, "netIncome": 87694000, "netIncomeRatio": 0.0776813412, "eps": 2.59, "epsdiluted": 2.48, "weightedAverageShsOut": 33829846, "weightedAverageShsOutDil": 35322000, "link": "https://www.sec.gov/Archives/edgar/data/1745916/000155837019001499/0001558370-19-001499-index.htm", "finalLink": "https://www.sec.gov/Archives/edgar/data/1745916/000155837019001499/pfsi-20181231x10k.htm", "calculatedOtherExpenses": 85854000, "calculatedOperatingExpenses": 148828000, "calculatedNetInterest": 71819000, "calculatedOtherIncome": -71819000, "calculatedIncomeNonControlling": 156749000, "calculatedEbitda": 526511000}, {"date": "2017-12-31", "symbol": "PFSI", "reportedCurrency": "USD", "cik": "0001745916", "fillingDate": "2017-12-31", "acceptedDate": "2017-12-31 00:00:00", "calendarYear": "2017", "period": "FY", "revenue": 1099865000, "costOfRevenue": 641366000, "grossProfit": 458499000, "grossProfitRatio": 0.4168684339, "researchAndDevelopmentExpenses": 0, "generalAndAdministrativeExpenses": 40460000, "sellingAndMarketingExpenses": 9118000, "sellingGeneralAndAdministrativeExpenses": 49578000, "otherExpenses": -21117000, "operatingExpenses": 122590000, "costAndExpenses": 763956000, "interestIncome": 143179000, "interestExpense": 144520000, "depreciationAndAmortization": 281633000, "ebitda": 335909000, "ebitdaratio": 0.3054093002, "operatingIncome": 335909000, "operatingIncomeRatio": 0.3054093002, "totalOtherIncomeExpensesNet": -21117000, "incomeBeforeTax": 335909000, "incomeBeforeTaxRatio": 0.3054093002, "incomeTaxExpense": 24387000, "netIncome": 100757000, "netIncomeRatio": 0.0916085156, "eps": 4.34, "epsdiluted": 4.03, "weightedAverageShsOut": 23199000, "weightedAverageShsOutDil": 24999000, "link": null, "finalLink": null, "calculatedOtherExpenses": 73012000, "calculatedOperatingExpenses": 122590000, "calculatedNetInterest": -1341000, "calculatedOtherIncome": 1341000, "calculatedIncomeNonControlling": 210765000, "calculatedEbitda": 617542000}, {"date": "2016-12-31", "symbol": "PFSI", "reportedCurrency": "USD", "cik": "0001745916", "fillingDate": "2016-12-31", "acceptedDate": "2016-12-31 00:00:00", "calendarYear": "2016", "period": "FY", "revenue": 1037869000, "costOfRevenue": 556744000, "grossProfit": 481125000, "grossProfitRatio": 0.4635700652, "researchAndDevelopmentExpenses": 0, "generalAndAdministrativeExpenses": 18078000, "sellingAndMarketingExpenses": 0, "sellingGeneralAndAdministrativeExpenses": 18078000, "otherExpenses": -44866000, "operatingExpenses": 98042000, "costAndExpenses": 654786000, "interestIncome": 81127000, "interestExpense": 106206000, "depreciationAndAmortization": 306124000, "ebitda": 383083000, "ebitdaratio": 0.3691053495, "operatingIncome": 383083000, "operatingIncomeRatio": 0.3691053495, "totalOtherIncomeExpensesNet": -44866000, "incomeBeforeTax": 383083000, "incomeBeforeTaxRatio": 0.3691053495, "incomeTaxExpense": 46103000, "netIncome": 66079000, "netIncomeRatio": 0.0636679581, "eps": 2.98, "epsdiluted": 2.94, "weightedAverageShsOut": 22161000, "weightedAverageShsOutDil": 76629000, "link": null, "finalLink": null, "calculatedOtherExpenses": 79964000, "calculatedOperatingExpenses": 98042000, "calculatedNetInterest": -25079000, "calculatedOtherIncome": 25079000, "calculatedIncomeNonControlling": 270901000, "calculatedEbitda": 689207000}, {"date": "2015-12-31", "symbol": "PFSI", "reportedCurrency": "USD", "cik": "0001745916", "fillingDate": "2015-12-31", "acceptedDate": "2015-12-31 00:00:00", "calendarYear": "2015", "period": "FY", "revenue": 781877000, "costOfRevenue": 428274000, "grossProfit": 353603000, "grossProfitRatio": 0.4522488831, "researchAndDevelopmentExpenses": 0, "generalAndAdministrativeExpenses": 15473000, "sellingAndMarketingExpenses": 0, "sellingGeneralAndAdministrativeExpenses": 15473000, "otherExpenses": -33543000, "operatingExpenses": 74410000, "costAndExpenses": 502684000, "interestIncome": 49155000, "interestExpense": 68537000, "depreciationAndAmortization": 155552000, "ebitda": 279193000, "ebitdaratio": 0.3570804615, "operatingIncome": 279193000, "operatingIncomeRatio": 0.3570804615, "totalOtherIncomeExpensesNet": -33543000, "incomeBeforeTax": 279193000, "incomeBeforeTaxRatio": 0.3570804615, "incomeTaxExpense": 31635000, "netIncome": 47228000, "netIncomeRatio": 0.0604033627, "eps": 2.17, "epsdiluted": 2.17, "weightedAverageShsOut": 21755000, "weightedAverageShsOutDil": 76104000, "link": null, "finalLink": null, "calculatedOtherExpenses": 58937000, "calculatedOperatingExpenses": 74410000, "calculatedNetInterest": -19382000, "calculatedOtherIncome": 19382000, "calculatedIncomeNonControlling": 200330000, "calculatedEbitda": 434745000}, {"date": "2014-12-31", "symbol": "PFSI", "reportedCurrency": "USD", "cik": "0001745916", "fillingDate": "2014-12-31", "acceptedDate": "2014-12-31 00:00:00", "calendarYear": "2014", "period": "FY", "revenue": 555534000, "costOfRevenue": 285948000, "grossProfit": 269586000, "grossProfitRatio": 0.4852736286, "researchAndDevelopmentExpenses": 0, "generalAndAdministrativeExpenses": 11108000, "sellingAndMarketingExpenses": 0, "sellingGeneralAndAdministrativeExpenses": 11108000, "otherExpenses": -20006000, "operatingExpenses": 46553000, "costAndExpenses": 332501000, "interestIncome": 27771000, "interestExpense": 37257000, "depreciationAndAmortization": 42867000, "ebitda": 223033000, "ebitdaratio": 0.4014749772, "operatingIncome": 223033000, "operatingIncomeRatio": 0.4014749772, "totalOtherIncomeExpensesNet": -20006000, "incomeBeforeTax": 223033000, "incomeBeforeTaxRatio": 0.4014749772, "incomeTaxExpense": 26722000, "netIncome": 36842000, "netIncomeRatio": 0.0663181731, "eps": 1.73, "epsdiluted": 1.73, "weightedAverageShsOut": 21250000, "weightedAverageShsOutDil": 75955000, "link": null, "finalLink": null, "calculatedOtherExpenses": 35445000, "calculatedOperatingExpenses": 46553000, "calculatedNetInterest": -9486000, "calculatedOtherIncome": 9486000, "calculatedIncomeNonControlling": 159469000, "calculatedEbitda": 265900000}, {"date": "2013-12-31", "symbol": "PFSI", "reportedCurrency": "USD", "cik": "0001745916", "fillingDate": "2013-12-31", "acceptedDate": "2013-12-31 00:00:00", "calendarYear": "2013", "period": "FY", "revenue": 403232000, "costOfRevenue": 182220000, "grossProfit": 221012000, "grossProfitRatio": 0.5481013412, "researchAndDevelopmentExpenses": 0, "generalAndAdministrativeExpenses": 13366000, "sellingAndMarketingExpenses": 9118000, "sellingGeneralAndAdministrativeExpenses": 22484000, "otherExpenses": -7197000, "operatingExpenses": 38886000, "costAndExpenses": 221106000, "interestIncome": 15632000, "interestExpense": 16673000, "depreciationAndAmortization": 30275000, "ebitda": 212401000, "ebitdaratio": 0.5267463892, "operatingIncome": 182126000, "operatingIncomeRatio": 0.4516655424, "totalOtherIncomeExpensesNet": -7197000, "incomeBeforeTax": 182126000, "incomeBeforeTaxRatio": 0.4516655424, "incomeTaxExpense": 9961000, "netIncome": 14400000, "netIncomeRatio": 0.0357114515, "eps": 0.83, "epsdiluted": 0.82, "weightedAverageShsOut": 17311000, "weightedAverageShsOutDil": 75892000, "link": null, "finalLink": null, "calculatedOtherExpenses": 16402000, "calculatedOperatingExpenses": 38886000, "calculatedNetInterest": -1041000, "calculatedOtherIncome": 1041000, "calculatedIncomeNonControlling": 157765000, "calculatedEbitda": 212401000}, {"date": "2012-12-31", "symbol": "PFSI", "reportedCurrency": "USD", "cik": "0001745916", "fillingDate": "2012-12-31", "acceptedDate": "2012-12-31 00:00:00", "calendarYear": "2012", "period": "FY", "revenue": 272965000, "costOfRevenue": 138488000, "grossProfit": 134477000, "grossProfitRatio": 0.4926529042, "researchAndDevelopmentExpenses": 0, "generalAndAdministrativeExpenses": 7089000, "sellingAndMarketingExpenses": 0, "sellingGeneralAndAdministrativeExpenses": 7089000, "otherExpenses": -4610000, "operatingExpenses": 16154000, "costAndExpenses": 154642000, "interestIncome": -7879000, "interestExpense": 7879000, "depreciationAndAmortization": 12772000, "ebitda": 131095000, "ebitdaratio": 0.4802630374, "operatingIncome": 118323000, "operatingIncomeRatio": 0.4334731559, "totalOtherIncomeExpensesNet": -4610000, "incomeBeforeTax": 118323000, "incomeBeforeTaxRatio": 0.4334731559, "incomeTaxExpense": -4610000, "netIncome": 118323000, "netIncomeRatio": 0.4334731559, "eps": 10.65, "epsdiluted": 10.65, "weightedAverageShsOut": 11111171, "weightedAverageShsOutDil": 11111171, "link": null, "finalLink": null, "calculatedOtherExpenses": 9065000, "calculatedOperatingExpenses": 16154000, "calculatedNetInterest": -15758000, "calculatedOtherIncome": 15758000, "calculatedIncomeNonControlling": 4610000, "calculatedEbitda": 131095000}, {"date": "2011-12-31", "symbol": "PFSI", "reportedCurrency": "USD", "cik": "0001745916", "fillingDate": "2011-12-31", "acceptedDate": "2011-12-31 00:00:00", "calendarYear": "2011", "period": "FY", "revenue": 76659000, "costOfRevenue": 51883000, "grossProfit": 24776000, "grossProfitRatio": 0.3231975371, "researchAndDevelopmentExpenses": 0, "generalAndAdministrativeExpenses": 5852000, "sellingAndMarketingExpenses": 346000, "sellingGeneralAndAdministrativeExpenses": 6198000, "otherExpenses": -1900000, "operatingExpenses": 10077000, "costAndExpenses": 61960000, "interestIncome": 1532000, "interestExpense": 1875000, "depreciationAndAmortization": 9689000, "ebitda": 24388000, "ebitdaratio": 0.3181361614, "operatingIncome": 14699000, "operatingIncomeRatio": 0.1917452615, "totalOtherIncomeExpensesNet": -1900000, "incomeBeforeTax": 14699000, "incomeBeforeTaxRatio": 0.1917452615, "incomeTaxExpense": -1900000, "netIncome": 14699000, "netIncomeRatio": 0.1917452615, "eps": 1.32, "epsdiluted": 1.32, "weightedAverageShsOut": 11111171, "weightedAverageShsOutDil": 11111171, "link": null, "finalLink": null, "calculatedOtherExpenses": 3879000, "calculatedOperatingExpenses": 10077000, "calculatedNetInterest": -343000, "calculatedOtherIncome": 343000, "calculatedIncomeNonControlling": 1900000, "calculatedEbitda": 24388000}, {"date": "2010-12-31", "symbol": "PFSI", "reportedCurrency": "USD", "cik": "0001745916", "fillingDate": "2010-12-31", "acceptedDate": "2010-12-31 00:00:00", "calendarYear": "2010", "period": "FY", "revenue": 69229000, "costOfRevenue": 28519000, "grossProfit": 40710000, "grossProfitRatio": 0.5880483612, "researchAndDevelopmentExpenses": 0, "generalAndAdministrativeExpenses": 3182000, "sellingAndMarketingExpenses": 0, "sellingGeneralAndAdministrativeExpenses": 3182000, "otherExpenses": -2527000, "operatingExpenses": 7668000, "costAndExpenses": 36187000, "interestIncome": -790000, "interestExpense": 790000, "depreciationAndAmortization": 592000, "ebitda": 33634000, "ebitdaratio": 0.4858368603, "operatingIncome": 33042000, "operatingIncomeRatio": 0.4772855306, "totalOtherIncomeExpensesNet": -2527000, "incomeBeforeTax": 33042000, "incomeBeforeTaxRatio": 0.4772855306, "incomeTaxExpense": -2527000, "netIncome": 33042000, "netIncomeRatio": 0.4772855306, "eps": 0.0172, "epsdiluted": 0.0172, "weightedAverageShsOut": 11111171, "weightedAverageShsOutDil": 11111171, "link": null, "finalLink": null, "calculatedOtherExpenses": 4486000, "calculatedOperatingExpenses": 7668000, "calculatedNetInterest": -1580000, "calculatedOtherIncome": 1580000, "calculatedIncomeNonControlling": 2527000, "calculatedEbitda": 33634000}]}