{"originalCurrency": "USD", "convertedCurrency": "USD", "report": [{"date": "2023-12-31", "symbol": "PGR", "reportedCurrency": "USD", "cik": "0000080661", "fillingDate": "2024-02-26", "acceptedDate": "2024-02-26 10:46:54", "calendarYear": "2023", "period": "FY", "revenue": 62082300000, "costOfRevenue": 7600000, "grossProfit": 62074700000, "grossProfitRatio": 0.9998775819, "researchAndDevelopmentExpenses": 0, "generalAndAdministrativeExpenses": 0, "sellingAndMarketingExpenses": 0, "sellingGeneralAndAdministrativeExpenses": 0, "otherExpenses": -11255600000, "operatingExpenses": 11255600000, "costAndExpenses": -56910200000, "interestIncome": 0, "interestExpense": 268399999, "depreciationAndAmortization": 299700000, "ebitda": 299700000, "ebitdaratio": 0.0048274629, "operatingIncome": 50826700000, "operatingIncomeRatio": 0.8186987273, "totalOtherIncomeExpensesNet": 4903700000, "incomeBeforeTax": 4903700000, "incomeBeforeTaxRatio": 0.0789870865, "incomeTaxExpense": 1001300000, "netIncome": 3902400000, "netIncomeRatio": 0.0628584959, "eps": 6.61, "epsdiluted": 6.58, "weightedAverageShsOut": 584900000, "weightedAverageShsOutDil": 587500000, "link": "https://www.sec.gov/Archives/edgar/data/80661/000008066124000007/0000080661-24-000007-index.htm", "finalLink": "https://www.sec.gov/Archives/edgar/data/80661/000008066124000007/pgr-20231231.htm", "calculatedOtherExpenses": 11248000000, "calculatedOperatingExpenses": 11248000000, "calculatedNetInterest": -268399999, "calculatedOtherIncome": -45654600001, "calculatedIncomeNonControlling": 0, "calculatedEbitda": 51126400000}, {"date": "2022-12-31", "symbol": "PGR", "reportedCurrency": "USD", "cik": "0000080661", "fillingDate": "2023-02-27", "acceptedDate": "2023-02-27 10:13:46", "calendarYear": "2022", "period": "FY", "revenue": 49586400000, "costOfRevenue": 6.8, "grossProfit": 49586399993, "grossProfitRatio": 0.9999999999, "researchAndDevelopmentExpenses": 0, "generalAndAdministrativeExpenses": 0, "sellingAndMarketingExpenses": 0, "sellingGeneralAndAdministrativeExpenses": 0, "otherExpenses": -48420799993.2, "operatingExpenses": -48420799993.2, "costAndExpenses": 48664300000, "interestIncome": 243500000, "interestExpense": 243500000, "depreciationAndAmortization": 336600000, "ebitda": 1502200000, "ebitdaratio": 0.0302945969, "operatingIncome": 1165600000, "operatingIncomeRatio": 0.0235064453, "totalOtherIncomeExpensesNet": -243500000, "incomeBeforeTax": 922100000, "incomeBeforeTaxRatio": 0.0185958247, "incomeTaxExpense": 200600000, "netIncome": 721500000, "netIncomeRatio": 0.0145503606, "eps": 1.19, "epsdiluted": 1.18, "weightedAverageShsOut": 584400000, "weightedAverageShsOutDil": 587100000, "link": "https://www.sec.gov/Archives/edgar/data/80661/000008066123000006/0000080661-23-000006-index.htm", "finalLink": "https://www.sec.gov/Archives/edgar/data/80661/000008066123000006/pgr-20221231.htm", "calculatedOtherExpenses": 48420799993, "calculatedOperatingExpenses": 48420799993, "calculatedNetInterest": 0, "calculatedOtherIncome": -243500000, "calculatedIncomeNonControlling": 0, "calculatedEbitda": 1502200000}, {"date": "2021-12-31", "symbol": "PGR", "reportedCurrency": "USD", "cik": "0000080661", "fillingDate": "2022-02-28", "acceptedDate": "2022-02-28 09:40:01", "calendarYear": "2021", "period": "FY", "revenue": 47676500000, "costOfRevenue": 6.8, "grossProfit": 47676499993, "grossProfitRatio": 0.9999999999, "researchAndDevelopmentExpenses": 0, "generalAndAdministrativeExpenses": 0, "sellingAndMarketingExpenses": 0, "sellingGeneralAndAdministrativeExpenses": 0, "otherExpenses": -43466500000, "operatingExpenses": -43466500000, "costAndExpenses": 43466500000, "interestIncome": 218600000, "interestExpense": 218600000, "depreciationAndAmortization": 337400000, "ebitda": 4547400000, "ebitdaratio": 0.0953803236, "operatingIncome": 4210000000, "operatingIncomeRatio": 0.0883034619, "totalOtherIncomeExpensesNet": 691800000, "incomeBeforeTax": 4210000000, "incomeBeforeTaxRatio": 0.0883034619, "incomeTaxExpense": 859100000, "netIncome": 3350900000, "netIncomeRatio": 0.0702841022, "eps": 5.69, "epsdiluted": 5.66, "weightedAverageShsOut": 584500000, "weightedAverageShsOutDil": 587100000, "link": "https://www.sec.gov/Archives/edgar/data/80661/000008066122000046/0000080661-22-000046-index.htm", "finalLink": "https://www.sec.gov/Archives/edgar/data/80661/000008066122000046/pgr-20211231.htm", "calculatedOtherExpenses": 43466499993, "calculatedOperatingExpenses": 43466499993, "calculatedNetInterest": 0, "calculatedOtherIncome": 0, "calculatedIncomeNonControlling": 0, "calculatedEbitda": 4547400000}, {"date": "2020-12-31", "symbol": "PGR", "reportedCurrency": "USD", "cik": "0000080661", "fillingDate": "2021-03-01", "acceptedDate": "2021-03-01 10:23:49", "calendarYear": "2020", "period": "FY", "revenue": 42638100000, "costOfRevenue": 7200000, "grossProfit": 42630900000, "grossProfitRatio": 0.9998311369, "researchAndDevelopmentExpenses": 0, "generalAndAdministrativeExpenses": 0, "sellingAndMarketingExpenses": 0, "sellingGeneralAndAdministrativeExpenses": 1077400000, "otherExpenses": -35691300000, "operatingExpenses": -35691300000, "costAndExpenses": 35464900000, "interestIncome": 217000000, "interestExpense": 217000000, "depreciationAndAmortization": 331800000, "ebitda": 7278600000, "ebitdaratio": 0.1707064808, "operatingIncome": 6946800000, "operatingIncomeRatio": 0.1629247082, "totalOtherIncomeExpensesNet": 226400000, "incomeBeforeTax": 7173200000, "incomeBeforeTaxRatio": 0.1682345133, "incomeTaxExpense": 1468600000, "netIncome": 5704600000, "netIncomeRatio": 0.1337911398, "eps": 9.71, "epsdiluted": 9.66, "weightedAverageShsOut": 584900000, "weightedAverageShsOutDil": 587600000, "link": "https://www.sec.gov/Archives/edgar/data/80661/000008066121000014/0000080661-21-000014-index.htm", "finalLink": "https://www.sec.gov/Archives/edgar/data/80661/000008066121000014/pgr-20201231.htm", "calculatedOtherExpenses": 34606700000, "calculatedOperatingExpenses": 35684100000, "calculatedNetInterest": 0, "calculatedOtherIncome": 226400000, "calculatedIncomeNonControlling": 0, "calculatedEbitda": 7278600000}, {"date": "2019-12-31", "symbol": "PGR", "reportedCurrency": "USD", "cik": "0000080661", "fillingDate": "2020-03-02", "acceptedDate": "2020-03-02 15:56:08", "calendarYear": "2019", "period": "FY", "revenue": 38997700000, "costOfRevenue": 5500000, "grossProfit": 38992200000, "grossProfitRatio": 0.999858966, "researchAndDevelopmentExpenses": 0, "generalAndAdministrativeExpenses": 178900000, "sellingAndMarketingExpenses": 0, "sellingGeneralAndAdministrativeExpenses": 178900000, "otherExpenses": -34221000000, "operatingExpenses": -34042100000, "costAndExpenses": 33837400000, "interestIncome": 189700000, "interestExpense": 189700000, "depreciationAndAmortization": 306100000, "ebitda": 5261700000, "ebitdaratio": 0.1349233416, "operatingIncome": 4955600000, "operatingIncomeRatio": 0.1270741608, "totalOtherIncomeExpensesNet": 204700000, "incomeBeforeTax": 5160300000, "incomeBeforeTaxRatio": 0.1323231883, "incomeTaxExpense": 1180300000, "netIncome": 3970300000, "netIncomeRatio": 0.1018085682, "eps": 6.75, "epsdiluted": 6.72, "weightedAverageShsOut": 583800000, "weightedAverageShsOutDil": 587200000, "link": "https://www.sec.gov/Archives/edgar/data/80661/000008066120000006/0000080661-20-000006-index.htm", "finalLink": "https://www.sec.gov/Archives/edgar/data/80661/000008066120000006/pgr-20191231x10k.htm", "calculatedOtherExpenses": 33857700000, "calculatedOperatingExpenses": 34036600000, "calculatedNetInterest": 0, "calculatedOtherIncome": 204700000, "calculatedIncomeNonControlling": 9700000, "calculatedEbitda": 5261700000}, {"date": "2018-12-31", "symbol": "PGR", "reportedCurrency": "USD", "cik": "0000080661", "fillingDate": "2019-02-27", "acceptedDate": "2019-02-27 08:23:22", "calendarYear": "2018", "period": "FY", "revenue": 31954700000, "costOfRevenue": 5100000, "grossProfit": 31949600000, "grossProfitRatio": 0.9998403991, "researchAndDevelopmentExpenses": 0, "generalAndAdministrativeExpenses": 134100000, "sellingAndMarketingExpenses": 0, "sellingGeneralAndAdministrativeExpenses": 134100000, "otherExpenses": 28356900000, "operatingExpenses": 28491000000, "costAndExpenses": 28791100000, "interestIncome": 0, "interestExpense": 166500000, "depreciationAndAmortization": 262400000, "ebitda": 3586800000, "ebitdaratio": 0.1122463988, "operatingIncome": 3324400000, "operatingIncomeRatio": 0.1040347742, "totalOtherIncomeExpensesNet": 158500000, "incomeBeforeTax": 3163600000, "incomeBeforeTaxRatio": 0.0990026506, "incomeTaxExpense": 542600000, "netIncome": 2615300000, "netIncomeRatio": 0.0818439854, "eps": 4.49, "epsdiluted": 4.46, "weightedAverageShsOut": 582400000, "weightedAverageShsOutDil": 586700000, "link": "https://www.sec.gov/Archives/edgar/data/80661/000008066119000008/0000080661-19-000008-index.htm", "finalLink": "https://www.sec.gov/Archives/edgar/data/80661/000008066119000008/pgr-20181231x10k.htm", "calculatedOtherExpenses": 28491100000, "calculatedOperatingExpenses": 28625200000, "calculatedNetInterest": -166500000, "calculatedOtherIncome": 5700000, "calculatedIncomeNonControlling": 5700000, "calculatedEbitda": 3586800000}, {"date": "2017-12-31", "symbol": "PGR", "reportedCurrency": "USD", "cik": "0000080661", "fillingDate": "2018-02-27", "acceptedDate": "2018-02-27 16:46:52", "calendarYear": "2017", "period": "FY", "revenue": 26816100000, "costOfRevenue": 4600000, "grossProfit": 26811500000, "grossProfitRatio": 0.9998284613, "researchAndDevelopmentExpenses": 0, "generalAndAdministrativeExpenses": 109500000, "sellingAndMarketingExpenses": 0, "sellingGeneralAndAdministrativeExpenses": 109500000, "otherExpenses": 24304500000, "operatingExpenses": 24414000000, "costAndExpenses": 24677200000, "interestIncome": 0, "interestExpense": 153100000, "depreciationAndAmortization": 236100000, "ebitda": 2522200000, "ebitdaratio": 0.0940554368, "operatingIncome": 2286100000, "operatingIncomeRatio": 0.0852510246, "totalOtherIncomeExpensesNet": 126800000, "incomeBeforeTax": 2138900000, "incomeBeforeTaxRatio": 0.0797617849, "incomeTaxExpense": 540800000, "netIncome": 1592200000, "netIncomeRatio": 0.0593747786, "eps": 2.74, "epsdiluted": 2.72, "weightedAverageShsOut": 580800000, "weightedAverageShsOutDil": 585700000, "link": "https://www.sec.gov/Archives/edgar/data/80661/000008066118000011/0000080661-18-000011-index.htm", "finalLink": "https://www.sec.gov/Archives/edgar/data/80661/000008066118000011/pgr-20171231x10k.htm", "calculatedOtherExpenses": 24415900000, "calculatedOperatingExpenses": 24525400000, "calculatedNetInterest": -153100000, "calculatedOtherIncome": 5900000, "calculatedIncomeNonControlling": 5900000, "calculatedEbitda": 2522200000}, {"date": "2016-12-31", "symbol": "PGR", "reportedCurrency": "USD", "cik": "0000080661", "fillingDate": "2017-03-01", "acceptedDate": "2017-03-01 11:59:52", "calendarYear": "2016", "period": "FY", "revenue": 23417400000, "costOfRevenue": 4200000, "grossProfit": 23413200000, "grossProfitRatio": 0.9998206462, "researchAndDevelopmentExpenses": 0, "generalAndAdministrativeExpenses": 92000000, "sellingAndMarketingExpenses": 0, "sellingGeneralAndAdministrativeExpenses": 92000000, "otherExpenses": 21623000000, "operatingExpenses": 21715000000, "costAndExpenses": 21946700000, "interestIncome": 0, "interestExpense": 140900000, "depreciationAndAmortization": 199500000, "ebitda": 1784900000, "ebitdaratio": 0.0762211005, "operatingIncome": 1585400000, "operatingIncomeRatio": 0.0677017944, "totalOtherIncomeExpensesNet": 103300000, "incomeBeforeTax": 1470700000, "incomeBeforeTaxRatio": 0.0628037271, "incomeTaxExpense": 413500000, "netIncome": 1031000000, "netIncomeRatio": 0.044027091, "eps": 1.77, "epsdiluted": 1.76, "weightedAverageShsOut": 581700000, "weightedAverageShsOutDil": 585000000, "link": "https://www.sec.gov/Archives/edgar/data/80661/000008066117000012/0000080661-17-000012-index.htm", "finalLink": "https://www.sec.gov/Archives/edgar/data/80661/000008066117000012/pgr-20161231x10k.htm", "calculatedOtherExpenses": 21735800000, "calculatedOperatingExpenses": 21827800000, "calculatedNetInterest": -140900000, "calculatedOtherIncome": 26200000, "calculatedIncomeNonControlling": 26200000, "calculatedEbitda": 1784900000}, {"date": "2015-12-31", "symbol": "PGR", "reportedCurrency": "USD", "cik": "0000080661", "fillingDate": "2016-02-29", "acceptedDate": "2016-02-29 12:40:21", "calendarYear": "2015", "period": "FY", "revenue": 20831900000, "costOfRevenue": 5400000, "grossProfit": 20826500000, "grossProfitRatio": 0.9997407822, "researchAndDevelopmentExpenses": 0, "generalAndAdministrativeExpenses": 77500000, "sellingAndMarketingExpenses": 0, "sellingGeneralAndAdministrativeExpenses": 77500000, "otherExpenses": 18628500000, "operatingExpenses": 18706000000, "costAndExpenses": 18920300000, "interestIncome": 0, "interestExpense": 136000000, "depreciationAndAmortization": 150500000, "ebitda": 2165200000, "ebitdaratio": 0.1039367508, "operatingIncome": 2014700000, "operatingIncomeRatio": 0.0967122538, "totalOtherIncomeExpensesNet": 86300000, "incomeBeforeTax": 1911600000, "incomeBeforeTaxRatio": 0.0917631133, "incomeTaxExpense": 611100000, "netIncome": 1267600000, "netIncomeRatio": 0.0608489864, "eps": 2.16, "epsdiluted": 2.15, "weightedAverageShsOut": 585500000, "weightedAverageShsOutDil": 589200000, "link": "https://www.sec.gov/Archives/edgar/data/80661/000008066116000080/0000080661-16-000080-index.htm", "finalLink": "https://www.sec.gov/Archives/edgar/data/80661/000008066116000080/pgr-20151231x10k.htm", "calculatedOtherExpenses": 18734300000, "calculatedOperatingExpenses": 18811800000, "calculatedNetInterest": -136000000, "calculatedOtherIncome": 32900000, "calculatedIncomeNonControlling": 32900000, "calculatedEbitda": 2165200000}, {"date": "2014-12-31", "symbol": "PGR", "reportedCurrency": "USD", "cik": "0000080661", "fillingDate": "2015-03-02", "acceptedDate": "2015-03-02 10:59:13", "calendarYear": "2014", "period": "FY", "revenue": 19377300000, "costOfRevenue": 4400000, "grossProfit": 19372900000, "grossProfitRatio": 0.9997729302, "researchAndDevelopmentExpenses": 0, "generalAndAdministrativeExpenses": 50900000, "sellingAndMarketingExpenses": 0, "sellingGeneralAndAdministrativeExpenses": 50900000, "otherExpenses": 17246100000, "operatingExpenses": 17297000000, "costAndExpenses": 17469900000, "interestIncome": 0, "interestExpense": 116900000, "depreciationAndAmortization": 97100000, "ebitda": 2121400000, "ebitdaratio": 0.1094786167, "operatingIncome": 2024300000, "operatingIncomeRatio": 0.1044675987, "totalOtherIncomeExpensesNet": 56000000, "incomeBeforeTax": 1907400000, "incomeBeforeTaxRatio": 0.0984347665, "incomeTaxExpense": 626400000, "netIncome": 1281000000, "netIncomeRatio": 0.0661082813, "eps": 2.17, "epsdiluted": 2.15, "weightedAverageShsOut": 590600000, "weightedAverageShsOutDil": 594800000, "link": "https://www.sec.gov/Archives/edgar/data/80661/000008066115000010/0000080661-15-000010-index.htm", "finalLink": "https://www.sec.gov/Archives/edgar/data/80661/000008066115000010/pgr-20141231x10k.htm", "calculatedOtherExpenses": 17297700000, "calculatedOperatingExpenses": 17348600000, "calculatedNetInterest": -116900000, "calculatedOtherIncome": 0, "calculatedIncomeNonControlling": 0, "calculatedEbitda": 2121400000}, {"date": "2013-12-31", "symbol": "PGR", "reportedCurrency": "USD", "cik": "0000080661", "fillingDate": "2014-02-26", "acceptedDate": "2014-02-26 13:05:32", "calendarYear": "2013", "period": "FY", "revenue": 18156400000, "costOfRevenue": 4000000, "grossProfit": 18152400000, "grossProfitRatio": 0.999779692, "researchAndDevelopmentExpenses": 0, "generalAndAdministrativeExpenses": 38800000, "sellingAndMarketingExpenses": 0, "sellingGeneralAndAdministrativeExpenses": 38800000, "otherExpenses": 16236200000, "operatingExpenses": 16275000000, "costAndExpenses": 16436400000, "interestIncome": 0, "interestExpense": 118200000, "depreciationAndAmortization": 101300000, "ebitda": 1939500000, "ebitdaratio": 0.1068218369, "operatingIncome": 1838200000, "operatingIncomeRatio": 0.1012425371, "totalOtherIncomeExpensesNet": 39600000, "incomeBeforeTax": 1720000000, "incomeBeforeTaxRatio": 0.0947324359, "incomeTaxExpense": 554600000, "netIncome": 1165400000, "netIncomeRatio": 0.0641867331, "eps": 1.95, "epsdiluted": 1.93, "weightedAverageShsOut": 599100000, "weightedAverageShsOutDil": 603600000, "link": "https://www.sec.gov/Archives/edgar/data/80661/000008066114000010/0000080661-14-000010-index.htm", "finalLink": "https://www.sec.gov/Archives/edgar/data/80661/000008066114000010/pgr-20131231x10k.htm", "calculatedOtherExpenses": 16275400000, "calculatedOperatingExpenses": 16314200000, "calculatedNetInterest": -118200000, "calculatedOtherIncome": 0, "calculatedIncomeNonControlling": 0, "calculatedEbitda": 1939500000}, {"date": "2012-12-31", "symbol": "PGR", "reportedCurrency": "USD", "cik": "0000080661", "fillingDate": "2013-02-26", "acceptedDate": "2013-02-26 11:06:58", "calendarYear": "2012", "period": "FY", "revenue": 16788500000, "costOfRevenue": 3700000, "grossProfit": 16784800000, "grossProfitRatio": 0.999779611, "researchAndDevelopmentExpenses": 0, "generalAndAdministrativeExpenses": 36100000, "sellingAndMarketingExpenses": 0, "sellingGeneralAndAdministrativeExpenses": 36100000, "otherExpenses": 15554900000, "operatingExpenses": 15591000000, "costAndExpenses": 15470800000, "interestIncome": 0, "interestExpense": 123800000, "depreciationAndAmortization": 94400000, "ebitda": 1535900000, "ebitdaratio": 0.0914852429, "operatingIncome": 1441500000, "operatingIncomeRatio": 0.0858623462, "totalOtherIncomeExpensesNet": 36100000, "incomeBeforeTax": 1317700000, "incomeBeforeTaxRatio": 0.0784882509, "incomeTaxExpense": 415400000, "netIncome": 902300000, "netIncomeRatio": 0.0537451231, "eps": 1.5, "epsdiluted": 1.48, "weightedAverageShsOut": 603300000, "weightedAverageShsOutDil": 607800000, "link": "https://www.sec.gov/Archives/edgar/data/80661/000119312513075784/0001193125-13-075784-index.htm", "finalLink": "https://www.sec.gov/Archives/edgar/data/80661/000119312513075784/d441077d10k.htm", "calculatedOtherExpenses": 15307200000, "calculatedOperatingExpenses": 15343300000, "calculatedNetInterest": -123800000, "calculatedOtherIncome": 0, "calculatedIncomeNonControlling": 0, "calculatedEbitda": 1535900000}, {"date": "2011-12-31", "symbol": "PGR", "reportedCurrency": "USD", "cik": "0000080661", "fillingDate": "2012-02-28", "acceptedDate": "2012-02-28 11:01:45", "calendarYear": "2011", "period": "FY", "revenue": 15508200000, "costOfRevenue": 4700000, "grossProfit": 15503500000, "grossProfitRatio": 0.9996969345, "researchAndDevelopmentExpenses": 0, "generalAndAdministrativeExpenses": 19400000, "sellingAndMarketingExpenses": 0, "sellingGeneralAndAdministrativeExpenses": 19400000, "otherExpenses": 14102600000, "operatingExpenses": 14122000000, "costAndExpenses": 14021200000, "interestIncome": 0, "interestExpense": 132700000, "depreciationAndAmortization": 88500000, "ebitda": 1708200000, "ebitdaratio": 0.1101481797, "operatingIncome": 1619700000, "operatingIncomeRatio": 0.1044415213, "totalOtherIncomeExpensesNet": 22800000, "incomeBeforeTax": 1487000000, "incomeBeforeTaxRatio": 0.0958847577, "incomeTaxExpense": 471500000, "netIncome": 1015500000, "netIncomeRatio": 0.0654814872, "eps": 1.61, "epsdiluted": 1.59, "weightedAverageShsOut": 632300000, "weightedAverageShsOutDil": 636900000, "link": "https://www.sec.gov/Archives/edgar/data/80661/000119312512083846/0001193125-12-083846-index.htm", "finalLink": "https://www.sec.gov/Archives/edgar/data/80661/000119312512083846/d258000d10k.htm", "calculatedOtherExpenses": 13864400000, "calculatedOperatingExpenses": 13883800000, "calculatedNetInterest": -132700000, "calculatedOtherIncome": 0, "calculatedIncomeNonControlling": 0, "calculatedEbitda": 1708200000}, {"date": "2010-12-31", "symbol": "PGR", "reportedCurrency": "USD", "cik": "0000080661", "fillingDate": "2011-03-01", "acceptedDate": "2011-03-01 11:13:25", "calendarYear": "2010", "period": "FY", "revenue": 14963300000, "costOfRevenue": 3900000, "grossProfit": 14959400000, "grossProfitRatio": 0.9997393623, "researchAndDevelopmentExpenses": 0, "generalAndAdministrativeExpenses": 21400000, "sellingAndMarketingExpenses": 0, "sellingGeneralAndAdministrativeExpenses": 21400000, "otherExpenses": 13462600000, "operatingExpenses": 13484000000, "costAndExpenses": 13398100000, "interestIncome": 0, "interestExpense": 133500000, "depreciationAndAmortization": 129000000, "ebitda": 1827700000, "ebitdaratio": 0.122145516, "operatingIncome": 1698700000, "operatingIncomeRatio": 0.1135244231, "totalOtherIncomeExpensesNet": 32300000, "incomeBeforeTax": 1565200000, "incomeBeforeTaxRatio": 0.1046025943, "incomeTaxExpense": 496900000, "netIncome": 1068300000, "netIncomeRatio": 0.071394679, "eps": 1.62, "epsdiluted": 1.61, "weightedAverageShsOut": 657900000, "weightedAverageShsOutDil": 663300000, "link": "https://www.sec.gov/Archives/edgar/data/80661/000119312511051378/0001193125-11-051378-index.htm", "finalLink": "https://www.sec.gov/Archives/edgar/data/80661/000119312511051378/d10k.htm", "calculatedOtherExpenses": 13239300000, "calculatedOperatingExpenses": 13260700000, "calculatedNetInterest": -133500000, "calculatedOtherIncome": 0, "calculatedIncomeNonControlling": 0, "calculatedEbitda": 1827700000}, {"date": "2009-12-31", "symbol": "PGR", "reportedCurrency": "USD", "cik": "0000080661", "fillingDate": "2010-03-01", "acceptedDate": "2010-03-01 12:58:58", "calendarYear": "2009", "period": "FY", "revenue": 14563600000, "costOfRevenue": 3300000, "grossProfit": 14560300000, "grossProfitRatio": 0.9997734077, "researchAndDevelopmentExpenses": 0, "generalAndAdministrativeExpenses": 19400000, "sellingAndMarketingExpenses": 0, "sellingGeneralAndAdministrativeExpenses": 19400000, "otherExpenses": 12817600000, "operatingExpenses": 12837000000, "costAndExpenses": 13006700000, "interestIncome": 0, "interestExpense": 139000000, "depreciationAndAmortization": 127600000, "ebitda": 1823500000, "ebitdaratio": 0.1252094262, "operatingIncome": 1695900000, "operatingIncomeRatio": 0.1164478563, "totalOtherIncomeExpensesNet": 16700000, "incomeBeforeTax": 1556900000, "incomeBeforeTaxRatio": 0.1069035129, "incomeTaxExpense": 499400000, "netIncome": 1057500000, "netIncomeRatio": 0.0726125409, "eps": 1.59, "epsdiluted": 1.57, "weightedAverageShsOut": 666800000, "weightedAverageShsOutDil": 666800000, "link": "https://www.sec.gov/Archives/edgar/data/80661/000119312510044296/0001193125-10-044296-index.htm", "finalLink": "https://www.sec.gov/Archives/edgar/data/80661/000119312510044296/d10k.htm", "calculatedOtherExpenses": 12845000000, "calculatedOperatingExpenses": 12864400000, "calculatedNetInterest": -139000000, "calculatedOtherIncome": 0, "calculatedIncomeNonControlling": 0, "calculatedEbitda": 1823500000}, {"date": "2008-12-31", "symbol": "PGR", "reportedCurrency": "USD", "cik": "0000080661", "fillingDate": "2009-02-25", "acceptedDate": "2009-02-25 11:48:02", "calendarYear": "2008", "period": "FY", "revenue": 12840100000, "costOfRevenue": 3.4, "grossProfit": 12840099996.6, "grossProfitRatio": 0.9999999997, "researchAndDevelopmentExpenses": 0, "generalAndAdministrativeExpenses": 0, "sellingAndMarketingExpenses": 0, "sellingGeneralAndAdministrativeExpenses": 0, "otherExpenses": 12897000000, "operatingExpenses": 12897000000, "costAndExpenses": 13062400000, "interestIncome": 0, "interestExpense": 136700000, "depreciationAndAmortization": 133600000, "ebitda": 48000000, "ebitdaratio": 0.0037382886, "operatingIncome": -85600000, "operatingIncomeRatio": -0.0066666147, "totalOtherIncomeExpensesNet": -1429000000, "incomeBeforeTax": -222300000, "incomeBeforeTaxRatio": -0.0173129493, "incomeTaxExpense": -152300000, "netIncome": -70000000, "netIncomeRatio": -0.0054516709, "eps": -0.1, "epsdiluted": -0.1, "weightedAverageShsOut": 668000000, "weightedAverageShsOutDil": 673900000, "link": "https://www.sec.gov/Archives/edgar/data/80661/000119312509037067/0001193125-09-037067-index.htm", "finalLink": "https://www.sec.gov/Archives/edgar/data/80661/000119312509037067/d10k.htm", "calculatedOtherExpenses": 12925699996.6, "calculatedOperatingExpenses": 12925699996.6, "calculatedNetInterest": -136700000, "calculatedOtherIncome": 0, "calculatedIncomeNonControlling": 0, "calculatedEbitda": 48000000}, {"date": "2007-12-31", "symbol": "PGR", "reportedCurrency": "USD", "cik": "0000080661", "fillingDate": "2008-02-27", "acceptedDate": "2008-02-27 10:46:21", "calendarYear": "2007", "period": "FY", "revenue": 14686800000, "costOfRevenue": 0, "grossProfit": 14686800000, "grossProfitRatio": 1, "researchAndDevelopmentExpenses": 0, "generalAndAdministrativeExpenses": 20500000, "sellingAndMarketingExpenses": 0, "sellingGeneralAndAdministrativeExpenses": 20500000, "otherExpenses": 12831500000, "operatingExpenses": 12852000000, "costAndExpenses": 12993800000, "interestIncome": 0, "interestExpense": 108600000, "depreciationAndAmortization": 417500000, "ebitda": 2219100000, "ebitdaratio": 0.1510948607, "operatingIncome": 1801600000, "operatingIncomeRatio": 0.122667974, "totalOtherIncomeExpensesNet": 22300000, "incomeBeforeTax": 1693000000, "incomeBeforeTaxRatio": 0.115273579, "incomeTaxExpense": 510500000, "netIncome": 1182500000, "netIncomeRatio": 0.0805144756, "eps": 1.66, "epsdiluted": 1.65, "weightedAverageShsOut": 710400000, "weightedAverageShsOutDil": 718500000, "link": "https://www.sec.gov/Archives/edgar/data/80661/000095015208001442/0000950152-08-001442-index.htm", "finalLink": "https://www.sec.gov/Archives/edgar/data/80661/000095015208001442/l30025ae10vk.htm", "calculatedOtherExpenses": 12864700000, "calculatedOperatingExpenses": 12885200000, "calculatedNetInterest": -108600000, "calculatedOtherIncome": 0, "calculatedIncomeNonControlling": 0, "calculatedEbitda": 2219100000}, {"date": "2006-12-31", "symbol": "PGR", "reportedCurrency": "USD", "cik": "0000080661", "fillingDate": "2007-02-28", "acceptedDate": "2007-02-28 11:28:08", "calendarYear": "2006", "period": "FY", "revenue": 14786400000, "costOfRevenue": 0, "grossProfit": 14786400000, "grossProfitRatio": 1, "researchAndDevelopmentExpenses": 0, "generalAndAdministrativeExpenses": 24400000, "sellingAndMarketingExpenses": 0, "sellingGeneralAndAdministrativeExpenses": 24400000, "otherExpenses": 12215600000, "operatingExpenses": 12240000000, "costAndExpenses": 12353200000, "interestIncome": 0, "interestExpense": 77300000, "depreciationAndAmortization": 356600000, "ebitda": 2867100000, "ebitdaratio": 0.1939011524, "operatingIncome": 2510500000, "operatingIncomeRatio": 0.1697843965, "totalOtherIncomeExpensesNet": 30400000, "incomeBeforeTax": 2433200000, "incomeBeforeTaxRatio": 0.1645566196, "incomeTaxExpense": 785700000, "netIncome": 1647500000, "netIncomeRatio": 0.1114199535, "eps": 2.13, "epsdiluted": 2.1, "weightedAverageShsOut": 774300000, "weightedAverageShsOutDil": 774300000, "link": "https://www.sec.gov/Archives/edgar/data/80661/000095015207001579/0000950152-07-001579-index.htm", "finalLink": "https://www.sec.gov/Archives/edgar/data/80661/000095015207001579/l24289ae10vk.htm", "calculatedOtherExpenses": 12251500000, "calculatedOperatingExpenses": 12275900000, "calculatedNetInterest": -77300000, "calculatedOtherIncome": 0, "calculatedIncomeNonControlling": 0, "calculatedEbitda": 2867100000}, {"date": "2005-12-31", "symbol": "PGR", "reportedCurrency": "USD", "cik": "0000080661", "fillingDate": "2006-02-28", "acceptedDate": "2006-02-28 16:01:24", "calendarYear": "2005", "period": "FY", "revenue": 14303400000, "costOfRevenue": 0, "grossProfit": 14303400000, "grossProfitRatio": 1, "researchAndDevelopmentExpenses": 0, "generalAndAdministrativeExpenses": 24600000, "sellingAndMarketingExpenses": 0, "sellingGeneralAndAdministrativeExpenses": 24600000, "otherExpenses": 12100400000, "operatingExpenses": 12125000000, "costAndExpenses": 12244500000, "interestIncome": 0, "interestExpense": 82600000, "depreciationAndAmortization": 315700000, "ebitda": 2457200000, "ebitdaratio": 0.1717913223, "operatingIncome": 2141500000, "operatingIncomeRatio": 0.1497196471, "totalOtherIncomeExpensesNet": 40200000, "incomeBeforeTax": 2058900000, "incomeBeforeTaxRatio": 0.1439447963, "incomeTaxExpense": 665000000, "netIncome": 1393900000, "netIncomeRatio": 0.097452354, "eps": 1.77, "epsdiluted": 1.74, "weightedAverageShsOut": 787700000, "weightedAverageShsOutDil": 799300000, "link": "https://www.sec.gov/Archives/edgar/data/80661/000095015206001512/0000950152-06-001512-index.htm", "finalLink": "https://www.sec.gov/Archives/edgar/data/80661/000095015206001512/l17994ae10vk.htm", "calculatedOtherExpenses": 12137300000, "calculatedOperatingExpenses": 12161900000, "calculatedNetInterest": -82600000, "calculatedOtherIncome": 0, "calculatedIncomeNonControlling": 0, "calculatedEbitda": 2457200000}, {"date": "2004-12-31", "symbol": "PGR", "reportedCurrency": "USD", "cik": "0000080661", "fillingDate": "2005-03-01", "acceptedDate": "2005-03-01 14:53:10", "calendarYear": "2004", "period": "FY", "revenue": 13782100000, "costOfRevenue": 0, "grossProfit": 13782100000, "grossProfitRatio": 1, "researchAndDevelopmentExpenses": 0, "generalAndAdministrativeExpenses": 25000000, "sellingAndMarketingExpenses": 0, "sellingGeneralAndAdministrativeExpenses": 25000000, "otherExpenses": -11275500000, "operatingExpenses": -11250500000, "costAndExpenses": 11331300000, "interestIncome": 0, "interestExpense": 80800000, "depreciationAndAmortization": 292100000, "ebitda": 2823700000, "ebitdaratio": 0.2048816944, "operatingIncome": 2531600000, "operatingIncomeRatio": 0.1836875367, "totalOtherIncomeExpensesNet": 48500000, "incomeBeforeTax": 2450800000, "incomeBeforeTaxRatio": 0.1778248598, "incomeTaxExpense": 802100000, "netIncome": 1648700000, "netIncomeRatio": 0.1196261818, "eps": 1.94, "epsdiluted": 1.91, "weightedAverageShsOut": 851600000, "weightedAverageShsOutDil": 864800000, "link": "https://www.sec.gov/Archives/edgar/data/80661/000095015205001650/0000950152-05-001650-index.htm", "finalLink": "https://www.sec.gov/Archives/edgar/data/80661/000095015205001650/l12357ae10vk.htm", "calculatedOtherExpenses": 11225500000, "calculatedOperatingExpenses": 11250500000, "calculatedNetInterest": -80800000, "calculatedOtherIncome": 0, "calculatedIncomeNonControlling": 0, "calculatedEbitda": 2823700000}, {"date": "2003-12-31", "symbol": "PGR", "reportedCurrency": "USD", "cik": "0000080661", "fillingDate": "2004-03-04", "acceptedDate": "2004-03-04 17:05:52", "calendarYear": "2003", "period": "FY", "revenue": 11892000000, "costOfRevenue": 0, "grossProfit": 11892000000, "grossProfitRatio": 1, "researchAndDevelopmentExpenses": 0, "generalAndAdministrativeExpenses": 25700000, "sellingAndMarketingExpenses": 0, "sellingGeneralAndAdministrativeExpenses": 25700000, "otherExpenses": -9962500000, "operatingExpenses": -9936800000, "costAndExpenses": 10032300000, "interestIncome": 0, "interestExpense": 95500000, "depreciationAndAmortization": 100300000, "ebitda": 2055500000, "ebitdaratio": 0.1728472923, "operatingIncome": 1955200000, "operatingIncomeRatio": 0.1644130508, "totalOtherIncomeExpensesNet": 73000000, "incomeBeforeTax": 1859700000, "incomeBeforeTaxRatio": 0.156382442, "incomeTaxExpense": 604300000, "netIncome": 1255400000, "netIncomeRatio": 0.1055667676, "eps": 1.45, "epsdiluted": 1.42, "weightedAverageShsOut": 867200000, "weightedAverageShsOutDil": 882000000, "link": "https://www.sec.gov/Archives/edgar/data/80661/000095015204001600/0000950152-04-001600-index.htm", "finalLink": "https://www.sec.gov/Archives/edgar/data/80661/000095015204001600/l05942ae10vk.htm", "calculatedOtherExpenses": 9911100000, "calculatedOperatingExpenses": 9936800000, "calculatedNetInterest": -95500000, "calculatedOtherIncome": 0, "calculatedIncomeNonControlling": 0, "calculatedEbitda": 2055500000}, {"date": "2002-12-31", "symbol": "PGR", "reportedCurrency": "USD", "cik": "0000080661", "fillingDate": "2003-03-14", "acceptedDate": "2003-03-14 12:47:25", "calendarYear": "2002", "period": "FY", "revenue": 9294400000, "costOfRevenue": 0, "grossProfit": 9294400000, "grossProfitRatio": 1, "researchAndDevelopmentExpenses": 0, "generalAndAdministrativeExpenses": 22000000, "sellingAndMarketingExpenses": 0, "sellingGeneralAndAdministrativeExpenses": 22000000, "otherExpenses": -8260400000, "operatingExpenses": -8238400000, "costAndExpenses": 8313000000, "interestIncome": 0, "interestExpense": 74600000, "depreciationAndAmortization": 83900000, "ebitda": 1139900000, "ebitdaratio": 0.1226437425, "operatingIncome": 1056000000, "operatingIncomeRatio": 0.1136168015, "totalOtherIncomeExpensesNet": 34300000, "incomeBeforeTax": 981400000, "incomeBeforeTaxRatio": 0.1055904631, "incomeTaxExpense": 314100000, "netIncome": 667300000, "netIncomeRatio": 0.0717959201, "eps": 0.76, "epsdiluted": 0.75, "weightedAverageShsOut": 876000000, "weightedAverageShsOutDil": 892800000, "link": "https://www.sec.gov/Archives/edgar/data/80661/000095015203002937/0000950152-03-002937-index.htm", "finalLink": "https://www.sec.gov/Archives/edgar/data/80661/000095015203002937/l99510ae10vk.htm", "calculatedOtherExpenses": 8216400000, "calculatedOperatingExpenses": 8238400000, "calculatedNetInterest": -74600000, "calculatedOtherIncome": 0, "calculatedIncomeNonControlling": 0, "calculatedEbitda": 1139900000}, {"date": "2001-12-31", "symbol": "PGR", "reportedCurrency": "USD", "cik": "0000080661", "fillingDate": "2002-03-28", "acceptedDate": "2002-03-28 00:00:00", "calendarYear": "2001", "period": "FY", "revenue": 7488200000, "costOfRevenue": 0, "grossProfit": 7488200000, "grossProfitRatio": 1, "researchAndDevelopmentExpenses": 0, "generalAndAdministrativeExpenses": 19800000, "sellingAndMarketingExpenses": 0, "sellingGeneralAndAdministrativeExpenses": 19800000, "otherExpenses": -6868200000, "operatingExpenses": -6848400000, "costAndExpenses": 6900600000, "interestIncome": 0, "interestExpense": 52200000, "depreciationAndAmortization": 81000000, "ebitda": 720800000, "ebitdaratio": 0.0962581128, "operatingIncome": 639800000, "operatingIncomeRatio": 0.085441094, "totalOtherIncomeExpensesNet": 24700000, "incomeBeforeTax": 587600000, "incomeBeforeTaxRatio": 0.0784701263, "incomeTaxExpense": 176200000, "netIncome": 411400000, "netIncomeRatio": 0.0549397719, "eps": 0.47, "epsdiluted": 0.46, "weightedAverageShsOut": 884000000, "weightedAverageShsOutDil": 900800000, "link": "https://www.sec.gov/Archives/edgar/data/80661/000095015202002479/0000950152-02-002479-index.htm", "finalLink": "https://www.sec.gov/Archives/edgar/data/80661/000095015202002479/l93089ae10-k405.htm", "calculatedOtherExpenses": 6828600000, "calculatedOperatingExpenses": 6848400000, "calculatedNetInterest": -52200000, "calculatedOtherIncome": 0, "calculatedIncomeNonControlling": 0, "calculatedEbitda": 720800000}, {"date": "2000-12-31", "symbol": "PGR", "reportedCurrency": "USD", "cik": "0000080661", "fillingDate": "2001-03-29", "acceptedDate": "2001-03-29 00:00:00", "calendarYear": "2000", "period": "FY", "revenue": 6771000000, "costOfRevenue": 0, "grossProfit": 6771000000, "grossProfitRatio": 1, "researchAndDevelopmentExpenses": 0, "generalAndAdministrativeExpenses": 21400000, "sellingAndMarketingExpenses": 0, "sellingGeneralAndAdministrativeExpenses": 21400000, "otherExpenses": -6682800000, "operatingExpenses": -6661400000, "costAndExpenses": 6739200000, "interestIncome": 0, "interestExpense": 77800000, "depreciationAndAmortization": 77600000, "ebitda": 187200000, "ebitdaratio": 0.0276473195, "operatingIncome": 109600000, "operatingIncomeRatio": 0.0161866785, "totalOtherIncomeExpensesNet": 20500000, "incomeBeforeTax": 31800000, "incomeBeforeTaxRatio": 0.0046964998, "incomeTaxExpense": -14300000, "netIncome": 46100000, "netIncomeRatio": 0.0068084478, "eps": 0.0525, "epsdiluted": 0.0517, "weightedAverageShsOut": 878400000, "weightedAverageShsOutDil": 891600000, "link": "https://www.sec.gov/Archives/edgar/data/80661/000095015201001830/0000950152-01-001830-index.htm", "finalLink": "https://www.sec.gov/Archives/edgar/data/80661/000095015201001830/l87143ae10-k.htm", "calculatedOtherExpenses": 6640000000, "calculatedOperatingExpenses": 6661400000, "calculatedNetInterest": -77800000, "calculatedOtherIncome": 0, "calculatedIncomeNonControlling": 0, "calculatedEbitda": 187200000}, {"date": "1999-12-31", "symbol": "PGR", "reportedCurrency": "USD", "cik": "0000080661", "fillingDate": "2000-03-30", "acceptedDate": "2000-03-30 00:00:00", "calendarYear": "1999", "period": "FY", "revenue": 6124200000, "costOfRevenue": 0, "grossProfit": 6124200000, "grossProfitRatio": 1, "researchAndDevelopmentExpenses": 0, "generalAndAdministrativeExpenses": 40900000, "sellingAndMarketingExpenses": 0, "sellingGeneralAndAdministrativeExpenses": 40900000, "otherExpenses": -5676500000, "operatingExpenses": -5635600000, "costAndExpenses": 5712000000, "interestIncome": 0, "interestExpense": 76400000, "depreciationAndAmortization": 71800000, "ebitda": 560400000, "ebitdaratio": 0.0915058293, "operatingIncome": 488600000, "operatingIncomeRatio": 0.0797818491, "totalOtherIncomeExpensesNet": 52700000, "incomeBeforeTax": 412200000, "incomeBeforeTaxRatio": 0.0673067503, "incomeTaxExpense": 117000000, "netIncome": 295200000, "netIncomeRatio": 0.0482022142, "eps": 0.34, "epsdiluted": 0.33, "weightedAverageShsOut": 874800000, "weightedAverageShsOutDil": 895200000, "link": "https://www.sec.gov/Archives/edgar/data/80661/000095015200002514/0000950152-00-002514-index.html", "finalLink": "https://www.sec.gov/Archives/edgar/data/80661/000095015200002514/", "calculatedOtherExpenses": 5594700000, "calculatedOperatingExpenses": 5635600000, "calculatedNetInterest": -76400000, "calculatedOtherIncome": 0, "calculatedIncomeNonControlling": 0, "calculatedEbitda": 560400000}, {"date": "1998-12-31", "symbol": "PGR", "reportedCurrency": "USD", "cik": "0000080661", "fillingDate": "1999-03-26", "acceptedDate": "1999-03-26 00:00:00", "calendarYear": "1998", "period": "FY", "revenue": 5292400000, "costOfRevenue": 0, "grossProfit": 5292400000, "grossProfitRatio": 1, "researchAndDevelopmentExpenses": 0, "generalAndAdministrativeExpenses": 30800000, "sellingAndMarketingExpenses": 0, "sellingGeneralAndAdministrativeExpenses": 30800000, "otherExpenses": -4601000000, "operatingExpenses": -4570200000, "costAndExpenses": 4631300000, "interestIncome": 0, "interestExpense": 61100000, "depreciationAndAmortization": 56100000, "ebitda": 778300000, "ebitdaratio": 0.147059935, "operatingIncome": 722200000, "operatingIncomeRatio": 0.1364598292, "totalOtherIncomeExpensesNet": 38200000, "incomeBeforeTax": 661100000, "incomeBeforeTaxRatio": 0.1249149724, "incomeTaxExpense": 204400000, "netIncome": 456700000, "netIncomeRatio": 0.086293553, "eps": 0.53, "epsdiluted": 0.51, "weightedAverageShsOut": 870000000, "weightedAverageShsOutDil": 896400000, "link": "https://www.sec.gov/Archives/edgar/data/80661/000095015299002467/0000950152-99-002467-index.html", "finalLink": "https://www.sec.gov/Archives/edgar/data/80661/", "calculatedOtherExpenses": 4539400000, "calculatedOperatingExpenses": 4570200000, "calculatedNetInterest": -61100000, "calculatedOtherIncome": 0, "calculatedIncomeNonControlling": 0, "calculatedEbitda": 778300000}, {"date": "1997-12-31", "symbol": "PGR", "reportedCurrency": "USD", "cik": "0000080661", "fillingDate": "1998-03-27", "acceptedDate": "1998-03-27 00:00:00", "calendarYear": "1997", "period": "FY", "revenue": 4608200000, "costOfRevenue": 0, "grossProfit": 4608200000, "grossProfitRatio": 1, "researchAndDevelopmentExpenses": 0, "generalAndAdministrativeExpenses": 43900000, "sellingAndMarketingExpenses": 0, "sellingGeneralAndAdministrativeExpenses": 43900000, "otherExpenses": -4009000000, "operatingExpenses": -3965100000, "costAndExpenses": 4029700000, "interestIncome": 0, "interestExpense": 64600000, "depreciationAndAmortization": 36600000, "ebitda": 679700000, "ebitdaratio": 0.1474979385, "operatingIncome": 643100000, "operatingIncomeRatio": 0.1395555748, "totalOtherIncomeExpensesNet": 45300000, "incomeBeforeTax": 578500000, "incomeBeforeTaxRatio": 0.1255370861, "incomeTaxExpense": 178500000, "netIncome": 400000000, "netIncomeRatio": 0.0868017881, "eps": 0.46, "epsdiluted": 0.44, "weightedAverageShsOut": 864000000, "weightedAverageShsOutDil": 903600000, "link": "https://www.sec.gov/Archives/edgar/data/80661/000095015298002601/0000950152-98-002601-index.html", "finalLink": "https://www.sec.gov/Archives/edgar/data/80661/", "calculatedOtherExpenses": 3921200000, "calculatedOperatingExpenses": 3965100000, "calculatedNetInterest": -64600000, "calculatedOtherIncome": 0, "calculatedIncomeNonControlling": 0, "calculatedEbitda": 679700000}, {"date": "1996-12-31", "symbol": "PGR", "reportedCurrency": "USD", "cik": "0000080661", "fillingDate": "1997-03-31", "acceptedDate": "1997-03-31 00:00:00", "calendarYear": "1996", "period": "FY", "revenue": 3478400000, "costOfRevenue": 0, "grossProfit": 3478400000, "grossProfitRatio": 1, "researchAndDevelopmentExpenses": 0, "generalAndAdministrativeExpenses": 41900000, "sellingAndMarketingExpenses": 0, "sellingGeneralAndAdministrativeExpenses": 41900000, "otherExpenses": -3017100000, "operatingExpenses": -2975200000, "costAndExpenses": 3036700000, "interestIncome": 0, "interestExpense": 61500000, "depreciationAndAmortization": 23800000, "ebitda": 527000000, "ebitdaratio": 0.1515064397, "operatingIncome": 503200000, "operatingIncomeRatio": 0.1446642134, "totalOtherIncomeExpensesNet": 46200000, "incomeBeforeTax": 441700000, "incomeBeforeTaxRatio": 0.1269836707, "incomeTaxExpense": 128000000, "netIncome": 313700000, "netIncomeRatio": 0.0901851426, "eps": 0.35, "epsdiluted": 0.34, "weightedAverageShsOut": 909275362, "weightedAverageShsOutDil": 915912409, "link": "https://www.sec.gov/Archives/edgar/data/80661/000095015297002528/0000950152-97-002528-index.html", "finalLink": "https://www.sec.gov/Archives/edgar/data/80661/", "calculatedOtherExpenses": 2933300000, "calculatedOperatingExpenses": 2975200000, "calculatedNetInterest": -61500000, "calculatedOtherIncome": 0, "calculatedIncomeNonControlling": 0, "calculatedEbitda": 527000000}, {"date": "1995-12-31", "symbol": "PGR", "reportedCurrency": "USD", "cik": "0000080661", "fillingDate": "1996-03-15", "acceptedDate": "1996-03-15 00:00:00", "calendarYear": "1995", "period": "FY", "revenue": 3011900000, "costOfRevenue": 0, "grossProfit": 3011900000, "grossProfitRatio": 1, "researchAndDevelopmentExpenses": 0, "generalAndAdministrativeExpenses": 30200000, "sellingAndMarketingExpenses": 0, "sellingGeneralAndAdministrativeExpenses": 30200000, "otherExpenses": -2639100000, "operatingExpenses": -2608900000, "costAndExpenses": 2666000000, "interestIncome": 0, "interestExpense": 57100000, "depreciationAndAmortization": 20400000, "ebitda": 423400000, "ebitdaratio": 0.1405757163, "operatingIncome": 403000000, "operatingIncomeRatio": 0.1338025831, "totalOtherIncomeExpensesNet": 38900000, "incomeBeforeTax": 345900000, "incomeBeforeTaxRatio": 0.1148444503, "incomeTaxExpense": 95400000, "netIncome": 250500000, "netIncomeRatio": 0.083170092, "eps": 0.27, "epsdiluted": 0.27, "weightedAverageShsOut": 922085890, "weightedAverageShsOutDil": 927777778, "link": "https://www.sec.gov/Archives/edgar/data/80661/000095015296001017/0000950152-96-001017-index.html", "finalLink": "https://www.sec.gov/Archives/edgar/data/80661/", "calculatedOtherExpenses": 2578700000, "calculatedOperatingExpenses": 2608900000, "calculatedNetInterest": -57100000, "calculatedOtherIncome": 0, "calculatedIncomeNonControlling": 0, "calculatedEbitda": 423400000}, {"date": "1994-12-31", "symbol": "PGR", "reportedCurrency": "USD", "cik": "0000080661", "fillingDate": "1995-03-28", "acceptedDate": "1995-03-28 00:00:00", "calendarYear": "1994", "period": "FY", "revenue": 2415300000, "costOfRevenue": 0, "grossProfit": 2415300000, "grossProfitRatio": 1, "researchAndDevelopmentExpenses": 0, "generalAndAdministrativeExpenses": 31900000, "sellingAndMarketingExpenses": 0, "sellingGeneralAndAdministrativeExpenses": 31900000, "otherExpenses": -2012100000, "operatingExpenses": -1980200000, "costAndExpenses": 2035500000, "interestIncome": 0, "interestExpense": 55300000, "depreciationAndAmortization": 19300000, "ebitda": 454400000, "ebitdaratio": 0.1881339792, "operatingIncome": 435100000, "operatingIncomeRatio": 0.1801432534, "totalOtherIncomeExpensesNet": 41900000, "incomeBeforeTax": 379800000, "incomeBeforeTaxRatio": 0.1572475469, "incomeTaxExpense": 105500000, "netIncome": 274300000, "netIncomeRatio": 0.1135676728, "eps": 0.3, "epsdiluted": 0.3, "weightedAverageShsOut": 916880223, "weightedAverageShsOutDil": 916880223, "link": "https://www.sec.gov/Archives/edgar/data/80661/000095015295000465/0000950152-95-000465-index.html", "finalLink": "https://www.sec.gov/Archives/edgar/data/80661/", "calculatedOtherExpenses": 1948300000, "calculatedOperatingExpenses": 1980200000, "calculatedNetInterest": -55300000, "calculatedOtherIncome": 0, "calculatedIncomeNonControlling": 0, "calculatedEbitda": 454400000}, {"date": "1993-12-31", "symbol": "PGR", "reportedCurrency": "USD", "cik": "0000080661", "fillingDate": "1994-03-29", "acceptedDate": "1994-03-29 17:28:00", "calendarYear": "1993", "period": "FY", "revenue": 1954800000, "costOfRevenue": 0, "grossProfit": 1954800000, "grossProfitRatio": 1, "researchAndDevelopmentExpenses": 0, "generalAndAdministrativeExpenses": 0, "sellingAndMarketingExpenses": 0, "sellingGeneralAndAdministrativeExpenses": 36900000, "otherExpenses": -1578900000, "operatingExpenses": -1542000000, "costAndExpenses": 1581700000, "interestIncome": 0, "interestExpense": 39700000, "depreciationAndAmortization": 16100000, "ebitda": 428900000, "ebitdaratio": 0.2194086352, "operatingIncome": 412800000, "operatingIncomeRatio": 0.2111724985, "totalOtherIncomeExpensesNet": 43700000, "incomeBeforeTax": 373100000, "incomeBeforeTaxRatio": 0.1908635154, "incomeTaxExpense": 105800000, "netIncome": 267300000, "netIncomeRatio": 0.1367403315, "eps": 0.3, "epsdiluted": 0.3, "weightedAverageShsOut": 893481894, "weightedAverageShsOutDil": 895977654, "link": "https://www.sec.gov/Archives/edgar/data/80661/000095015294000341/0000950152-94-000341-index.htm", "finalLink": "https://www.sec.gov/Archives/edgar/data/80661/000095015294000341/", "calculatedOtherExpenses": 1505100000, "calculatedOperatingExpenses": 1542000000, "calculatedNetInterest": -39700000, "calculatedOtherIncome": 0, "calculatedIncomeNonControlling": 0, "calculatedEbitda": 428900000}, {"date": "1992-12-31", "symbol": "PGR", "reportedCurrency": "USD", "cik": "0000080661", "fillingDate": "1992-12-31", "acceptedDate": "1992-12-30 19:00:00", "calendarYear": "1992", "period": "FY", "revenue": 1738900000, "costOfRevenue": 0, "grossProfit": 1738900000, "grossProfitRatio": 1, "researchAndDevelopmentExpenses": 0, "generalAndAdministrativeExpenses": 0, "sellingAndMarketingExpenses": 0, "sellingGeneralAndAdministrativeExpenses": 0, "otherExpenses": -1501500000, "operatingExpenses": -1501500000, "costAndExpenses": 490100000, "interestIncome": 0, "interestExpense": 44500000, "depreciationAndAmortization": 24300000, "ebitda": 261700000, "ebitdaratio": 0.1504974409, "operatingIncome": 237400000, "operatingIncomeRatio": 0.1365230893, "totalOtherIncomeExpensesNet": 312800000, "incomeBeforeTax": 550200000, "incomeBeforeTaxRatio": 0.3164069239, "incomeTaxExpense": 39100000, "netIncome": 153800000, "netIncomeRatio": 0.0884467192, "eps": 0.19, "epsdiluted": 0.17, "weightedAverageShsOut": 796309432, "weightedAverageShsOutDil": 901191237, "link": "", "finalLink": "", "calculatedOtherExpenses": 1501500000, "calculatedOperatingExpenses": 1501500000, "calculatedNetInterest": -44500000, "calculatedOtherIncome": 357300000, "calculatedIncomeNonControlling": 357300000, "calculatedEbitda": 261700000}, {"date": "1991-12-31", "symbol": "PGR", "reportedCurrency": "USD", "cik": "0000080661", "fillingDate": "1991-12-31", "acceptedDate": "1991-12-30 19:00:00", "calendarYear": "1991", "period": "FY", "revenue": 1493100000, "costOfRevenue": 0, "grossProfit": 1493100000, "grossProfitRatio": 1, "researchAndDevelopmentExpenses": 0, "generalAndAdministrativeExpenses": 0, "sellingAndMarketingExpenses": 0, "sellingGeneralAndAdministrativeExpenses": 0, "otherExpenses": -1412400000, "operatingExpenses": -1412400000, "costAndExpenses": 523600000, "interestIncome": 0, "interestExpense": 47800000, "depreciationAndAmortization": 28400000, "ebitda": 109100000, "ebitdaratio": 0.0730694528, "operatingIncome": 80700000, "operatingIncomeRatio": 0.0540486237, "totalOtherIncomeExpensesNet": 206200000, "incomeBeforeTax": 286900000, "incomeBeforeTaxRatio": 0.1921505592, "incomeTaxExpense": 254000000, "netIncome": 32900000, "netIncomeRatio": 0.0220346929, "eps": 0.0341, "epsdiluted": 0.0341, "weightedAverageShsOut": 963876600, "weightedAverageShsOutDil": 963876600, "link": "", "finalLink": "", "calculatedOtherExpenses": 1412400000, "calculatedOperatingExpenses": 1412400000, "calculatedNetInterest": -47800000, "calculatedOtherIncome": 254000000, "calculatedIncomeNonControlling": 0, "calculatedEbitda": 109100000}, {"date": "1990-12-31", "symbol": "PGR", "reportedCurrency": "USD", "cik": "0000080661", "fillingDate": "1990-12-31", "acceptedDate": "1990-12-30 19:00:00", "calendarYear": "1990", "period": "FY", "revenue": 136700000, "costOfRevenue": 0, "grossProfit": 136700000, "grossProfitRatio": 1, "researchAndDevelopmentExpenses": 0, "generalAndAdministrativeExpenses": 0, "sellingAndMarketingExpenses": 0, "sellingGeneralAndAdministrativeExpenses": 0, "otherExpenses": -2800000, "operatingExpenses": -2800000, "costAndExpenses": 48400000, "interestIncome": 0, "interestExpense": 48400000, "depreciationAndAmortization": 0, "ebitda": 133900000, "ebitdaratio": 0.9795171909, "operatingIncome": 133900000, "operatingIncomeRatio": 0.9795171909, "totalOtherIncomeExpensesNet": 0, "incomeBeforeTax": 0, "incomeBeforeTaxRatio": 0, "incomeTaxExpense": -7900000, "netIncome": 93400000, "netIncomeRatio": 0.6832479883, "eps": 0.11, "epsdiluted": 0.0991, "weightedAverageShsOut": 876501502, "weightedAverageShsOutDil": 942786773, "link": "", "finalLink": "", "calculatedOtherExpenses": 2800000, "calculatedOperatingExpenses": 2800000, "calculatedNetInterest": -48400000, "calculatedOtherIncome": -85500000, "calculatedIncomeNonControlling": -85500000, "calculatedEbitda": 133900000}, {"date": "1989-12-31", "symbol": "PGR", "reportedCurrency": "USD", "cik": "0000080661", "fillingDate": "1989-12-31", "acceptedDate": "1989-12-30 19:00:00", "calendarYear": "1989", "period": "FY", "revenue": 1392700000, "costOfRevenue": 0, "grossProfit": 1392700000, "grossProfitRatio": 1, "researchAndDevelopmentExpenses": 0, "generalAndAdministrativeExpenses": 0, "sellingAndMarketingExpenses": 0, "sellingGeneralAndAdministrativeExpenses": 0, "otherExpenses": -1257300000, "operatingExpenses": -1257300000, "costAndExpenses": 346000000, "interestIncome": 0, "interestExpense": 49300000, "depreciationAndAmortization": 17400000, "ebitda": 152800000, "ebitdaratio": 0.1097149422, "operatingIncome": 135400000, "operatingIncomeRatio": 0.097221225, "totalOtherIncomeExpensesNet": 196200000, "incomeBeforeTax": 331600000, "incomeBeforeTaxRatio": 0.2380986573, "incomeTaxExpense": 8100000, "netIncome": 78000000, "netIncomeRatio": 0.0560063187, "eps": 0.11, "epsdiluted": 0.11, "weightedAverageShsOut": 720720721, "weightedAverageShsOutDil": 720720721, "link": "", "finalLink": "", "calculatedOtherExpenses": 1257300000, "calculatedOperatingExpenses": 1257300000, "calculatedNetInterest": -49300000, "calculatedOtherIncome": 245500000, "calculatedIncomeNonControlling": 245500000, "calculatedEbitda": 152800000}, {"date": "1988-12-31", "symbol": "PGR", "reportedCurrency": "USD", "cik": "0000080661", "fillingDate": "1988-12-31", "acceptedDate": "1988-12-30 19:00:00", "calendarYear": "1988", "period": "FY", "revenue": 1344700000, "costOfRevenue": 0, "grossProfit": 1344700000, "grossProfitRatio": 1, "researchAndDevelopmentExpenses": 0, "generalAndAdministrativeExpenses": 0, "sellingAndMarketingExpenses": 0, "sellingGeneralAndAdministrativeExpenses": 0, "otherExpenses": -1196700000, "operatingExpenses": -1196700000, "costAndExpenses": 16000000, "interestIncome": 0, "interestExpense": 16000000, "depreciationAndAmortization": 0, "ebitda": 148000000, "ebitdaratio": 0.1100617238, "operatingIncome": 148000000, "operatingIncomeRatio": 0.1100617238, "totalOtherIncomeExpensesNet": 0, "incomeBeforeTax": 0, "incomeBeforeTaxRatio": 0, "incomeTaxExpense": 23900000, "netIncome": 108100000, "netIncomeRatio": 0.080389678, "eps": 0.11, "epsdiluted": 0.1, "weightedAverageShsOut": 1006583297, "weightedAverageShsOutDil": 1055684681, "link": "", "finalLink": "", "calculatedOtherExpenses": 1196700000, "calculatedOperatingExpenses": 1196700000, "calculatedNetInterest": -16000000, "calculatedOtherIncome": -132000000, "calculatedIncomeNonControlling": -132000000, "calculatedEbitda": 148000000}, {"date": "1987-12-31", "symbol": "PGR", "reportedCurrency": "USD", "cik": "0000080661", "fillingDate": "1987-12-31", "acceptedDate": "1987-12-30 19:00:00", "calendarYear": "1987", "period": "FY", "revenue": 999900000, "costOfRevenue": 0, "grossProfit": 999900000, "grossProfitRatio": 1, "researchAndDevelopmentExpenses": 0, "generalAndAdministrativeExpenses": 0, "sellingAndMarketingExpenses": 0, "sellingGeneralAndAdministrativeExpenses": 0, "otherExpenses": -881600000, "operatingExpenses": -881600000, "costAndExpenses": 10800000, "interestIncome": 0, "interestExpense": 10800000, "depreciationAndAmortization": 0, "ebitda": 118300000, "ebitdaratio": 0.1183118312, "operatingIncome": 118300000, "operatingIncomeRatio": 0.1183118312, "totalOtherIncomeExpensesNet": 0, "incomeBeforeTax": 0, "incomeBeforeTaxRatio": 0, "incomeTaxExpense": 16200000, "netIncome": 91300000, "netIncomeRatio": 0.0913091309, "eps": 0.0874, "epsdiluted": 0.0874, "weightedAverageShsOut": 1044467070, "weightedAverageShsOutDil": 1044467070, "link": "", "finalLink": "", "calculatedOtherExpenses": 881600000, "calculatedOperatingExpenses": 881600000, "calculatedNetInterest": -10800000, "calculatedOtherIncome": -107500000, "calculatedIncomeNonControlling": -107500000, "calculatedEbitda": 118300000}, {"date": "1986-12-31", "symbol": "PGR", "reportedCurrency": "USD", "cik": "0000080661", "fillingDate": "1986-12-31", "acceptedDate": "1986-12-30 19:00:00", "calendarYear": "1986", "period": "FY", "revenue": 731900000, "costOfRevenue": 0, "grossProfit": 731900000, "grossProfitRatio": 1, "researchAndDevelopmentExpenses": 0, "generalAndAdministrativeExpenses": 0, "sellingAndMarketingExpenses": 0, "sellingGeneralAndAdministrativeExpenses": 0, "otherExpenses": -654700000, "operatingExpenses": -654700000, "costAndExpenses": 6100000, "interestIncome": 0, "interestExpense": 6100000, "depreciationAndAmortization": 0, "ebitda": 77200000, "ebitdaratio": 0.1054788906, "operatingIncome": 77200000, "operatingIncomeRatio": 0.1054788906, "totalOtherIncomeExpensesNet": 0, "incomeBeforeTax": 0, "incomeBeforeTaxRatio": 0, "incomeTaxExpense": 15800000, "netIncome": 55300000, "netIncomeRatio": 0.0755567701, "eps": 0.0549, "epsdiluted": 0.0549, "weightedAverageShsOut": 1006461006, "weightedAverageShsOutDil": 1006461006, "link": "", "finalLink": "", "calculatedOtherExpenses": 654700000, "calculatedOperatingExpenses": 654700000, "calculatedNetInterest": -6100000, "calculatedOtherIncome": -71100000, "calculatedIncomeNonControlling": -71100000, "calculatedEbitda": 77200000}, {"date": "1985-12-31", "symbol": "PGR", "reportedCurrency": "USD", "cik": "0000080661", "fillingDate": "1985-12-31", "acceptedDate": "1985-12-30 19:00:00", "calendarYear": "1985", "period": "FY", "revenue": 490800000, "costOfRevenue": 0, "grossProfit": 490800000, "grossProfitRatio": 1, "researchAndDevelopmentExpenses": 0, "generalAndAdministrativeExpenses": 0, "sellingAndMarketingExpenses": 0, "sellingGeneralAndAdministrativeExpenses": 0, "otherExpenses": -457600000, "operatingExpenses": -457600000, "costAndExpenses": 8800000, "interestIncome": 0, "interestExpense": 8800000, "depreciationAndAmortization": 0, "ebitda": 33200000, "ebitdaratio": 0.0676446618, "operatingIncome": 33200000, "operatingIncomeRatio": 0.0676446618, "totalOtherIncomeExpensesNet": 0, "incomeBeforeTax": 0, "incomeBeforeTaxRatio": 0, "incomeTaxExpense": -1100000, "netIncome": 25500000, "netIncomeRatio": 0.0519559902, "eps": 0.0316, "epsdiluted": 0.0316, "weightedAverageShsOut": 806069227, "weightedAverageShsOutDil": 806069227, "link": "", "finalLink": "", "calculatedOtherExpenses": 457600000, "calculatedOperatingExpenses": 457600000, "calculatedNetInterest": -8800000, "calculatedOtherIncome": -24400000, "calculatedIncomeNonControlling": -24400000, "calculatedEbitda": 33200000}]}