{"originalCurrency": "USD", "convertedCurrency": "USD", "report": [{"date": "2023-12-31", "symbol": "PHM", "reportedCurrency": "USD", "cik": "0000822416", "fillingDate": "2024-02-05", "acceptedDate": "2024-02-05 16:52:45", "calendarYear": "2023", "period": "FY", "revenue": 16061578000, "costOfRevenue": 15740793, "grossProfit": 16045837207, "grossProfitRatio": 0.9990199722, "researchAndDevelopmentExpenses": 0, "generalAndAdministrativeExpenses": 1312097, "sellingAndMarketingExpenses": 545, "sellingGeneralAndAdministrativeExpenses": 1312642, "otherExpenses": 10186000, "operatingExpenses": 1312642, "costAndExpenses": 17053435, "interestIncome": 61533000, "interestExpense": 469000, "depreciationAndAmortization": 80824000, "ebitda": -1312612.7, "ebitdaratio": -8.17238e-05, "operatingIncome": -1312612.7, "operatingIncomeRatio": -8.17238e-05, "totalOtherIncomeExpensesNet": 4628687, "incomeBeforeTax": 3449267000, "incomeBeforeTaxRatio": 0.2147526849, "incomeTaxExpense": 846895000, "netIncome": 2602372000, "netIncomeRatio": 0.1620246778, "eps": 11.79, "epsdiluted": 11.72, "weightedAverageShsOut": 219958000, "weightedAverageShsOutDil": 221163000, "link": "https://www.sec.gov/Archives/edgar/data/822416/000082241624000010/0000822416-24-000010-index.htm", "finalLink": "https://www.sec.gov/Archives/edgar/data/822416/000082241624000010/phm-20231231.htm", "calculatedOtherExpenses": 16045837177.7, "calculatedOperatingExpenses": 16047149819.7, "calculatedNetInterest": 61064000, "calculatedOtherIncome": 3389515612.7, "calculatedIncomeNonControlling": 0, "calculatedEbitda": 79511387.3}, {"date": "2022-12-31", "symbol": "PHM", "reportedCurrency": "USD", "cik": "0000822416", "fillingDate": "2023-02-06", "acceptedDate": "2023-02-06 16:32:06", "calendarYear": "2022", "period": "FY", "revenue": 16228995000, "costOfRevenue": 11394497000, "grossProfit": 4834498000, "grossProfitRatio": 0.2978926298, "researchAndDevelopmentExpenses": 0, "generalAndAdministrativeExpenses": 1381221458, "sellingAndMarketingExpenses": 542, "sellingGeneralAndAdministrativeExpenses": 1381222000, "otherExpenses": -13718000, "operatingExpenses": 1381222000, "costAndExpenses": 12775719000, "interestIncome": 1971000, "interestExpense": 284000, "depreciationAndAmortization": 70918000, "ebitda": 3524194000, "ebitdaratio": 0.2171541737, "operatingIncome": 3453276000, "operatingIncomeRatio": 0.2127843406, "totalOtherIncomeExpensesNet": -13718000, "incomeBeforeTax": 3439558000, "incomeBeforeTaxRatio": 0.2119390634, "incomeTaxExpense": 822241000, "netIncome": 2617317000, "netIncomeRatio": 0.161274127, "eps": 11.07, "epsdiluted": 11.01, "weightedAverageShsOut": 235010000, "weightedAverageShsOutDil": 236166000, "link": "https://www.sec.gov/Archives/edgar/data/822416/000082241623000007/0000822416-23-000007-index.htm", "finalLink": "https://www.sec.gov/Archives/edgar/data/822416/000082241623000007/phm-20221231.htm", "calculatedOtherExpenses": 0, "calculatedOperatingExpenses": 1381222000, "calculatedNetInterest": 1687000, "calculatedOtherIncome": -15405000, "calculatedIncomeNonControlling": 0, "calculatedEbitda": 3524194000}, {"date": "2021-12-31", "symbol": "PHM", "reportedCurrency": "USD", "cik": "0000822416", "fillingDate": "2022-02-07", "acceptedDate": "2022-02-07 16:22:57", "calendarYear": "2021", "period": "FY", "revenue": 13926882000, "costOfRevenue": 10144460000, "grossProfit": 3782422000, "grossProfitRatio": 0.2715914445, "researchAndDevelopmentExpenses": 0, "generalAndAdministrativeExpenses": 1161498000, "sellingAndMarketingExpenses": 47200000, "sellingGeneralAndAdministrativeExpenses": 1208698000, "otherExpenses": -2410000, "operatingExpenses": 1208698000, "costAndExpenses": 11353158000, "interestIncome": 1953000, "interestExpense": 502000, "depreciationAndAmortization": 69953000, "ebitda": 2705146000, "ebitdaratio": 0.19423917, "operatingIncome": 2635193000, "operatingIncomeRatio": 0.1892162941, "totalOtherIncomeExpensesNet": -125348000, "incomeBeforeTax": 2509845000, "incomeBeforeTaxRatio": 0.1802158588, "incomeTaxExpense": 563525000, "netIncome": 1946320000, "netIncomeRatio": 0.1397527458, "eps": 7.44, "epsdiluted": 7.43, "weightedAverageShsOut": 259285000, "weightedAverageShsOutDil": 259928000, "link": "https://www.sec.gov/Archives/edgar/data/822416/000082241622000007/0000822416-22-000007-index.htm", "finalLink": "https://www.sec.gov/Archives/edgar/data/822416/000082241622000007/phm-20211231.htm", "calculatedOtherExpenses": -61469000, "calculatedOperatingExpenses": 1147229000, "calculatedNetInterest": 1451000, "calculatedOtherIncome": -126799000, "calculatedIncomeNonControlling": 0, "calculatedEbitda": 2705146000}, {"date": "2020-12-31", "symbol": "PHM", "reportedCurrency": "USD", "cik": "0000822416", "fillingDate": "2021-02-02", "acceptedDate": "2021-02-02 13:12:18", "calendarYear": "2020", "period": "FY", "revenue": 11036082000, "costOfRevenue": 8257930000, "grossProfit": 2778152000, "grossProfitRatio": 0.2517335409, "researchAndDevelopmentExpenses": 0, "generalAndAdministrativeExpenses": 971142000, "sellingAndMarketingExpenses": 40300000, "sellingGeneralAndAdministrativeExpenses": 1011442000, "otherExpenses": -17826000, "operatingExpenses": 1011442000, "costAndExpenses": 9269372000, "interestIncome": 6837000, "interestExpense": 4248000, "depreciationAndAmortization": 66081000, "ebitda": 1852981000, "ebitdaratio": 0.1679020689, "operatingIncome": 1786900000, "operatingIncomeRatio": 0.1619143461, "totalOtherIncomeExpensesNet": -58206000, "incomeBeforeTax": 1728694000, "incomeBeforeTaxRatio": 0.1566401917, "incomeTaxExpense": 321855000, "netIncome": 1406839000, "netIncomeRatio": 0.1274763091, "eps": 5.19, "epsdiluted": 5.18, "weightedAverageShsOut": 268553000, "weightedAverageShsOutDil": 269414000, "link": "https://www.sec.gov/Archives/edgar/data/822416/000082241621000007/0000822416-21-000007-index.htm", "finalLink": "https://www.sec.gov/Archives/edgar/data/822416/000082241621000007/phm-20201231.htm", "calculatedOtherExpenses": -20190000, "calculatedOperatingExpenses": 991252000, "calculatedNetInterest": 2589000, "calculatedOtherIncome": -60795000, "calculatedIncomeNonControlling": 0, "calculatedEbitda": 1852981000}, {"date": "2019-12-31", "symbol": "PHM", "reportedCurrency": "USD", "cik": "0000822416", "fillingDate": "2020-01-30", "acceptedDate": "2020-01-30 14:10:58", "calendarYear": "2019", "period": "FY", "revenue": 10212957000, "costOfRevenue": 7815568000, "grossProfit": 2397389000, "grossProfitRatio": 0.2347399485, "researchAndDevelopmentExpenses": 0, "generalAndAdministrativeExpenses": 990437000, "sellingAndMarketingExpenses": 53900000, "sellingGeneralAndAdministrativeExpenses": 1044337000, "otherExpenses": -13476000, "operatingExpenses": 1044337000, "costAndExpenses": 8859905000, "interestIncome": 16739000, "interestExpense": 584000, "depreciationAndAmortization": 53999000, "ebitda": 1407051000, "ebitdaratio": 0.1377711666, "operatingIncome": 1353052000, "operatingIncomeRatio": 0.1324838634, "totalOtherIncomeExpensesNet": -13476000, "incomeBeforeTax": 1339576000, "incomeBeforeTaxRatio": 0.1311643631, "incomeTaxExpense": 322876000, "netIncome": 1016700000, "netIncomeRatio": 0.0995500128, "eps": 3.67, "epsdiluted": 3.66, "weightedAverageShsOut": 274495000, "weightedAverageShsOutDil": 275297000, "link": "https://www.sec.gov/Archives/edgar/data/822416/000082241620000007/0000822416-20-000007-index.htm", "finalLink": "https://www.sec.gov/Archives/edgar/data/822416/000082241620000007/a201910-k.htm", "calculatedOtherExpenses": 0, "calculatedOperatingExpenses": 1044337000, "calculatedNetInterest": 16155000, "calculatedOtherIncome": -29631000, "calculatedIncomeNonControlling": 0, "calculatedEbitda": 1407051000}, {"date": "2018-12-31", "symbol": "PHM", "reportedCurrency": "USD", "cik": "0000822416", "fillingDate": "2019-01-31", "acceptedDate": "2019-01-31 12:21:40", "calendarYear": "2018", "period": "FY", "revenue": 10188331000, "costOfRevenue": 7814919000, "grossProfit": 2373412000, "grossProfitRatio": 0.2329539549, "researchAndDevelopmentExpenses": 0, "generalAndAdministrativeExpenses": 961023000, "sellingAndMarketingExpenses": 51000000, "sellingGeneralAndAdministrativeExpenses": 1012023000, "otherExpenses": -13849000, "operatingExpenses": 1012023000, "costAndExpenses": 8826942000, "interestIncome": 7593000, "interestExpense": 618000, "depreciationAndAmortization": 49429000, "ebitda": 1410818000, "ebitdaratio": 0.1384739071, "operatingIncome": 1347589000, "operatingIncomeRatio": 0.1322678857, "totalOtherIncomeExpensesNet": -13849000, "incomeBeforeTax": 1347540000, "incomeBeforeTaxRatio": 0.1322630763, "incomeTaxExpense": 325517000, "netIncome": 1022023000, "netIncomeRatio": 0.1003130935, "eps": 3.6, "epsdiluted": 3.59, "weightedAverageShsOut": 283578000, "weightedAverageShsOutDil": 284865000, "link": "https://www.sec.gov/Archives/edgar/data/822416/000082241619000008/0000822416-19-000008-index.htm", "finalLink": "https://www.sec.gov/Archives/edgar/data/822416/000082241619000008/a201810-k.htm", "calculatedOtherExpenses": 13800000, "calculatedOperatingExpenses": 1025823000, "calculatedNetInterest": 6975000, "calculatedOtherIncome": -7024000, "calculatedIncomeNonControlling": 0, "calculatedEbitda": 1397018000}, {"date": "2017-12-31", "symbol": "PHM", "reportedCurrency": "USD", "cik": "0000822416", "fillingDate": "2018-02-07", "acceptedDate": "2018-02-07 17:06:48", "calendarYear": "2017", "period": "FY", "revenue": 8573250000, "costOfRevenue": 6714890000, "grossProfit": 1858360000, "grossProfitRatio": 0.2167626046, "researchAndDevelopmentExpenses": 0, "generalAndAdministrativeExpenses": 846581000, "sellingAndMarketingExpenses": 45000000, "sellingGeneralAndAdministrativeExpenses": 891581000, "otherExpenses": -27951000, "operatingExpenses": 891581000, "costAndExpenses": 7606471000, "interestIncome": 2537000, "interestExpense": 503000, "depreciationAndAmortization": 50998000, "ebitda": 1017777000, "ebitdaratio": 0.118715423, "operatingIncome": 952979000, "operatingIncomeRatio": 0.1111572624, "totalOtherIncomeExpensesNet": -27951000, "incomeBeforeTax": 938828000, "incomeBeforeTaxRatio": 0.1095066632, "incomeTaxExpense": 491607000, "netIncome": 447221000, "netIncomeRatio": 0.0521646983, "eps": 1.45, "epsdiluted": 1.44, "weightedAverageShsOut": 305089000, "weightedAverageShsOutDil": 306814000, "link": "https://www.sec.gov/Archives/edgar/data/822416/000082241618000009/0000822416-18-000009-index.htm", "finalLink": "https://www.sec.gov/Archives/edgar/data/822416/000082241618000009/a201710-k.htm", "calculatedOtherExpenses": 13800000, "calculatedOperatingExpenses": 905381000, "calculatedNetInterest": 2034000, "calculatedOtherIncome": -16185000, "calculatedIncomeNonControlling": 0, "calculatedEbitda": 1003977000}, {"date": "2016-12-31", "symbol": "PHM", "reportedCurrency": "USD", "cik": "0000822416", "fillingDate": "2017-02-01", "acceptedDate": "2017-02-01 12:35:36", "calendarYear": "2016", "period": "FY", "revenue": 7668476000, "costOfRevenue": 5728662000, "grossProfit": 1939814000, "grossProfitRatio": 0.2529595189, "researchAndDevelopmentExpenses": 0, "generalAndAdministrativeExpenses": 906450000, "sellingAndMarketingExpenses": 50700000, "sellingGeneralAndAdministrativeExpenses": 957150000, "otherExpenses": -48814000, "operatingExpenses": 957150000, "costAndExpenses": 6685812000, "interestIncome": 3236000, "interestExpense": 686000, "depreciationAndAmortization": 54007000, "ebitda": 1036671000, "ebitdaratio": 0.1351860526, "operatingIncome": 968864000, "operatingIncomeRatio": 0.1263437481, "totalOtherIncomeExpensesNet": -48814000, "incomeBeforeTax": 933850000, "incomeBeforeTaxRatio": 0.1217777822, "incomeTaxExpense": 331147000, "netIncome": 602703000, "netIncomeRatio": 0.0785948864, "eps": 1.76, "epsdiluted": 1.75, "weightedAverageShsOut": 339747000, "weightedAverageShsOutDil": 342123000, "link": "https://www.sec.gov/Archives/edgar/data/822416/000082241617000008/0000822416-17-000008-index.htm", "finalLink": "https://www.sec.gov/Archives/edgar/data/822416/000082241617000008/a201610-k.htm", "calculatedOtherExpenses": 13800000, "calculatedOperatingExpenses": 970950000, "calculatedNetInterest": 2550000, "calculatedOtherIncome": -37564000, "calculatedIncomeNonControlling": 0, "calculatedEbitda": 1022871000}, {"date": "2015-12-31", "symbol": "PHM", "reportedCurrency": "USD", "cik": "0000822416", "fillingDate": "2016-02-08", "acceptedDate": "2016-02-08 17:15:21", "calendarYear": "2015", "period": "FY", "revenue": 5981964000, "costOfRevenue": 4558798000, "grossProfit": 1423166000, "grossProfitRatio": 0.2379094893, "researchAndDevelopmentExpenses": 0, "generalAndAdministrativeExpenses": 544480000, "sellingAndMarketingExpenses": 45300000, "sellingGeneralAndAdministrativeExpenses": 589780000, "otherExpenses": -17363000, "operatingExpenses": 589780000, "costAndExpenses": 5148578000, "interestIncome": 3107000, "interestExpense": 788000, "depreciationAndAmortization": 46222000, "ebitda": 879608000, "ebitdaratio": 0.1470433456, "operatingIncome": 820486000, "operatingIncomeRatio": 0.1371599695, "totalOtherIncomeExpensesNet": -17363000, "incomeBeforeTax": 816023000, "incomeBeforeTaxRatio": 0.1364138935, "incomeTaxExpense": 321933000, "netIncome": 494090000, "netIncomeRatio": 0.0825966188, "eps": 1.38, "epsdiluted": 1.36, "weightedAverageShsOut": 356576000, "weightedAverageShsOutDil": 359793000, "link": "https://www.sec.gov/Archives/edgar/data/822416/000082241616000048/0000822416-16-000048-index.htm", "finalLink": "https://www.sec.gov/Archives/edgar/data/822416/000082241616000048/a201510-k.htm", "calculatedOtherExpenses": 12900000, "calculatedOperatingExpenses": 602680000, "calculatedNetInterest": 2319000, "calculatedOtherIncome": -6782000, "calculatedIncomeNonControlling": 0, "calculatedEbitda": 866708000}, {"date": "2014-12-31", "symbol": "PHM", "reportedCurrency": "USD", "cik": "0000822416", "fillingDate": "2015-02-04", "acceptedDate": "2015-02-04 11:43:07", "calendarYear": "2014", "period": "FY", "revenue": 5822363000, "costOfRevenue": 4438236000, "grossProfit": 1384127000, "grossProfitRatio": 0.2377259886, "researchAndDevelopmentExpenses": 0, "generalAndAdministrativeExpenses": 626015000, "sellingAndMarketingExpenses": 41800000, "sellingGeneralAndAdministrativeExpenses": 667815000, "otherExpenses": -38745000, "operatingExpenses": 667815000, "costAndExpenses": 5106051000, "interestIncome": 4632000, "interestExpense": 849000, "depreciationAndAmortization": 39864000, "ebitda": 730471000, "ebitdaratio": 0.1254595428, "operatingIncome": 703279000, "operatingIncomeRatio": 0.120789274, "totalOtherIncomeExpensesNet": -30337000, "incomeBeforeTax": 689758000, "incomeBeforeTaxRatio": 0.118467021, "incomeTaxExpense": 215420000, "netIncome": 474338000, "netIncomeRatio": 0.0814682973, "eps": 1.27, "epsdiluted": 1.26, "weightedAverageShsOut": 370377000, "weightedAverageShsOutDil": 374102000, "link": "https://www.sec.gov/Archives/edgar/data/822416/000082241615000007/0000822416-15-000007-index.htm", "finalLink": "https://www.sec.gov/Archives/edgar/data/822416/000082241615000007/a201410-k.htm", "calculatedOtherExpenses": 13033000, "calculatedOperatingExpenses": 680848000, "calculatedNetInterest": 3783000, "calculatedOtherIncome": -17304000, "calculatedIncomeNonControlling": 0, "calculatedEbitda": 743143000}, {"date": "2013-12-31", "symbol": "PHM", "reportedCurrency": "USD", "cik": "0000822416", "fillingDate": "2014-02-05", "acceptedDate": "2014-02-05 15:49:29", "calendarYear": "2013", "period": "FY", "revenue": 5679595000, "costOfRevenue": 4507333000, "grossProfit": 1172262000, "grossProfitRatio": 0.2063988718, "researchAndDevelopmentExpenses": 0, "generalAndAdministrativeExpenses": 526100000, "sellingAndMarketingExpenses": 42400000, "sellingGeneralAndAdministrativeExpenses": 568500000, "otherExpenses": -80753000, "operatingExpenses": 568500000, "costAndExpenses": 5075833000, "interestIncome": 4395000, "interestExpense": 712000, "depreciationAndAmortization": 31587000, "ebitda": 560121000, "ebitdaratio": 0.098619884, "operatingIncome": 590662000, "operatingIncomeRatio": 0.103997204, "totalOtherIncomeExpensesNet": -79623000, "incomeBeforeTax": 527822000, "incomeBeforeTaxRatio": 0.0929330348, "incomeTaxExpense": -2092294000, "netIncome": 2620116000, "netIncomeRatio": 0.4613209217, "eps": 6.79, "epsdiluted": 6.72, "weightedAverageShsOut": 383077000, "weightedAverageShsOutDil": 386866000, "link": "https://www.sec.gov/Archives/edgar/data/822416/000082241614000010/0000822416-14-000010-index.htm", "finalLink": "https://www.sec.gov/Archives/edgar/data/822416/000082241614000010/a201310-k.htm", "calculatedOtherExpenses": 13100000, "calculatedOperatingExpenses": 581600000, "calculatedNetInterest": 3683000, "calculatedOtherIncome": -66523000, "calculatedIncomeNonControlling": 0, "calculatedEbitda": 622249000}, {"date": "2012-12-31", "symbol": "PHM", "reportedCurrency": "USD", "cik": "0000822416", "fillingDate": "2013-02-06", "acceptedDate": "2013-02-06 15:14:15", "calendarYear": "2012", "period": "FY", "revenue": 4819998000, "costOfRevenue": 4063842000, "grossProfit": 756156000, "grossProfitRatio": 0.1568789033, "researchAndDevelopmentExpenses": 0, "generalAndAdministrativeExpenses": 0, "sellingAndMarketingExpenses": 0, "sellingGeneralAndAdministrativeExpenses": 514457000, "otherExpenses": -66298000, "operatingExpenses": 514457000, "costAndExpenses": 4578299000, "interestIncome": 4913000, "interestExpense": 819000, "depreciationAndAmortization": 30027000, "ebitda": 214400000, "ebitdaratio": 0.0444813463, "operatingIncome": 228599000, "operatingIncomeRatio": 0.0474271981, "totalOtherIncomeExpensesNet": -62239000, "incomeBeforeTax": 183554000, "incomeBeforeTaxRatio": 0.0380817585, "incomeTaxExpense": -22591000, "netIncome": 206145000, "netIncomeRatio": 0.0427686899, "eps": 0.54, "epsdiluted": 0.54, "weightedAverageShsOut": 381562000, "weightedAverageShsOutDil": 384564000, "link": "https://www.sec.gov/Archives/edgar/data/822416/000082241613000006/0000822416-13-000006-index.htm", "finalLink": "https://www.sec.gov/Archives/edgar/data/822416/000082241613000006/a201210-k.htm", "calculatedOtherExpenses": 13100000, "calculatedOperatingExpenses": 527557000, "calculatedNetInterest": 4094000, "calculatedOtherIncome": -49139000, "calculatedIncomeNonControlling": 0, "calculatedEbitda": 258626000}, {"date": "2011-12-31", "symbol": "PHM", "reportedCurrency": "USD", "cik": "0000822416", "fillingDate": "2012-02-09", "acceptedDate": "2012-02-09 09:52:17", "calendarYear": "2011", "period": "FY", "revenue": 4136690000, "costOfRevenue": 3641343000, "grossProfit": 495347000, "grossProfitRatio": 0.1197447718, "researchAndDevelopmentExpenses": 0, "generalAndAdministrativeExpenses": 0, "sellingAndMarketingExpenses": 0, "sellingGeneralAndAdministrativeExpenses": 519583000, "otherExpenses": 0, "operatingExpenses": 519583000, "costAndExpenses": 4160926000, "interestIncome": 5055000, "interestExpense": 1313000, "depreciationAndAmortization": 32098000, "ebitda": 16213000, "ebitdaratio": 0.0039193171, "operatingIncome": -24236000, "operatingIncomeRatio": -0.0058587905, "totalOtherIncomeExpensesNet": -289806000, "incomeBeforeTax": -310300000, "incomeBeforeTaxRatio": -0.0750116639, "incomeTaxExpense": -99912000, "netIncome": -210388000, "netIncomeRatio": -0.0508590201, "eps": -0.55, "epsdiluted": -0.55, "weightedAverageShsOut": 379877000, "weightedAverageShsOutDil": 379877000, "link": "https://www.sec.gov/Archives/edgar/data/822416/000082241612000010/0000822416-12-000010-index.htm", "finalLink": "https://www.sec.gov/Archives/edgar/data/822416/000082241612000010/phm-12312011x10k.htm", "calculatedOtherExpenses": 0, "calculatedOperatingExpenses": 519583000, "calculatedNetInterest": 3742000, "calculatedOtherIncome": -289806000, "calculatedIncomeNonControlling": 0, "calculatedEbitda": 7862000}, {"date": "2010-12-31", "symbol": "PHM", "reportedCurrency": "USD", "cik": "0000822416", "fillingDate": "2011-02-10", "acceptedDate": "2011-02-10 09:09:55", "calendarYear": "2010", "period": "FY", "revenue": 4569290000, "costOfRevenue": 1163025000, "grossProfit": 3406265000, "grossProfitRatio": 0.7454692086, "researchAndDevelopmentExpenses": 0, "generalAndAdministrativeExpenses": 0, "sellingAndMarketingExpenses": 0, "sellingGeneralAndAdministrativeExpenses": 39403000, "otherExpenses": -80493000, "operatingExpenses": 39403000, "costAndExpenses": 1202428000, "interestIncome": 192066000, "interestExpense": 185264000, "depreciationAndAmortization": 45660000, "ebitda": -1010362000, "ebitdaratio": -0.2211201303, "operatingIncome": -501874000, "operatingIncomeRatio": -0.1098363203, "totalOtherIncomeExpensesNet": -38920000, "incomeBeforeTax": -1234546000, "incomeBeforeTaxRatio": -0.2701833326, "incomeTaxExpense": -137817000, "netIncome": -1096729000, "netIncomeRatio": -0.2400217539, "eps": -2.87, "epsdiluted": -2.87, "weightedAverageShsOut": 382027940, "weightedAverageShsOutDil": 382027940, "link": "https://www.sec.gov/Archives/edgar/data/822416/000119312511029989/0001193125-11-029989-index.htm", "finalLink": "https://www.sec.gov/Archives/edgar/data/822416/000119312511029989/d10k.htm", "calculatedOtherExpenses": 3868736000, "calculatedOperatingExpenses": 3908139000, "calculatedNetInterest": 6802000, "calculatedOtherIncome": -739474000, "calculatedIncomeNonControlling": 0, "calculatedEbitda": -456214000}, {"date": "2009-12-31", "symbol": "PHM", "reportedCurrency": "USD", "cik": "0000822416", "fillingDate": "2010-02-19", "acceptedDate": "2010-02-18 20:10:03", "calendarYear": "2009", "period": "FY", "revenue": 4084389000, "costOfRevenue": 1908335000, "grossProfit": 2176054000, "grossProfitRatio": 0.5327734454, "researchAndDevelopmentExpenses": 0, "generalAndAdministrativeExpenses": 0, "sellingAndMarketingExpenses": 0, "sellingGeneralAndAdministrativeExpenses": 66784000, "otherExpenses": 0, "operatingExpenses": 66784000, "costAndExpenses": 1975119000, "interestIncome": 9167000, "interestExpense": 2262000, "depreciationAndAmortization": 54246000, "ebitda": 2109270000, "ebitdaratio": 0.5164224074, "operatingIncome": -1246543000, "operatingIncomeRatio": -0.305196934, "totalOtherIncomeExpensesNet": -735481000, "incomeBeforeTax": -1975119000, "incomeBeforeTaxRatio": -0.4835775926, "incomeTaxExpense": -792552000, "netIncome": -1182567000, "netIncomeRatio": -0.2895333917, "eps": -4.31, "epsdiluted": -3.75, "weightedAverageShsOut": 274327000, "weightedAverageShsOutDil": 315430000, "link": "https://www.sec.gov/Archives/edgar/data/822416/000119312510034418/0001193125-10-034418-index.htm", "finalLink": "https://www.sec.gov/Archives/edgar/data/822416/000119312510034418/d10k.htm", "calculatedOtherExpenses": 3355813000, "calculatedOperatingExpenses": 3422597000, "calculatedNetInterest": 6905000, "calculatedOtherIncome": -735481000, "calculatedIncomeNonControlling": 0, "calculatedEbitda": -1192297000}, {"date": "2008-12-31", "symbol": "PHM", "reportedCurrency": "USD", "cik": "0000822416", "fillingDate": "2009-02-26", "acceptedDate": "2009-02-26 14:48:21", "calendarYear": "2008", "period": "FY", "revenue": 6289458000, "costOfRevenue": 7144594000, "grossProfit": -855136000, "grossProfitRatio": -0.1359633851, "researchAndDevelopmentExpenses": 0, "generalAndAdministrativeExpenses": 530650000, "sellingAndMarketingExpenses": 284000000, "sellingGeneralAndAdministrativeExpenses": 814650000, "otherExpenses": 0, "operatingExpenses": 814650000, "costAndExpenses": 7959244000, "interestIncome": 0, "interestExpense": 0, "depreciationAndAmortization": 73980000, "ebitda": -1595806000, "ebitdaratio": -0.2537271097, "operatingIncome": -1669786000, "operatingIncomeRatio": -0.2654896495, "totalOtherIncomeExpensesNet": -12813000, "incomeBeforeTax": -1682599000, "incomeBeforeTaxRatio": -0.267526868, "incomeTaxExpense": -209486000, "netIncome": -1473113000, "netIncomeRatio": -0.2342193874, "eps": -5.81, "epsdiluted": -5.81, "weightedAverageShsOut": 253512000, "weightedAverageShsOutDil": 253512000, "link": "https://www.sec.gov/Archives/edgar/data/822416/000119312509038910/0001193125-09-038910-index.htm", "finalLink": "https://www.sec.gov/Archives/edgar/data/822416/000119312509038910/d10k.htm", "calculatedOtherExpenses": 0, "calculatedOperatingExpenses": 814650000, "calculatedNetInterest": 0, "calculatedOtherIncome": -12813000, "calculatedIncomeNonControlling": 0, "calculatedEbitda": -1595806000}, {"date": "2007-12-31", "symbol": "PHM", "reportedCurrency": "USD", "cik": "0000822416", "fillingDate": "2008-02-25", "acceptedDate": "2008-02-25 13:42:23", "calendarYear": "2007", "period": "FY", "revenue": 9263094000, "costOfRevenue": 9876667000, "grossProfit": -613573000, "grossProfitRatio": -0.0662384512, "researchAndDevelopmentExpenses": 0, "generalAndAdministrativeExpenses": 1693307678, "sellingAndMarketingExpenses": 322, "sellingGeneralAndAdministrativeExpenses": 1693308000, "otherExpenses": 0, "operatingExpenses": 1693308000, "costAndExpenses": 11569975000, "interestIncome": 0, "interestExpense": 0, "depreciationAndAmortization": 83852000, "ebitda": -2223029000, "ebitdaratio": -0.2399877406, "operatingIncome": -2306881000, "operatingIncomeRatio": -0.2490400076, "totalOtherIncomeExpensesNet": -190022000, "incomeBeforeTax": -2496903000, "incomeBeforeTaxRatio": -0.2695538877, "incomeTaxExpense": -222486000, "netIncome": -2255755000, "netIncomeRatio": -0.2435206854, "eps": -8.94, "epsdiluted": -8.94, "weightedAverageShsOut": 252192000, "weightedAverageShsOutDil": 252192000, "link": "https://www.sec.gov/Archives/edgar/data/822416/000095012408000805/0000950124-08-000805-index.htm", "finalLink": "https://www.sec.gov/Archives/edgar/data/822416/000095012408000805/k24131e10vk.htm", "calculatedOtherExpenses": 0, "calculatedOperatingExpenses": 1693308000, "calculatedNetInterest": 0, "calculatedOtherIncome": -190022000, "calculatedIncomeNonControlling": -18662000, "calculatedEbitda": -2223029000}, {"date": "2006-12-31", "symbol": "PHM", "reportedCurrency": "USD", "cik": "0000822416", "fillingDate": "2007-02-23", "acceptedDate": "2007-02-23 15:30:24", "calendarYear": "2006", "period": "FY", "revenue": 14274408000, "costOfRevenue": 13081104000, "grossProfit": 1193304000, "grossProfitRatio": 0.0835974424, "researchAndDevelopmentExpenses": 0, "generalAndAdministrativeExpenses": 1135690, "sellingAndMarketingExpenses": 337, "sellingGeneralAndAdministrativeExpenses": 1136027, "otherExpenses": 0, "operatingExpenses": 1136027, "costAndExpenses": 13081104000, "interestIncome": 0, "interestExpense": 0, "depreciationAndAmortization": 83675000, "ebitda": 1320079000, "ebitdaratio": 0.0924787214, "operatingIncome": 1193304000, "operatingIncomeRatio": 0.0835974424, "totalOtherIncomeExpensesNet": -106012000, "incomeBeforeTax": 1082728000, "incomeBeforeTaxRatio": 0.0758509915, "incomeTaxExpense": 393082000, "netIncome": 687471000, "netIncomeRatio": 0.0481610866, "eps": 2.73, "epsdiluted": 2.66, "weightedAverageShsOut": 252200000, "weightedAverageShsOutDil": 258621000, "link": "https://www.sec.gov/Archives/edgar/data/822416/000095012407001049/0000950124-07-001049-index.htm", "finalLink": "https://www.sec.gov/Archives/edgar/data/822416/000095012407001049/k12634e10vk.htm", "calculatedOtherExpenses": -1136027, "calculatedOperatingExpenses": 0, "calculatedNetInterest": 0, "calculatedOtherIncome": -110576000, "calculatedIncomeNonControlling": 2175000, "calculatedEbitda": 1276979000}, {"date": "2005-12-31", "symbol": "PHM", "reportedCurrency": "USD", "cik": "0000822416", "fillingDate": "2006-03-10", "acceptedDate": "2006-03-10 13:27:24", "calendarYear": "2005", "period": "FY", "revenue": 14694535000, "costOfRevenue": 12395592000, "grossProfit": 2298943000, "grossProfitRatio": 0.1564488431, "researchAndDevelopmentExpenses": 0, "generalAndAdministrativeExpenses": 0, "sellingAndMarketingExpenses": 0, "sellingGeneralAndAdministrativeExpenses": 97279000, "otherExpenses": 0, "operatingExpenses": 97279000, "costAndExpenses": 12492871000, "interestIncome": 0, "interestExpense": 0, "depreciationAndAmortization": 61512000, "ebitda": 2263176000, "ebitdaratio": 0.1540148089, "operatingIncome": 2201664000, "operatingIncomeRatio": 0.1498287629, "totalOtherIncomeExpensesNet": 75350000, "incomeBeforeTax": 2277014000, "incomeBeforeTaxRatio": 0.1549565195, "incomeTaxExpense": 840126000, "netIncome": 1491913000, "netIncomeRatio": 0.1015284254, "eps": 5.84, "epsdiluted": 5.68, "weightedAverageShsOut": 255492000, "weightedAverageShsOutDil": 262801000, "link": "https://www.sec.gov/Archives/edgar/data/822416/000095012406001106/0000950124-06-001106-index.htm", "finalLink": "https://www.sec.gov/Archives/edgar/data/822416/000095012406001106/k02502e10vk.htm", "calculatedOtherExpenses": 0, "calculatedOperatingExpenses": 97279000, "calculatedNetInterest": 0, "calculatedOtherIncome": 75350000, "calculatedIncomeNonControlling": -55025000, "calculatedEbitda": 2263176000}, {"date": "2004-12-31", "symbol": "PHM", "reportedCurrency": "USD", "cik": "0000822416", "fillingDate": "2005-03-10", "acceptedDate": "2005-03-10 13:46:29", "calendarYear": "2004", "period": "FY", "revenue": 11711216000, "costOfRevenue": 10078359000, "grossProfit": 1632857000, "grossProfitRatio": 0.1394267683, "researchAndDevelopmentExpenses": 0, "generalAndAdministrativeExpenses": 0, "sellingAndMarketingExpenses": 0, "sellingGeneralAndAdministrativeExpenses": 92434000, "otherExpenses": 0, "operatingExpenses": 92434000, "costAndExpenses": 10170793000, "interestIncome": 0, "interestExpense": 0, "depreciationAndAmortization": 46296000, "ebitda": 1586719000, "ebitdaratio": 0.1354871262, "operatingIncome": 1540423000, "operatingIncomeRatio": 0.1315339927, "totalOtherIncomeExpensesNet": 60114000, "incomeBeforeTax": 1600537000, "incomeBeforeTaxRatio": 0.1366670207, "incomeTaxExpense": 602529000, "netIncome": 986541000, "netIncomeRatio": 0.0842389894, "eps": 3.91, "epsdiluted": 3.79, "weightedAverageShsOut": 252590000, "weightedAverageShsOutDil": 260234000, "link": "https://www.sec.gov/Archives/edgar/data/822416/000095012405001416/0000950124-05-001416-index.htm", "finalLink": "https://www.sec.gov/Archives/edgar/data/822416/000095012405001416/k91896e10vk.htm", "calculatedOtherExpenses": 0, "calculatedOperatingExpenses": 92434000, "calculatedNetInterest": 0, "calculatedOtherIncome": 60114000, "calculatedIncomeNonControlling": 11467000, "calculatedEbitda": 1586719000}, {"date": "2003-12-31", "symbol": "PHM", "reportedCurrency": "USD", "cik": "0000822416", "fillingDate": "2004-02-27", "acceptedDate": "2004-02-27 14:07:28", "calendarYear": "2003", "period": "FY", "revenue": 9048926000, "costOfRevenue": 7960148000, "grossProfit": 1088778000, "grossProfitRatio": 0.1203212403, "researchAndDevelopmentExpenses": 0, "generalAndAdministrativeExpenses": 0, "sellingAndMarketingExpenses": 0, "sellingGeneralAndAdministrativeExpenses": 78632000, "otherExpenses": 69334, "operatingExpenses": 78632000, "costAndExpenses": 8038780000, "interestIncome": 0, "interestExpense": 0, "depreciationAndAmortization": 40160000, "ebitda": 1050306000, "ebitdaratio": 0.1160696861, "operatingIncome": 1010146000, "operatingIncomeRatio": 0.1116315903, "totalOtherIncomeExpensesNet": 38763000, "incomeBeforeTax": 995656000, "incomeBeforeTaxRatio": 0.1100302953, "incomeTaxExpense": 378334000, "netIncome": 624634000, "netIncomeRatio": 0.0690285234, "eps": 2.56, "epsdiluted": 2.48, "weightedAverageShsOut": 244323000, "weightedAverageShsOutDil": 251460000, "link": "https://www.sec.gov/Archives/edgar/data/822416/000095012404000578/0000950124-04-000578-index.htm", "finalLink": "https://www.sec.gov/Archives/edgar/data/822416/000095012404000578/k82512e10vk.htm", "calculatedOtherExpenses": 0, "calculatedOperatingExpenses": 78632000, "calculatedNetInterest": 0, "calculatedOtherIncome": -14490000, "calculatedIncomeNonControlling": -7312000, "calculatedEbitda": 1050306000}, {"date": "2002-12-31", "symbol": "PHM", "reportedCurrency": "USD", "cik": "0000822416", "fillingDate": "2003-03-11", "acceptedDate": "2003-03-11 15:26:52", "calendarYear": "2002", "period": "FY", "revenue": 7471819000, "costOfRevenue": 6646666000, "grossProfit": 825153000, "grossProfitRatio": 0.1104353572, "researchAndDevelopmentExpenses": 0, "generalAndAdministrativeExpenses": 0, "sellingAndMarketingExpenses": 0, "sellingGeneralAndAdministrativeExpenses": 63170000, "otherExpenses": 117847, "operatingExpenses": 63170000, "costAndExpenses": 6709836000, "interestIncome": 0, "interestExpense": 0, "depreciationAndAmortization": 29784000, "ebitda": 791767000, "ebitdaratio": 0.1059671012, "operatingIncome": 761983000, "operatingIncomeRatio": 0.1019809233, "totalOtherIncomeExpensesNet": 12418000, "incomeBeforeTax": 728822000, "incomeBeforeTaxRatio": 0.0975427804, "incomeTaxExpense": 284221000, "netIncome": 453645000, "netIncomeRatio": 0.0607141313, "eps": 1.88, "epsdiluted": 1.84, "weightedAverageShsOut": 241812000, "weightedAverageShsOutDil": 246985000, "link": "https://www.sec.gov/Archives/edgar/data/822416/000095012403000575/0000950124-03-000575-index.htm", "finalLink": "https://www.sec.gov/Archives/edgar/data/822416/000095012403000575/k74376e10vk.htm", "calculatedOtherExpenses": 0, "calculatedOperatingExpenses": 63170000, "calculatedNetInterest": 0, "calculatedOtherIncome": -33161000, "calculatedIncomeNonControlling": -9044000, "calculatedEbitda": 791767000}, {"date": "2001-12-31", "symbol": "PHM", "reportedCurrency": "USD", "cik": "0000822416", "fillingDate": "2002-03-08", "acceptedDate": "2002-03-08 00:00:00", "calendarYear": "2001", "period": "FY", "revenue": 5381920000, "costOfRevenue": 4835609000, "grossProfit": 546311000, "grossProfitRatio": 0.1015085694, "researchAndDevelopmentExpenses": 0, "generalAndAdministrativeExpenses": 0, "sellingAndMarketingExpenses": 0, "sellingGeneralAndAdministrativeExpenses": 59662000, "otherExpenses": 93540, "operatingExpenses": 59662000, "costAndExpenses": 4895271000, "interestIncome": 0, "interestExpense": 0, "depreciationAndAmortization": 32876000, "ebitda": 519525000, "ebitdaratio": 0.0965315352, "operatingIncome": 486649000, "operatingIncomeRatio": 0.0904229346, "totalOtherIncomeExpensesNet": 5138000, "incomeBeforeTax": 491787000, "incomeBeforeTaxRatio": 0.0913776125, "incomeTaxExpense": 189362000, "netIncome": 301393000, "netIncomeRatio": 0.0560010182, "eps": 1.53, "epsdiluted": 1.5, "weightedAverageShsOut": 196391000, "weightedAverageShsOutDil": 201294000, "link": "https://www.sec.gov/Archives/edgar/data/822416/000095012402000710/0000950124-02-000710-index.htm", "finalLink": "https://www.sec.gov/Archives/edgar/data/822416/000095012402000710/k67605e10-k.htm", "calculatedOtherExpenses": 0, "calculatedOperatingExpenses": 59662000, "calculatedNetInterest": 0, "calculatedOtherIncome": 5138000, "calculatedIncomeNonControlling": 1032000, "calculatedEbitda": 519525000}, {"date": "2000-12-31", "symbol": "PHM", "reportedCurrency": "USD", "cik": "0000822416", "fillingDate": "2001-03-09", "acceptedDate": "2001-03-09 00:00:00", "calendarYear": "2000", "period": "FY", "revenue": 4159051000, "costOfRevenue": 3795180000, "grossProfit": 363871000, "grossProfitRatio": 0.0874889488, "researchAndDevelopmentExpenses": 0, "generalAndAdministrativeExpenses": 0, "sellingAndMarketingExpenses": 0, "sellingGeneralAndAdministrativeExpenses": 0, "otherExpenses": 14230000, "operatingExpenses": 14230000, "costAndExpenses": 3809410000, "interestIncome": 0, "interestExpense": 0, "depreciationAndAmortization": 14230000, "ebitda": 358416000, "ebitdaratio": 0.0861773515, "operatingIncome": 349641000, "operatingIncomeRatio": 0.0840674952, "totalOtherIncomeExpensesNet": 5455000, "incomeBeforeTax": 355096000, "incomeBeforeTaxRatio": 0.0853790925, "incomeTaxExpense": 136712000, "netIncome": 188513000, "netIncomeRatio": 0.045325965, "eps": 1.14, "epsdiluted": 1.12, "weightedAverageShsOut": 165240000, "weightedAverageShsOutDil": 168584000, "link": "https://www.sec.gov/Archives/edgar/data/822416/000095012401001198/0000950124-01-001198-index.htm", "finalLink": "https://www.sec.gov/Archives/edgar/data/822416/000095012401001198/k60699e10-k405.htm", "calculatedOtherExpenses": 14230000, "calculatedOperatingExpenses": 14230000, "calculatedNetInterest": 0, "calculatedOtherIncome": 5455000, "calculatedIncomeNonControlling": 29871000, "calculatedEbitda": 363871000}, {"date": "1999-12-31", "symbol": "PHM", "reportedCurrency": "USD", "cik": "0000822416", "fillingDate": "2000-03-02", "acceptedDate": "2000-03-02 00:00:00", "calendarYear": "1999", "period": "FY", "revenue": 3730300000, "costOfRevenue": 3437300000, "grossProfit": 293000000, "grossProfitRatio": 0.0785459615, "researchAndDevelopmentExpenses": 0, "generalAndAdministrativeExpenses": 0, "sellingAndMarketingExpenses": 0, "sellingGeneralAndAdministrativeExpenses": 0, "otherExpenses": 13500000, "operatingExpenses": 13500000, "costAndExpenses": 3450800000, "interestIncome": 0, "interestExpense": 0, "depreciationAndAmortization": 13500000, "ebitda": 286200000, "ebitdaratio": 0.0767230518, "operatingIncome": 279500000, "operatingIncomeRatio": 0.0749269496, "totalOtherIncomeExpensesNet": 6800000, "incomeBeforeTax": 286400000, "incomeBeforeTaxRatio": 0.0767766668, "incomeTaxExpense": 108100000, "netIncome": 178200000, "netIncomeRatio": 0.0477709568, "eps": 1.03, "epsdiluted": 1.01, "weightedAverageShsOut": 172984000, "weightedAverageShsOutDil": 175292000, "link": "https://www.sec.gov/Archives/edgar/data/822416/000088969700000039/0000889697-00-000039-index.html", "finalLink": "https://www.sec.gov/Archives/edgar/data/822416/000088969700000039/", "calculatedOtherExpenses": 13500000, "calculatedOperatingExpenses": 13500000, "calculatedNetInterest": 0, "calculatedOtherIncome": 6900000, "calculatedIncomeNonControlling": 100000, "calculatedEbitda": 293000000}, {"date": "1998-12-31", "symbol": "PHM", "reportedCurrency": "USD", "cik": "0000822416", "fillingDate": "1999-03-12", "acceptedDate": "1999-03-12 00:00:00", "calendarYear": "1998", "period": "FY", "revenue": 2866500000, "costOfRevenue": 2695600000, "grossProfit": 170900000, "grossProfitRatio": 0.0596197453, "researchAndDevelopmentExpenses": 0, "generalAndAdministrativeExpenses": 0, "sellingAndMarketingExpenses": 0, "sellingGeneralAndAdministrativeExpenses": 0, "otherExpenses": 5000000, "operatingExpenses": 5000000, "costAndExpenses": 2700600000, "interestIncome": 0, "interestExpense": 0, "depreciationAndAmortization": 5000000, "ebitda": 170900000, "ebitdaratio": 0.0596197453, "operatingIncome": 165900000, "operatingIncomeRatio": 0.0578754579, "totalOtherIncomeExpensesNet": -100000, "incomeBeforeTax": 165800000, "incomeBeforeTaxRatio": 0.0578405721, "incomeTaxExpense": 64700000, "netIncome": 102100000, "netIncomeRatio": 0.0356183499, "eps": 0.6, "epsdiluted": 0.58, "weightedAverageShsOut": 171936000, "weightedAverageShsOutDil": 175536000, "link": "https://www.sec.gov/Archives/edgar/data/822416/000088969799000038/0000889697-99-000038-index.html", "finalLink": "https://www.sec.gov/Archives/edgar/data/822416/", "calculatedOtherExpenses": 5000000, "calculatedOperatingExpenses": 5000000, "calculatedNetInterest": 0, "calculatedOtherIncome": -100000, "calculatedIncomeNonControlling": -1000000, "calculatedEbitda": 170900000}, {"date": "1997-12-31", "symbol": "PHM", "reportedCurrency": "USD", "cik": "0000822416", "fillingDate": "1998-03-13", "acceptedDate": "1998-03-13 00:00:00", "calendarYear": "1997", "period": "FY", "revenue": 2524000000, "costOfRevenue": 2435200000, "grossProfit": 88800000, "grossProfitRatio": 0.0351822504, "researchAndDevelopmentExpenses": 0, "generalAndAdministrativeExpenses": 0, "sellingAndMarketingExpenses": 0, "sellingGeneralAndAdministrativeExpenses": 0, "otherExpenses": 7800000, "operatingExpenses": 7800000, "costAndExpenses": 2443000000, "interestIncome": 0, "interestExpense": 0, "depreciationAndAmortization": 7800000, "ebitda": 88800000, "ebitdaratio": 0.0351822504, "operatingIncome": 81000000, "operatingIncomeRatio": 0.0320919176, "totalOtherIncomeExpensesNet": 0, "incomeBeforeTax": 81000000, "incomeBeforeTaxRatio": 0.0320919176, "incomeTaxExpense": 31200000, "netIncome": 52800000, "netIncomeRatio": 0.0209191759, "eps": 0.3, "epsdiluted": 0.3, "weightedAverageShsOut": 174545455, "weightedAverageShsOutDil": 176000000, "link": "https://www.sec.gov/Archives/edgar/data/822416/000088969798000110/0000889697-98-000110-index.html", "finalLink": "https://www.sec.gov/Archives/edgar/data/822416/", "calculatedOtherExpenses": 7800000, "calculatedOperatingExpenses": 7800000, "calculatedNetInterest": 0, "calculatedOtherIncome": 0, "calculatedIncomeNonControlling": -3000000, "calculatedEbitda": 88800000}, {"date": "1996-12-31", "symbol": "PHM", "reportedCurrency": "USD", "cik": "0000822416", "fillingDate": "1997-03-06", "acceptedDate": "1997-03-06 00:00:00", "calendarYear": "1996", "period": "FY", "revenue": 2384300000, "costOfRevenue": 2275100000, "grossProfit": 109200000, "grossProfitRatio": 0.0457996058, "researchAndDevelopmentExpenses": 0, "generalAndAdministrativeExpenses": 0, "sellingAndMarketingExpenses": 0, "sellingGeneralAndAdministrativeExpenses": 0, "otherExpenses": 6700000, "operatingExpenses": 6700000, "costAndExpenses": 2281800000, "interestIncome": 0, "interestExpense": 0, "depreciationAndAmortization": 6700000, "ebitda": 109200000, "ebitdaratio": 0.0457996058, "operatingIncome": 102500000, "operatingIncomeRatio": 0.0429895567, "totalOtherIncomeExpensesNet": 0, "incomeBeforeTax": 102500000, "incomeBeforeTaxRatio": 0.0429895567, "incomeTaxExpense": 39300000, "netIncome": 179600000, "netIncomeRatio": 0.0753260915, "eps": 0.9, "epsdiluted": 0.9, "weightedAverageShsOut": 199002770, "weightedAverageShsOutDil": 200670391, "link": "https://www.sec.gov/Archives/edgar/data/822416/000095000997000127/0000950009-97-000127-index.html", "finalLink": "https://www.sec.gov/Archives/edgar/data/822416/", "calculatedOtherExpenses": 6700000, "calculatedOperatingExpenses": 6700000, "calculatedNetInterest": 0, "calculatedOtherIncome": 0, "calculatedIncomeNonControlling": -116400000, "calculatedEbitda": 109200000}, {"date": "1995-12-31", "symbol": "PHM", "reportedCurrency": "USD", "cik": "0000822416", "fillingDate": "1995-12-31", "acceptedDate": "1995-12-30 19:00:00", "calendarYear": "1995", "period": "FY", "revenue": 2029100000, "costOfRevenue": 1940800000, "grossProfit": 88300000, "grossProfitRatio": 0.0435168301, "researchAndDevelopmentExpenses": 0, "generalAndAdministrativeExpenses": 0, "sellingAndMarketingExpenses": 0, "sellingGeneralAndAdministrativeExpenses": 0, "otherExpenses": 6300000, "operatingExpenses": 6300000, "costAndExpenses": 1947100000, "interestIncome": 0, "interestExpense": 0, "depreciationAndAmortization": 6300000, "ebitda": 88300000, "ebitdaratio": 0.0435168301, "operatingIncome": 82000000, "operatingIncomeRatio": 0.0404120053, "totalOtherIncomeExpensesNet": 0, "incomeBeforeTax": 82000000, "incomeBeforeTaxRatio": 0.0404120053, "incomeTaxExpense": 33200000, "netIncome": 58300000, "netIncomeRatio": 0.0287319501, "eps": 0.27, "epsdiluted": 0.27, "weightedAverageShsOut": 215925926, "weightedAverageShsOutDil": 217943925, "link": "", "finalLink": "", "calculatedOtherExpenses": 6300000, "calculatedOperatingExpenses": 6300000, "calculatedNetInterest": 0, "calculatedOtherIncome": 0, "calculatedIncomeNonControlling": -9500000, "calculatedEbitda": 88300000}, {"date": "1994-12-31", "symbol": "PHM", "reportedCurrency": "USD", "cik": "0000822416", "fillingDate": "1994-12-31", "acceptedDate": "1994-12-30 19:00:00", "calendarYear": "1994", "period": "FY", "revenue": 1755900000, "costOfRevenue": 1639100000, "grossProfit": 116800000, "grossProfitRatio": 0.0665185945, "researchAndDevelopmentExpenses": 0, "generalAndAdministrativeExpenses": 0, "sellingAndMarketingExpenses": 0, "sellingGeneralAndAdministrativeExpenses": 0, "otherExpenses": 13200000, "operatingExpenses": 13200000, "costAndExpenses": 1652300000, "interestIncome": 0, "interestExpense": 0, "depreciationAndAmortization": 13200000, "ebitda": 116800000, "ebitdaratio": 0.0665185945, "operatingIncome": 103600000, "operatingIncomeRatio": 0.0590010821, "totalOtherIncomeExpensesNet": 0, "incomeBeforeTax": 103600000, "incomeBeforeTaxRatio": 0.0590010821, "incomeTaxExpense": 41200000, "netIncome": 162800000, "netIncomeRatio": 0.0927159861, "eps": 0.73, "epsdiluted": 0.73, "weightedAverageShsOut": 223013699, "weightedAverageShsOutDil": 223013699, "link": "", "finalLink": "", "calculatedOtherExpenses": 13200000, "calculatedOperatingExpenses": 13200000, "calculatedNetInterest": 0, "calculatedOtherIncome": 0, "calculatedIncomeNonControlling": -100400000, "calculatedEbitda": 116800000}, {"date": "1993-12-31", "symbol": "PHM", "reportedCurrency": "USD", "cik": "0000822416", "fillingDate": "1993-12-31", "acceptedDate": "1993-12-30 19:00:00", "calendarYear": "1993", "period": "FY", "revenue": 1632800000, "costOfRevenue": 0, "grossProfit": 1632800000, "grossProfitRatio": 1, "researchAndDevelopmentExpenses": 0, "generalAndAdministrativeExpenses": 0, "sellingAndMarketingExpenses": 0, "sellingGeneralAndAdministrativeExpenses": 0, "otherExpenses": 1392400000, "operatingExpenses": 1392400000, "costAndExpenses": 1392400000, "interestIncome": 0, "interestExpense": 0, "depreciationAndAmortization": 0, "ebitda": 240400000, "ebitdaratio": 0.1472317491, "operatingIncome": 240400000, "operatingIncomeRatio": 0.1472317491, "totalOtherIncomeExpensesNet": -127000000, "incomeBeforeTax": 113400000, "incomeBeforeTaxRatio": 0.0694512494, "incomeTaxExpense": 35600000, "netIncome": 79400000, "netIncomeRatio": 0.0486281235, "eps": 0.36, "epsdiluted": 0.36, "weightedAverageShsOut": 223661972, "weightedAverageShsOutDil": 223661972, "link": "", "finalLink": "", "calculatedOtherExpenses": 1392400000, "calculatedOperatingExpenses": 1392400000, "calculatedNetInterest": 0, "calculatedOtherIncome": -127000000, "calculatedIncomeNonControlling": -1600000, "calculatedEbitda": 240400000}, {"date": "1992-12-31", "symbol": "PHM", "reportedCurrency": "USD", "cik": "0000822416", "fillingDate": "1992-12-31", "acceptedDate": "1992-12-30 19:00:00", "calendarYear": "1992", "period": "FY", "revenue": 1369900000, "costOfRevenue": 0, "grossProfit": 1369900000, "grossProfitRatio": 1, "researchAndDevelopmentExpenses": 0, "generalAndAdministrativeExpenses": 0, "sellingAndMarketingExpenses": 0, "sellingGeneralAndAdministrativeExpenses": 0, "otherExpenses": 1164200000, "operatingExpenses": 1164200000, "costAndExpenses": 1164200000, "interestIncome": 0, "interestExpense": 0, "depreciationAndAmortization": 0, "ebitda": 205700000, "ebitdaratio": 0.1501569458, "operatingIncome": 205700000, "operatingIncomeRatio": 0.1501569458, "totalOtherIncomeExpensesNet": -127800000, "incomeBeforeTax": 77900000, "incomeBeforeTaxRatio": 0.0568654646, "incomeTaxExpense": 5700000, "netIncome": 70100000, "netIncomeRatio": 0.0511716184, "eps": 0.32, "epsdiluted": 0.32, "weightedAverageShsOut": 217364341, "weightedAverageShsOutDil": 220787402, "link": "", "finalLink": "", "calculatedOtherExpenses": 1164200000, "calculatedOperatingExpenses": 1164200000, "calculatedNetInterest": 0, "calculatedOtherIncome": -127800000, "calculatedIncomeNonControlling": 2100000, "calculatedEbitda": 205700000}, {"date": "1991-12-31", "symbol": "PHM", "reportedCurrency": "USD", "cik": "0000822416", "fillingDate": "1991-12-31", "acceptedDate": "1991-12-30 19:00:00", "calendarYear": "1991", "period": "FY", "revenue": 1213800000, "costOfRevenue": 0, "grossProfit": 1213800000, "grossProfitRatio": 1, "researchAndDevelopmentExpenses": 0, "generalAndAdministrativeExpenses": 0, "sellingAndMarketingExpenses": 0, "sellingGeneralAndAdministrativeExpenses": 0, "otherExpenses": 1023000000, "operatingExpenses": 1023000000, "costAndExpenses": 1023000000, "interestIncome": 0, "interestExpense": 0, "depreciationAndAmortization": 0, "ebitda": 190800000, "ebitdaratio": 0.1571922887, "operatingIncome": 190800000, "operatingIncomeRatio": 0.1571922887, "totalOtherIncomeExpensesNet": -145800000, "incomeBeforeTax": 45000000, "incomeBeforeTaxRatio": 0.037073653, "incomeTaxExpense": 2400000, "netIncome": 40700000, "netIncomeRatio": 0.0335310595, "eps": 0.21, "epsdiluted": 0.2, "weightedAverageShsOut": 198536585, "weightedAverageShsOutDil": 200987654, "link": "", "finalLink": "", "calculatedOtherExpenses": 1023000000, "calculatedOperatingExpenses": 1023000000, "calculatedNetInterest": 0, "calculatedOtherIncome": -145800000, "calculatedIncomeNonControlling": 1900000, "calculatedEbitda": 190800000}, {"date": "1990-12-31", "symbol": "PHM", "reportedCurrency": "USD", "cik": "0000822416", "fillingDate": "1990-12-31", "acceptedDate": "1990-12-30 19:00:00", "calendarYear": "1990", "period": "FY", "revenue": 1152100000, "costOfRevenue": 0, "grossProfit": 1152100000, "grossProfitRatio": 1, "researchAndDevelopmentExpenses": 0, "generalAndAdministrativeExpenses": 0, "sellingAndMarketingExpenses": 0, "sellingGeneralAndAdministrativeExpenses": 0, "otherExpenses": 959200000, "operatingExpenses": 959200000, "costAndExpenses": 959200000, "interestIncome": 0, "interestExpense": 0, "depreciationAndAmortization": 0, "ebitda": 192900000, "ebitdaratio": 0.1674333825, "operatingIncome": 192900000, "operatingIncomeRatio": 0.1674333825, "totalOtherIncomeExpensesNet": -161300000, "incomeBeforeTax": 31600000, "incomeBeforeTaxRatio": 0.0274281746, "incomeTaxExpense": 1900000, "netIncome": 29700000, "netIncomeRatio": 0.0257790122, "eps": 0.15, "epsdiluted": 0.15, "weightedAverageShsOut": 201355932, "weightedAverageShsOutDil": 201355932, "link": "", "finalLink": "", "calculatedOtherExpenses": 959200000, "calculatedOperatingExpenses": 959200000, "calculatedNetInterest": 0, "calculatedOtherIncome": -161300000, "calculatedIncomeNonControlling": 0, "calculatedEbitda": 192900000}, {"date": "1989-12-31", "symbol": "PHM", "reportedCurrency": "USD", "cik": "0000822416", "fillingDate": "1989-12-31", "acceptedDate": "1989-12-30 19:00:00", "calendarYear": "1989", "period": "FY", "revenue": 1138200000, "costOfRevenue": 0, "grossProfit": 1138200000, "grossProfitRatio": 1, "researchAndDevelopmentExpenses": 0, "generalAndAdministrativeExpenses": 0, "sellingAndMarketingExpenses": 0, "sellingGeneralAndAdministrativeExpenses": 0, "otherExpenses": 866900000, "operatingExpenses": 866900000, "costAndExpenses": 866900000, "interestIncome": 0, "interestExpense": 0, "depreciationAndAmortization": 0, "ebitda": 271300000, "ebitdaratio": 0.2383588122, "operatingIncome": 271300000, "operatingIncomeRatio": 0.2383588122, "totalOtherIncomeExpensesNet": -219500000, "incomeBeforeTax": 51800000, "incomeBeforeTaxRatio": 0.0455104551, "incomeTaxExpense": -4000000, "netIncome": 55800000, "netIncomeRatio": 0.049024776, "eps": 0.26, "epsdiluted": 0.26, "weightedAverageShsOut": 212571429, "weightedAverageShsOutDil": 212571429, "link": "", "finalLink": "", "calculatedOtherExpenses": 866900000, "calculatedOperatingExpenses": 866900000, "calculatedNetInterest": 0, "calculatedOtherIncome": -219500000, "calculatedIncomeNonControlling": 0, "calculatedEbitda": 271300000}, {"date": "1988-12-31", "symbol": "PHM", "reportedCurrency": "USD", "cik": "0000822416", "fillingDate": "1988-12-31", "acceptedDate": "1988-12-30 19:00:00", "calendarYear": "1988", "period": "FY", "revenue": 1179200000, "costOfRevenue": 0, "grossProfit": 1179200000, "grossProfitRatio": 1, "researchAndDevelopmentExpenses": 0, "generalAndAdministrativeExpenses": 0, "sellingAndMarketingExpenses": 0, "sellingGeneralAndAdministrativeExpenses": 0, "otherExpenses": 1085000000, "operatingExpenses": 1085000000, "costAndExpenses": 1085000000, "interestIncome": 0, "interestExpense": 0, "depreciationAndAmortization": 0, "ebitda": 94200000, "ebitdaratio": 0.0798846676, "operatingIncome": 94200000, "operatingIncomeRatio": 0.0798846676, "totalOtherIncomeExpensesNet": -50800000, "incomeBeforeTax": 43400000, "incomeBeforeTaxRatio": 0.0368046133, "incomeTaxExpense": 10200000, "netIncome": 33200000, "netIncomeRatio": 0.0281546811, "eps": 0.16, "epsdiluted": 0.16, "weightedAverageShsOut": 210793651, "weightedAverageShsOutDil": 210793651, "link": "", "finalLink": "", "calculatedOtherExpenses": 1085000000, "calculatedOperatingExpenses": 1085000000, "calculatedNetInterest": 0, "calculatedOtherIncome": -50800000, "calculatedIncomeNonControlling": 0, "calculatedEbitda": 94200000}, {"date": "1987-12-31", "symbol": "PHM", "reportedCurrency": "USD", "cik": "0000822416", "fillingDate": "1987-12-31", "acceptedDate": "1987-12-30 19:00:00", "calendarYear": "1987", "period": "FY", "revenue": 785400000, "costOfRevenue": 644100000, "grossProfit": 141300000, "grossProfitRatio": 0.179908327, "researchAndDevelopmentExpenses": 0, "generalAndAdministrativeExpenses": 0, "sellingAndMarketingExpenses": 0, "sellingGeneralAndAdministrativeExpenses": 163000000, "otherExpenses": 3400000, "operatingExpenses": 166400000, "costAndExpenses": 810500000, "interestIncome": 0, "interestExpense": 0, "depreciationAndAmortization": 3400000, "ebitda": -385800000, "ebitdaratio": -0.4912146677, "operatingIncome": -25100000, "operatingIncomeRatio": -0.0319582378, "totalOtherIncomeExpensesNet": 364100000, "incomeBeforeTax": 12300000, "incomeBeforeTaxRatio": 0.0156608098, "incomeTaxExpense": 4800000, "netIncome": 7500000, "netIncomeRatio": 0.0095492743, "eps": 0.0375, "epsdiluted": 0.0375, "weightedAverageShsOut": 200000000, "weightedAverageShsOutDil": 200000000, "link": "", "finalLink": "", "calculatedOtherExpenses": 3400000, "calculatedOperatingExpenses": 166400000, "calculatedNetInterest": 0, "calculatedOtherIncome": 37400000, "calculatedIncomeNonControlling": 0, "calculatedEbitda": -21700000}, {"date": "1986-12-31", "symbol": "PHM", "reportedCurrency": "USD", "cik": "0000822416", "fillingDate": "1986-12-31", "acceptedDate": "1986-12-30 19:00:00", "calendarYear": "1986", "period": "FY", "revenue": 836900000, "costOfRevenue": 695400000, "grossProfit": 141500000, "grossProfitRatio": 0.1690763532, "researchAndDevelopmentExpenses": 0, "generalAndAdministrativeExpenses": 0, "sellingAndMarketingExpenses": 0, "sellingGeneralAndAdministrativeExpenses": 100400000, "otherExpenses": 3900000, "operatingExpenses": 104300000, "costAndExpenses": 799700000, "interestIncome": 0, "interestExpense": 0, "depreciationAndAmortization": 3900000, "ebitda": 37400000, "ebitdaratio": 0.0446887322, "operatingIncome": 37200000, "operatingIncomeRatio": 0.044449755, "totalOtherIncomeExpensesNet": 3700000, "incomeBeforeTax": 40900000, "incomeBeforeTaxRatio": 0.0488708328, "incomeTaxExpense": 20200000, "netIncome": 20700000, "netIncomeRatio": 0.0247341379, "eps": 0.1, "epsdiluted": 0.1, "weightedAverageShsOut": 207000000, "weightedAverageShsOutDil": 207000000, "link": "", "finalLink": "", "calculatedOtherExpenses": 3900000, "calculatedOperatingExpenses": 104300000, "calculatedNetInterest": 0, "calculatedOtherIncome": 3700000, "calculatedIncomeNonControlling": 0, "calculatedEbitda": 41100000}, {"date": "1985-12-31", "symbol": "PHM", "reportedCurrency": "USD", "cik": "0000822416", "fillingDate": "1985-12-31", "acceptedDate": "1985-12-30 19:00:00", "calendarYear": "1985", "period": "FY", "revenue": 773300000, "costOfRevenue": 653500000, "grossProfit": 119800000, "grossProfitRatio": 0.1549204707, "researchAndDevelopmentExpenses": 0, "generalAndAdministrativeExpenses": 0, "sellingAndMarketingExpenses": 0, "sellingGeneralAndAdministrativeExpenses": 89900000, "otherExpenses": 4000000, "operatingExpenses": 93900000, "costAndExpenses": 747400000, "interestIncome": 0, "interestExpense": 0, "depreciationAndAmortization": 4000000, "ebitda": 18400000, "ebitdaratio": 0.0237941291, "operatingIncome": 25900000, "operatingIncomeRatio": 0.033492823, "totalOtherIncomeExpensesNet": 11500000, "incomeBeforeTax": 37400000, "incomeBeforeTaxRatio": 0.0483641536, "incomeTaxExpense": 13700000, "netIncome": 23700000, "netIncomeRatio": 0.0306478728, "eps": 0.11, "epsdiluted": 0.11, "weightedAverageShsOut": 210666667, "weightedAverageShsOutDil": 210666667, "link": "", "finalLink": "", "calculatedOtherExpenses": 4000000, "calculatedOperatingExpenses": 93900000, "calculatedNetInterest": 0, "calculatedOtherIncome": 11500000, "calculatedIncomeNonControlling": 0, "calculatedEbitda": 29900000}]}