{"originalCurrency": "USD", "convertedCurrency": "USD", "report": [{"date": "2023-12-31", "symbol": "PI", "reportedCurrency": "USD", "cik": "0001114995", "fillingDate": "2024-02-12", "acceptedDate": "2024-02-12 16:25:41", "calendarYear": "2023", "period": "FY", "revenue": 307539000, "costOfRevenue": 155557000, "grossProfit": 151982000, "grossProfitRatio": 0.494187729, "researchAndDevelopmentExpenses": 88562000, "generalAndAdministrativeExpenses": 60828000, "sellingAndMarketingExpenses": 41123000, "sellingGeneralAndAdministrativeExpenses": 101951000, "otherExpenses": 4644000, "operatingExpenses": 195466000, "costAndExpenses": 351023000, "interestIncome": 0, "interestExpense": 3236000, "depreciationAndAmortization": 13623000, "ebitda": -26829000, "ebitdaratio": -0.0872377162, "operatingIncome": -43484000, "operatingIncomeRatio": -0.1413934493, "totalOtherIncomeExpensesNet": 4644000, "incomeBeforeTax": -43688000, "incomeBeforeTaxRatio": -0.1420567798, "incomeTaxExpense": -322000, "netIncome": -43366000, "netIncomeRatio": -0.1410097581, "eps": -1.62, "epsdiluted": -1.62, "weightedAverageShsOut": 26752000, "weightedAverageShsOutDil": 26752000, "link": "https://www.sec.gov/Archives/edgar/data/1114995/000095017024013874/0000950170-24-013874-index.htm", "finalLink": "https://www.sec.gov/Archives/edgar/data/1114995/000095017024013874/pi-20231231.htm", "calculatedOtherExpenses": 4953000, "calculatedOperatingExpenses": 195466000, "calculatedNetInterest": -3236000, "calculatedOtherIncome": 3032000, "calculatedIncomeNonControlling": 0, "calculatedEbitda": -29861000}, {"date": "2022-12-31", "symbol": "PI", "reportedCurrency": "USD", "cik": "0001114995", "fillingDate": "2023-02-13", "acceptedDate": "2023-02-13 16:20:11", "calendarYear": "2022", "period": "FY", "revenue": 257800000, "costOfRevenue": 119916000, "grossProfit": 137884000, "grossProfitRatio": 0.5348487199, "researchAndDevelopmentExpenses": 74106000, "generalAndAdministrativeExpenses": 45465000, "sellingAndMarketingExpenses": 37894000, "sellingGeneralAndAdministrativeExpenses": 83359000, "otherExpenses": 285000, "operatingExpenses": 157465000, "costAndExpenses": 277381000, "interestIncome": 2406000, "interestExpense": 4923000, "depreciationAndAmortization": 6329000, "ebitda": -13252000, "ebitdaratio": -0.0514041893, "operatingIncome": -19581000, "operatingIncomeRatio": -0.0759542281, "totalOtherIncomeExpensesNet": -4536000, "incomeBeforeTax": -24117000, "incomeBeforeTaxRatio": -0.093549263, "incomeTaxExpense": 184000, "netIncome": -24301000, "netIncomeRatio": -0.0942629946, "eps": -0.95, "epsdiluted": -0.95, "weightedAverageShsOut": 25539000, "weightedAverageShsOutDil": 25539000, "link": "https://www.sec.gov/Archives/edgar/data/1114995/000095017023002614/0000950170-23-002614-index.htm", "finalLink": "https://www.sec.gov/Archives/edgar/data/1114995/000095017023002614/pi-20221231.htm", "calculatedOtherExpenses": 0, "calculatedOperatingExpenses": 157465000, "calculatedNetInterest": -2517000, "calculatedOtherIncome": -2019000, "calculatedIncomeNonControlling": 0, "calculatedEbitda": -13252000}, {"date": "2021-12-31", "symbol": "PI", "reportedCurrency": "USD", "cik": "0001114995", "fillingDate": "2022-02-14", "acceptedDate": "2022-02-14 16:34:12", "calendarYear": "2021", "period": "FY", "revenue": 190283000, "costOfRevenue": 91329000, "grossProfit": 98954000, "grossProfitRatio": 0.5200359465, "researchAndDevelopmentExpenses": 64058000, "generalAndAdministrativeExpenses": 36137000, "sellingAndMarketingExpenses": 34287000, "sellingGeneralAndAdministrativeExpenses": 70424000, "otherExpenses": -11308000, "operatingExpenses": 134482000, "costAndExpenses": 225811000, "interestIncome": 2525000, "interestExpense": 2550000, "depreciationAndAmortization": -6706000, "ebitda": -42234000, "ebitdaratio": -0.2219536165, "operatingIncome": -35528000, "operatingIncomeRatio": -0.186711372, "totalOtherIncomeExpensesNet": -15579000, "incomeBeforeTax": -51107000, "incomeBeforeTaxRatio": -0.2685841615, "incomeTaxExpense": 153000, "netIncome": -51260000, "netIncomeRatio": -0.269388227, "eps": -2.12, "epsdiluted": -2.12, "weightedAverageShsOut": 24176000, "weightedAverageShsOutDil": 24176000, "link": "https://www.sec.gov/Archives/edgar/data/1114995/000156459022004981/0001564590-22-004981-index.htm", "finalLink": "https://www.sec.gov/Archives/edgar/data/1114995/000156459022004981/pi-10k_20211231.htm", "calculatedOtherExpenses": 0, "calculatedOperatingExpenses": 134482000, "calculatedNetInterest": -25000, "calculatedOtherIncome": -15554000, "calculatedIncomeNonControlling": 0, "calculatedEbitda": -42234000}, {"date": "2020-12-31", "symbol": "PI", "reportedCurrency": "USD", "cik": "0001114995", "fillingDate": "2021-02-17", "acceptedDate": "2021-02-17 16:20:09", "calendarYear": "2020", "period": "FY", "revenue": 138923000, "costOfRevenue": 73783000, "grossProfit": 65140000, "grossProfitRatio": 0.4688928399, "researchAndDevelopmentExpenses": 48590000, "generalAndAdministrativeExpenses": 34958000, "sellingAndMarketingExpenses": 28663000, "sellingGeneralAndAdministrativeExpenses": 63621000, "otherExpenses": 650000, "operatingExpenses": 112211000, "costAndExpenses": 185994000, "interestIncome": 4763000, "interestExpense": 5413000, "depreciationAndAmortization": 5154000, "ebitda": -41917000, "ebitdaratio": -0.3017282955, "operatingIncome": -47071000, "operatingIncomeRatio": -0.3388279838, "totalOtherIncomeExpensesNet": -4763000, "incomeBeforeTax": -51834000, "incomeBeforeTaxRatio": -0.3731131634, "incomeTaxExpense": 89000, "netIncome": -51923000, "netIncomeRatio": -0.3737538061, "eps": -2.28, "epsdiluted": -2.28, "weightedAverageShsOut": 22819000, "weightedAverageShsOutDil": 22819000, "link": "https://www.sec.gov/Archives/edgar/data/1114995/000156459021006386/0001564590-21-006386-index.htm", "finalLink": "https://www.sec.gov/Archives/edgar/data/1114995/000156459021006386/pi-10k_20201231.htm", "calculatedOtherExpenses": 0, "calculatedOperatingExpenses": 112211000, "calculatedNetInterest": -650000, "calculatedOtherIncome": -4113000, "calculatedIncomeNonControlling": 0, "calculatedEbitda": -41917000}, {"date": "2019-12-31", "symbol": "PI", "reportedCurrency": "USD", "cik": "0001114995", "fillingDate": "2020-03-02", "acceptedDate": "2020-03-02 16:25:23", "calendarYear": "2019", "period": "FY", "revenue": 152836000, "costOfRevenue": 78834000, "grossProfit": 74002000, "grossProfitRatio": 0.484192206, "researchAndDevelopmentExpenses": 38880000, "generalAndAdministrativeExpenses": 24141000, "sellingAndMarketingExpenses": 32642000, "sellingGeneralAndAdministrativeExpenses": 56783000, "otherExpenses": 1242000, "operatingExpenses": 95663000, "costAndExpenses": 174497000, "interestIncome": 552000, "interestExpense": 1794000, "depreciationAndAmortization": 6051000, "ebitda": -15610000, "ebitdaratio": -0.1021356225, "operatingIncome": -21661000, "operatingIncomeRatio": -0.14172708, "totalOtherIncomeExpensesNet": -1128000, "incomeBeforeTax": -22789000, "incomeBeforeTaxRatio": -0.1491075401, "incomeTaxExpense": 198000, "netIncome": -22987000, "netIncomeRatio": -0.1504030464, "eps": -1.05, "epsdiluted": -1.05, "weightedAverageShsOut": 21847000, "weightedAverageShsOutDil": 21847000, "link": "https://www.sec.gov/Archives/edgar/data/1114995/000156459020008171/0001564590-20-008171-index.htm", "finalLink": "https://www.sec.gov/Archives/edgar/data/1114995/000156459020008171/pi-10k_20191231.htm", "calculatedOtherExpenses": 0, "calculatedOperatingExpenses": 95663000, "calculatedNetInterest": -1242000, "calculatedOtherIncome": 114000, "calculatedIncomeNonControlling": 0, "calculatedEbitda": -15610000}, {"date": "2018-12-31", "symbol": "PI", "reportedCurrency": "USD", "cik": "0001114995", "fillingDate": "2019-02-28", "acceptedDate": "2019-02-28 13:39:33", "calendarYear": "2018", "period": "FY", "revenue": 122633000, "costOfRevenue": 64352000, "grossProfit": 58281000, "grossProfitRatio": 0.4752472825, "researchAndDevelopmentExpenses": 34168000, "generalAndAdministrativeExpenses": 22299000, "sellingAndMarketingExpenses": 32934000, "sellingGeneralAndAdministrativeExpenses": 55233000, "otherExpenses": 808000, "operatingExpenses": 89401000, "costAndExpenses": 153753000, "interestIncome": 0, "interestExpense": 1403000, "depreciationAndAmortization": 4534000, "ebitda": -25778000, "ebitdaratio": -0.2102044311, "operatingIncome": -34869000, "operatingIncomeRatio": -0.2843361901, "totalOtherIncomeExpensesNet": -2941000, "incomeBeforeTax": -35464000, "incomeBeforeTaxRatio": -0.2891880652, "incomeTaxExpense": -233000, "netIncome": -35231000, "netIncomeRatio": -0.2872880872, "eps": -1.65, "epsdiluted": -1.65, "weightedAverageShsOut": 21334000, "weightedAverageShsOutDil": 21334000, "link": "https://www.sec.gov/Archives/edgar/data/1114995/000156459019005341/0001564590-19-005341-index.htm", "finalLink": "https://www.sec.gov/Archives/edgar/data/1114995/000156459019005341/pi-10k_20181231.htm", "calculatedOtherExpenses": 3749000, "calculatedOperatingExpenses": 93150000, "calculatedNetInterest": -1403000, "calculatedOtherIncome": 808000, "calculatedIncomeNonControlling": 0, "calculatedEbitda": -30335000}, {"date": "2017-12-31", "symbol": "PI", "reportedCurrency": "USD", "cik": "0001114995", "fillingDate": "2018-03-15", "acceptedDate": "2018-03-15 16:32:24", "calendarYear": "2017", "period": "FY", "revenue": 125300000, "costOfRevenue": 60359000, "grossProfit": 64941000, "grossProfitRatio": 0.5182841181, "researchAndDevelopmentExpenses": 32220000, "generalAndAdministrativeExpenses": 18161000, "sellingAndMarketingExpenses": 31579000, "sellingGeneralAndAdministrativeExpenses": 49740000, "otherExpenses": 0, "operatingExpenses": 81960000, "costAndExpenses": 142319000, "interestIncome": 508000, "interestExpense": 908000, "depreciationAndAmortization": 3950000, "ebitda": -12561000, "ebitdaratio": -0.1002474062, "operatingIncome": -17019000, "operatingIncomeRatio": -0.1358260176, "totalOtherIncomeExpensesNet": -400000, "incomeBeforeTax": -17419000, "incomeBeforeTaxRatio": -0.1390183559, "incomeTaxExpense": -97000, "netIncome": -17322000, "netIncomeRatio": -0.1382442139, "eps": -0.84, "epsdiluted": -0.84, "weightedAverageShsOut": 20680000, "weightedAverageShsOutDil": 20680000, "link": "https://www.sec.gov/Archives/edgar/data/1114995/000156459018005846/0001564590-18-005846-index.htm", "finalLink": "https://www.sec.gov/Archives/edgar/data/1114995/000156459018005846/pi-10k_20171231.htm", "calculatedOtherExpenses": 0, "calculatedOperatingExpenses": 81960000, "calculatedNetInterest": -400000, "calculatedOtherIncome": 0, "calculatedIncomeNonControlling": 0, "calculatedEbitda": -13069000}, {"date": "2016-12-31", "symbol": "PI", "reportedCurrency": "USD", "cik": "0001114995", "fillingDate": "2017-03-03", "acceptedDate": "2017-03-03 16:20:30", "calendarYear": "2016", "period": "FY", "revenue": 112287000, "costOfRevenue": 52834000, "grossProfit": 59453000, "grossProfitRatio": 0.5294735811, "researchAndDevelopmentExpenses": 25185000, "generalAndAdministrativeExpenses": 12426000, "sellingAndMarketingExpenses": 22330000, "sellingGeneralAndAdministrativeExpenses": 34756000, "otherExpenses": 0, "operatingExpenses": 59941000, "costAndExpenses": 112775000, "interestIncome": 616000, "interestExpense": 1633000, "depreciationAndAmortization": 2869000, "ebitda": 2997000, "ebitdaratio": 0.0266905341, "operatingIncome": -488000, "operatingIncomeRatio": -0.0043460062, "totalOtherIncomeExpensesNet": -1017000, "incomeBeforeTax": -1505000, "incomeBeforeTaxRatio": -0.0134031544, "incomeTaxExpense": 168000, "netIncome": -1673000, "netIncomeRatio": -0.0148993205, "eps": -0.16, "epsdiluted": -0.16, "weightedAverageShsOut": 10778000, "weightedAverageShsOutDil": 10778000, "link": "https://www.sec.gov/Archives/edgar/data/1114995/000156459017003329/0001564590-17-003329-index.htm", "finalLink": "https://www.sec.gov/Archives/edgar/data/1114995/000156459017003329/pi-10k_20161231.htm", "calculatedOtherExpenses": 0, "calculatedOperatingExpenses": 59941000, "calculatedNetInterest": -1017000, "calculatedOtherIncome": 0, "calculatedIncomeNonControlling": 0, "calculatedEbitda": 2381000}, {"date": "2015-12-31", "symbol": "PI", "reportedCurrency": "USD", "cik": "0001114995", "fillingDate": "2015-12-31", "acceptedDate": "2015-12-30 19:00:00", "calendarYear": "2015", "period": "FY", "revenue": 78479000, "costOfRevenue": 37505000, "grossProfit": 40974000, "grossProfitRatio": 0.5221014539, "researchAndDevelopmentExpenses": 17005000, "generalAndAdministrativeExpenses": 8025000, "sellingAndMarketingExpenses": 14343000, "sellingGeneralAndAdministrativeExpenses": 22368000, "otherExpenses": 673000, "operatingExpenses": 39373000, "costAndExpenses": 76878000, "interestIncome": 0, "interestExpense": 1208000, "depreciationAndAmortization": 1972000, "ebitda": 4246000, "ebitdaratio": 0.0541036456, "operatingIncome": 1601000, "operatingIncomeRatio": 0.0204003619, "totalOtherIncomeExpensesNet": 673000, "incomeBeforeTax": 1066000, "incomeBeforeTaxRatio": 0.0135832516, "incomeTaxExpense": 166000, "netIncome": 900000, "netIncomeRatio": 0.011468036, "eps": -0.81, "epsdiluted": -0.81, "weightedAverageShsOut": 12790000, "weightedAverageShsOutDil": 12790000, "link": "", "finalLink": "", "calculatedOtherExpenses": 0, "calculatedOperatingExpenses": 39373000, "calculatedNetInterest": -1208000, "calculatedOtherIncome": 673000, "calculatedIncomeNonControlling": 0, "calculatedEbitda": 3573000}, {"date": "2014-12-31", "symbol": "PI", "reportedCurrency": "USD", "cik": "0001114995", "fillingDate": "2014-12-31", "acceptedDate": "2014-12-30 19:00:00", "calendarYear": "2014", "period": "FY", "revenue": 63763000, "costOfRevenue": 30121000, "grossProfit": 33642000, "grossProfitRatio": 0.527610056, "researchAndDevelopmentExpenses": 14287000, "generalAndAdministrativeExpenses": 6115000, "sellingAndMarketingExpenses": 10825000, "sellingGeneralAndAdministrativeExpenses": 16940000, "otherExpenses": 1959000, "operatingExpenses": 33186000, "costAndExpenses": 63307000, "interestIncome": 838000, "interestExpense": 901000, "depreciationAndAmortization": 1366000, "ebitda": 2660000, "ebitdaratio": 0.0417169832, "operatingIncome": 456000, "operatingIncomeRatio": 0.0071514828, "totalOtherIncomeExpensesNet": -63000, "incomeBeforeTax": 393000, "incomeBeforeTaxRatio": 0.006163449, "incomeTaxExpense": 96000, "netIncome": 297000, "netIncomeRatio": 0.0046578737, "eps": -0.86, "epsdiluted": -0.86, "weightedAverageShsOut": 12790000, "weightedAverageShsOutDil": 12790000, "link": "", "finalLink": "", "calculatedOtherExpenses": 1959000, "calculatedOperatingExpenses": 33186000, "calculatedNetInterest": -63000, "calculatedOtherIncome": 0, "calculatedIncomeNonControlling": 0, "calculatedEbitda": 1822000}, {"date": "2010-12-31", "symbol": "PI", "reportedCurrency": "USD", "cik": "0001114995", "fillingDate": "2010-12-31", "acceptedDate": "2010-12-30 19:00:00", "calendarYear": "2010", "period": "FY", "revenue": 31797000, "costOfRevenue": 17611000, "grossProfit": 14186000, "grossProfitRatio": 0.4461427179, "researchAndDevelopmentExpenses": 10662000, "generalAndAdministrativeExpenses": 5585000, "sellingAndMarketingExpenses": 8256000, "sellingGeneralAndAdministrativeExpenses": 13841000, "otherExpenses": 0, "operatingExpenses": 24503000, "costAndExpenses": 42114000, "interestIncome": 8000, "interestExpense": 793000, "depreciationAndAmortization": 1317000, "ebitda": -8992000, "ebitdaratio": -0.2827939743, "operatingIncome": -10317000, "operatingIncomeRatio": -0.3244645721, "totalOtherIncomeExpensesNet": -193000, "incomeBeforeTax": -11295000, "incomeBeforeTaxRatio": -0.3552221908, "incomeTaxExpense": 90000, "netIncome": -11385000, "netIncomeRatio": -0.3580526465, "eps": -0.89, "epsdiluted": -0.89, "weightedAverageShsOut": 12790000, "weightedAverageShsOutDil": 12790000, "link": "", "finalLink": "", "calculatedOtherExpenses": 0, "calculatedOperatingExpenses": 24503000, "calculatedNetInterest": -785000, "calculatedOtherIncome": -193000, "calculatedIncomeNonControlling": 0, "calculatedEbitda": -9000000}, {"date": "2009-12-31", "symbol": "PI", "reportedCurrency": "USD", "cik": "0001114995", "fillingDate": "2009-12-31", "acceptedDate": "2009-12-30 19:00:00", "calendarYear": "2009", "period": "FY", "revenue": 20816000, "costOfRevenue": 9001000, "grossProfit": 11815000, "grossProfitRatio": 0.5675922367, "researchAndDevelopmentExpenses": 9492000, "generalAndAdministrativeExpenses": 5271000, "sellingAndMarketingExpenses": 7320000, "sellingGeneralAndAdministrativeExpenses": 12591000, "otherExpenses": 0, "operatingExpenses": 22083000, "costAndExpenses": 31084000, "interestIncome": 234000, "interestExpense": 524000, "depreciationAndAmortization": 1502000, "ebitda": -8532000, "ebitdaratio": -0.4098770177, "operatingIncome": -10268000, "operatingIncomeRatio": -0.4932744043, "totalOtherIncomeExpensesNet": 357000, "incomeBeforeTax": -10201000, "incomeBeforeTaxRatio": -0.4900557264, "incomeTaxExpense": -50000, "netIncome": -9860000, "netIncomeRatio": -0.4736740968, "eps": -0.77, "epsdiluted": -0.77, "weightedAverageShsOut": 12790000, "weightedAverageShsOutDil": 12790000, "link": "", "finalLink": "", "calculatedOtherExpenses": 0, "calculatedOperatingExpenses": 22083000, "calculatedNetInterest": -290000, "calculatedOtherIncome": 357000, "calculatedIncomeNonControlling": -291000, "calculatedEbitda": -8766000}]}