{"originalCurrency": "USD", "convertedCurrency": "USD", "report": [{"date": "2023-12-31", "symbol": "PII", "reportedCurrency": "USD", "cik": "0000931015", "fillingDate": "2024-02-16", "acceptedDate": "2024-02-16 13:35:06", "calendarYear": "2023", "period": "FY", "revenue": 8934400000, "costOfRevenue": 7028400000, "grossProfit": 1906000000, "grossProfitRatio": 0.2133327364, "researchAndDevelopmentExpenses": 374300000, "generalAndAdministrativeExpenses": 422800000, "sellingAndMarketingExpenses": 542300000, "sellingGeneralAndAdministrativeExpenses": 902500000, "otherExpenses": 44500000, "operatingExpenses": 1276800000, "costAndExpenses": 8305200000, "interestIncome": 0, "interestExpense": 133800000, "depreciationAndAmortization": 258899999, "ebitda": 888100000, "ebitdaratio": 0.0994023102, "operatingIncome": 629200000, "operatingIncomeRatio": 0.0704244269, "totalOtherIncomeExpensesNet": -8800000, "incomeBeforeTax": 620400000, "incomeBeforeTaxRatio": 0.0694394699, "incomeTaxExpense": 117700000, "netIncome": 502800000, "netIncomeRatio": 0.0562768625, "eps": 8.81, "epsdiluted": 8.71, "weightedAverageShsOut": 57100000, "weightedAverageShsOutDil": 57700000, "link": "https://www.sec.gov/Archives/edgar/data/931015/000162828024005284/0001628280-24-005284-index.htm", "finalLink": "https://www.sec.gov/Archives/edgar/data/931015/000162828024005284/pii-20231231.htm", "calculatedOtherExpenses": 0, "calculatedOperatingExpenses": 1276800000, "calculatedNetInterest": -133800000, "calculatedOtherIncome": 125000000, "calculatedIncomeNonControlling": -100000, "calculatedEbitda": 888099999}, {"date": "2022-12-31", "symbol": "PII", "reportedCurrency": "USD", "cik": "0000931015", "fillingDate": "2023-02-17", "acceptedDate": "2023-02-17 16:27:51", "calendarYear": "2022", "period": "FY", "revenue": 8589000000, "costOfRevenue": 6629500000, "grossProfit": 1959500000, "grossProfitRatio": 0.228140645, "researchAndDevelopmentExpenses": 366700000, "generalAndAdministrativeExpenses": 355900000, "sellingAndMarketingExpenses": 480800000, "sellingGeneralAndAdministrativeExpenses": 836700000, "otherExpenses": -48400000, "operatingExpenses": 1155000000, "costAndExpenses": 7784500000, "interestIncome": 71700000, "interestExpense": 71700000, "depreciationAndAmortization": 261400000, "ebitda": 1065900000, "ebitdaratio": 0.1241005938, "operatingIncome": 804500000, "operatingIncomeRatio": 0.0936663174, "totalOtherIncomeExpensesNet": -43100000, "incomeBeforeTax": 761400000, "incomeBeforeTaxRatio": 0.088648271, "incomeTaxExpense": 158000000, "netIncome": 603400000, "netIncomeRatio": 0.0702526487, "eps": 10.18, "epsdiluted": 10.04, "weightedAverageShsOut": 59300000, "weightedAverageShsOutDil": 60100000, "link": "https://www.sec.gov/Archives/edgar/data/931015/000162828023004043/0001628280-23-004043-index.htm", "finalLink": "https://www.sec.gov/Archives/edgar/data/931015/000162828023004043/pii-20221231.htm", "calculatedOtherExpenses": -48400000, "calculatedOperatingExpenses": 1155000000, "calculatedNetInterest": 0, "calculatedOtherIncome": -43100000, "calculatedIncomeNonControlling": 0, "calculatedEbitda": 1065900000}, {"date": "2021-12-31", "symbol": "PII", "reportedCurrency": "USD", "cik": "0000931015", "fillingDate": "2022-02-15", "acceptedDate": "2022-02-15 16:52:24", "calendarYear": "2021", "period": "FY", "revenue": 8198200000, "costOfRevenue": 6255500000, "grossProfit": 1942700000, "grossProfitRatio": 0.2369666512, "researchAndDevelopmentExpenses": 336700000, "generalAndAdministrativeExpenses": 366000000, "sellingAndMarketingExpenses": 584800000, "sellingGeneralAndAdministrativeExpenses": 950800000, "otherExpenses": -53800000, "operatingExpenses": 1233700000, "costAndExpenses": 7489200000, "interestIncome": 44200000, "interestExpense": 44200000, "depreciationAndAmortization": 234800000, "ebitda": 943800000, "ebitdaratio": 0.1151228318, "operatingIncome": 709000000, "operatingIncomeRatio": 0.0864823986, "totalOtherIncomeExpensesNet": -83300000, "incomeBeforeTax": 625700000, "incomeBeforeTaxRatio": 0.0763216316, "incomeTaxExpense": 131400000, "netIncome": 493900000, "netIncomeRatio": 0.0602449318, "eps": 8.06, "epsdiluted": 7.88, "weightedAverageShsOut": 61300000, "weightedAverageShsOutDil": 62700000, "link": "https://www.sec.gov/Archives/edgar/data/931015/000162828022002730/0001628280-22-002730-index.htm", "finalLink": "https://www.sec.gov/Archives/edgar/data/931015/000162828022002730/pii-20211231.htm", "calculatedOtherExpenses": -53800000, "calculatedOperatingExpenses": 1233700000, "calculatedNetInterest": 0, "calculatedOtherIncome": -83300000, "calculatedIncomeNonControlling": 400000, "calculatedEbitda": 943800000}, {"date": "2020-12-31", "symbol": "PII", "reportedCurrency": "USD", "cik": "0000931015", "fillingDate": "2021-02-16", "acceptedDate": "2021-02-16 17:00:12", "calendarYear": "2020", "period": "FY", "revenue": 7027900000, "costOfRevenue": 5317700000, "grossProfit": 1710200000, "grossProfitRatio": 0.2433443845, "researchAndDevelopmentExpenses": 295600000, "generalAndAdministrativeExpenses": 359200000, "sellingAndMarketingExpenses": 544300000, "sellingGeneralAndAdministrativeExpenses": 903500000, "otherExpenses": -80400000, "operatingExpenses": 1118700000, "costAndExpenses": 6436400000, "interestIncome": 66800000, "interestExpense": 66700000, "depreciationAndAmortization": 260700000, "ebitda": 848000000, "ebitdaratio": 0.1206619332, "operatingIncome": 587300000, "operatingIncomeRatio": 0.0835669261, "totalOtherIncomeExpensesNet": -445900000, "incomeBeforeTax": 141400000, "incomeBeforeTaxRatio": 0.0201198082, "incomeTaxExpense": 16500000, "netIncome": 124800000, "netIncomeRatio": 0.0177577939, "eps": 2.02, "epsdiluted": 1.99, "weightedAverageShsOut": 61900000, "weightedAverageShsOutDil": 62600000, "link": "https://www.sec.gov/Archives/edgar/data/931015/000162828021002278/0001628280-21-002278-index.htm", "finalLink": "https://www.sec.gov/Archives/edgar/data/931015/000162828021002278/pii-20201231.htm", "calculatedOtherExpenses": -76200000, "calculatedOperatingExpenses": 1122900000, "calculatedNetInterest": 100000, "calculatedOtherIncome": -446000000, "calculatedIncomeNonControlling": 100000, "calculatedEbitda": 848000000}, {"date": "2019-12-31", "symbol": "PII", "reportedCurrency": "USD", "cik": "0000931015", "fillingDate": "2020-02-14", "acceptedDate": "2020-02-13 17:34:02", "calendarYear": "2019", "period": "FY", "revenue": 6782518000, "costOfRevenue": 5133736000, "grossProfit": 1648782000, "grossProfitRatio": 0.2430929044, "researchAndDevelopmentExpenses": 292935000, "generalAndAdministrativeExpenses": 393930000, "sellingAndMarketingExpenses": 559107000, "sellingGeneralAndAdministrativeExpenses": 953037000, "otherExpenses": -80861000, "operatingExpenses": 1165111000, "costAndExpenses": 6298847000, "interestIncome": 77600000, "interestExpense": 77589000, "depreciationAndAmortization": 236231000, "ebitda": 719902000, "ebitdaratio": 0.1061408167, "operatingIncome": 483671000, "operatingIncomeRatio": 0.0713114215, "totalOtherIncomeExpensesNet": -75871000, "incomeBeforeTax": 407800000, "incomeBeforeTaxRatio": 0.060125163, "incomeTaxExpense": 83916000, "netIncome": 323960000, "netIncomeRatio": 0.047763972, "eps": 5.27, "epsdiluted": 5.2, "weightedAverageShsOut": 61437000, "weightedAverageShsOutDil": 62292000, "link": "https://www.sec.gov/Archives/edgar/data/931015/000162828020001541/0001628280-20-001541-index.htm", "finalLink": "https://www.sec.gov/Archives/edgar/data/931015/000162828020001541/pii-12312019x10xk.htm", "calculatedOtherExpenses": -80861000, "calculatedOperatingExpenses": 1165111000, "calculatedNetInterest": 11000, "calculatedOtherIncome": -75882000, "calculatedIncomeNonControlling": -76000, "calculatedEbitda": 719902000}, {"date": "2018-12-31", "symbol": "PII", "reportedCurrency": "USD", "cik": "0000931015", "fillingDate": "2019-02-14", "acceptedDate": "2019-02-14 16:04:01", "calendarYear": "2018", "period": "FY", "revenue": 6078540000, "costOfRevenue": 4577340000, "grossProfit": 1501200000, "grossProfitRatio": 0.2469671994, "researchAndDevelopmentExpenses": 259682000, "generalAndAdministrativeExpenses": 349763000, "sellingAndMarketingExpenses": 491773000, "sellingGeneralAndAdministrativeExpenses": 841536000, "otherExpenses": 28056000, "operatingExpenses": 1013788000, "costAndExpenses": 5591128000, "interestIncome": 0, "interestExpense": 56967000, "depreciationAndAmortization": 211036000, "ebitda": 697252000, "ebitdaratio": 0.1147071501, "operatingIncome": 487412000, "operatingIncomeRatio": 0.0801857025, "totalOtherIncomeExpensesNet": -1196000, "incomeBeforeTax": 429249000, "incomeBeforeTaxRatio": 0.0706171219, "incomeTaxExpense": 93992000, "netIncome": 335257000, "netIncomeRatio": 0.0551541982, "eps": 5.36, "epsdiluted": 5.25, "weightedAverageShsOut": 62500000, "weightedAverageShsOutDil": 63900000, "link": "https://www.sec.gov/Archives/edgar/data/931015/000162828019001394/0001628280-19-001394-index.htm", "finalLink": "https://www.sec.gov/Archives/edgar/data/931015/000162828019001394/pii-12312018x10xk.htm", "calculatedOtherExpenses": -87430000, "calculatedOperatingExpenses": 1013788000, "calculatedNetInterest": -56967000, "calculatedOtherIncome": -1196000, "calculatedIncomeNonControlling": 0, "calculatedEbitda": 698448000}, {"date": "2017-12-31", "symbol": "PII", "reportedCurrency": "USD", "cik": "0000931015", "fillingDate": "2018-02-15", "acceptedDate": "2018-02-14 18:21:30", "calendarYear": "2017", "period": "FY", "revenue": 5428477000, "costOfRevenue": 4103826000, "grossProfit": 1324651000, "grossProfitRatio": 0.2440189025, "researchAndDevelopmentExpenses": 238299000, "generalAndAdministrativeExpenses": 331196000, "sellingAndMarketingExpenses": 471805000, "sellingGeneralAndAdministrativeExpenses": 803001000, "otherExpenses": -1951000, "operatingExpenses": 964994000, "costAndExpenses": 5068820000, "interestIncome": 0, "interestExpense": 32155000, "depreciationAndAmortization": 191108000, "ebitda": 542054000, "ebitdaratio": 0.0998537896, "operatingIncome": 359657000, "operatingIncomeRatio": 0.0662537577, "totalOtherIncomeExpensesNet": -8711000, "incomeBeforeTax": 318791000, "incomeBeforeTaxRatio": 0.0587256794, "incomeTaxExpense": 146299000, "netIncome": 172492000, "netIncomeRatio": 0.0317753948, "eps": 2.74, "epsdiluted": 2.69, "weightedAverageShsOut": 62916000, "weightedAverageShsOutDil": 64180000, "link": "https://www.sec.gov/Archives/edgar/data/931015/000162828018001709/0001628280-18-001709-index.htm", "finalLink": "https://www.sec.gov/Archives/edgar/data/931015/000162828018001709/pii-12312017x10xk.htm", "calculatedOtherExpenses": -76306000, "calculatedOperatingExpenses": 964994000, "calculatedNetInterest": -32155000, "calculatedOtherIncome": -8711000, "calculatedIncomeNonControlling": 0, "calculatedEbitda": 550765000}, {"date": "2016-12-31", "symbol": "PII", "reportedCurrency": "USD", "cik": "0000931015", "fillingDate": "2017-02-16", "acceptedDate": "2017-02-16 16:30:07", "calendarYear": "2016", "period": "FY", "revenue": 4516629000, "costOfRevenue": 3411006000, "grossProfit": 1105623000, "grossProfitRatio": 0.2447894215, "researchAndDevelopmentExpenses": 185126000, "generalAndAdministrativeExpenses": 306442000, "sellingAndMarketingExpenses": 342235000, "sellingGeneralAndAdministrativeExpenses": 648677000, "otherExpenses": -13835000, "operatingExpenses": 755345000, "costAndExpenses": 4166351000, "interestIncome": 0, "interestExpense": 16319000, "depreciationAndAmortization": 167512000, "ebitda": 497082000, "ebitdaratio": 0.1100559732, "operatingIncome": 350278000, "operatingIncomeRatio": 0.0775529715, "totalOtherIncomeExpensesNet": -20708000, "incomeBeforeTax": 313251000, "incomeBeforeTaxRatio": 0.0693550433, "incomeTaxExpense": 100303000, "netIncome": 212948000, "netIncomeRatio": 0.0471475519, "eps": 3.31, "epsdiluted": 3.27, "weightedAverageShsOut": 64296000, "weightedAverageShsOutDil": 65158000, "link": "https://www.sec.gov/Archives/edgar/data/931015/000162828017001442/0001628280-17-001442-index.htm", "finalLink": "https://www.sec.gov/Archives/edgar/data/931015/000162828017001442/pii-12312016x10xk.htm", "calculatedOtherExpenses": -78458000, "calculatedOperatingExpenses": 755345000, "calculatedNetInterest": -16319000, "calculatedOtherIncome": -20708000, "calculatedIncomeNonControlling": 0, "calculatedEbitda": 517790000}, {"date": "2015-12-31", "symbol": "PII", "reportedCurrency": "USD", "cik": "0000931015", "fillingDate": "2016-02-19", "acceptedDate": "2016-02-19 14:02:15", "calendarYear": "2015", "period": "FY", "revenue": 4719290000, "costOfRevenue": 3380248000, "grossProfit": 1339042000, "grossProfitRatio": 0.2837380199, "researchAndDevelopmentExpenses": 166460000, "generalAndAdministrativeExpenses": 209077000, "sellingAndMarketingExpenses": 316669000, "sellingGeneralAndAdministrativeExpenses": 525746000, "otherExpenses": -12144000, "operatingExpenses": 622903000, "costAndExpenses": 4003151000, "interestIncome": 0, "interestExpense": 11456000, "depreciationAndAmortization": 152138000, "ebitda": 849331000, "ebitdaratio": 0.1799700802, "operatingIncome": 716139000, "operatingIncomeRatio": 0.1517471908, "totalOtherIncomeExpensesNet": -18946000, "incomeBeforeTax": 685737000, "incomeBeforeTaxRatio": 0.14530512, "incomeTaxExpense": 230376000, "netIncome": 455361000, "netIncomeRatio": 0.0964893024, "eps": 6.9, "epsdiluted": 6.75, "weightedAverageShsOut": 66020000, "weightedAverageShsOutDil": 67484000, "link": "https://www.sec.gov/Archives/edgar/data/931015/000162828016011420/0001628280-16-011420-index.htm", "finalLink": "https://www.sec.gov/Archives/edgar/data/931015/000162828016011420/pii-12312015x10xk.htm", "calculatedOtherExpenses": -69303000, "calculatedOperatingExpenses": 622903000, "calculatedNetInterest": -11456000, "calculatedOtherIncome": -18946000, "calculatedIncomeNonControlling": 0, "calculatedEbitda": 868277000}, {"date": "2014-12-31", "symbol": "PII", "reportedCurrency": "USD", "cik": "0000931015", "fillingDate": "2015-02-20", "acceptedDate": "2015-02-20 10:51:36", "calendarYear": "2014", "period": "FY", "revenue": 4479648000, "costOfRevenue": 3160470000, "grossProfit": 1319178000, "grossProfitRatio": 0.2944825129, "researchAndDevelopmentExpenses": 148458000, "generalAndAdministrativeExpenses": 203248000, "sellingAndMarketingExpenses": 314449000, "sellingGeneralAndAdministrativeExpenses": 517697000, "otherExpenses": -10000, "operatingExpenses": 604488000, "costAndExpenses": 3764958000, "interestIncome": 0, "interestExpense": 11239000, "depreciationAndAmortization": 127507000, "ebitda": 838063000, "ebitdaratio": 0.1870823333, "operatingIncome": 714690000, "operatingIncomeRatio": 0.1595415533, "totalOtherIncomeExpensesNet": -4134000, "incomeBeforeTax": 699317000, "incomeBeforeTaxRatio": 0.1561098104, "incomeTaxExpense": 245288000, "netIncome": 454029000, "netIncomeRatio": 0.1013537224, "eps": 6.86, "epsdiluted": 6.65, "weightedAverageShsOut": 66175000, "weightedAverageShsOutDil": 68229000, "link": "https://www.sec.gov/Archives/edgar/data/931015/000162828015000875/0001628280-15-000875-index.htm", "finalLink": "https://www.sec.gov/Archives/edgar/data/931015/000162828015000875/pii-12312014x10xk.htm", "calculatedOtherExpenses": -61667000, "calculatedOperatingExpenses": 604488000, "calculatedNetInterest": -11239000, "calculatedOtherIncome": -4134000, "calculatedIncomeNonControlling": 0, "calculatedEbitda": 842197000}, {"date": "2013-12-31", "symbol": "PII", "reportedCurrency": "USD", "cik": "0000931015", "fillingDate": "2014-02-21", "acceptedDate": "2014-02-21 12:51:37", "calendarYear": "2013", "period": "FY", "revenue": 3777068000, "costOfRevenue": 2656189000, "grossProfit": 1120879000, "grossProfitRatio": 0.2967590205, "researchAndDevelopmentExpenses": 139193000, "generalAndAdministrativeExpenses": 179407000, "sellingAndMarketingExpenses": 270266000, "sellingGeneralAndAdministrativeExpenses": 449673000, "otherExpenses": 5139000, "operatingExpenses": 542965000, "costAndExpenses": 3199154000, "interestIncome": 0, "interestExpense": 6210000, "depreciationAndAmortization": 92100000, "ebitda": 672739000, "ebitdaratio": 0.1781114346, "operatingIncome": 577914000, "operatingIncomeRatio": 0.1530059824, "totalOtherIncomeExpensesNet": 2725000, "incomeBeforeTax": 574429000, "incomeBeforeTaxRatio": 0.1520833091, "incomeTaxExpense": 193360000, "netIncome": 377292000, "netIncomeRatio": 0.0998901794, "eps": 5.51, "epsdiluted": 5.35, "weightedAverageShsOut": 68535000, "weightedAverageShsOutDil": 70546000, "link": "https://www.sec.gov/Archives/edgar/data/931015/000144530514000518/0001445305-14-000518-index.htm", "finalLink": "https://www.sec.gov/Archives/edgar/data/931015/000144530514000518/pii-12312013x10xk.htm", "calculatedOtherExpenses": -45901000, "calculatedOperatingExpenses": 542965000, "calculatedNetInterest": -6210000, "calculatedOtherIncome": 2725000, "calculatedIncomeNonControlling": 3777000, "calculatedEbitda": 670014000}, {"date": "2012-12-31", "symbol": "PII", "reportedCurrency": "USD", "cik": "0000931015", "fillingDate": "2013-02-28", "acceptedDate": "2013-02-28 15:13:20", "calendarYear": "2012", "period": "FY", "revenue": 3209782000, "costOfRevenue": 2284485000, "grossProfit": 925297000, "grossProfitRatio": 0.2882740946, "researchAndDevelopmentExpenses": 127361000, "generalAndAdministrativeExpenses": 143064000, "sellingAndMarketingExpenses": 210367000, "sellingGeneralAndAdministrativeExpenses": 353431000, "otherExpenses": 7529000, "operatingExpenses": 446872000, "costAndExpenses": 2731357000, "interestIncome": 0, "interestExpense": 5932000, "depreciationAndAmortization": 70580000, "ebitda": 556355000, "ebitdaratio": 0.173331086, "operatingIncome": 478425000, "operatingIncomeRatio": 0.1490521786, "totalOtherIncomeExpensesNet": 7350000, "incomeBeforeTax": 479843000, "incomeBeforeTaxRatio": 0.1494939532, "incomeTaxExpense": 167533000, "netIncome": 312310000, "netIncomeRatio": 0.0972994428, "eps": 4.54, "epsdiluted": 4.4, "weightedAverageShsOut": 68849000, "weightedAverageShsOutDil": 71005000, "link": "https://www.sec.gov/Archives/edgar/data/931015/000119312513083760/0001193125-13-083760-index.htm", "finalLink": "https://www.sec.gov/Archives/edgar/data/931015/000119312513083760/d448061d10k.htm", "calculatedOtherExpenses": -33920000, "calculatedOperatingExpenses": 446872000, "calculatedNetInterest": -5932000, "calculatedOtherIncome": 7350000, "calculatedIncomeNonControlling": 0, "calculatedEbitda": 549005000}, {"date": "2011-12-31", "symbol": "PII", "reportedCurrency": "USD", "cik": "0000931015", "fillingDate": "2012-02-27", "acceptedDate": "2012-02-27 17:03:52", "calendarYear": "2011", "period": "FY", "revenue": 2656949000, "costOfRevenue": 1916366000, "grossProfit": 740583000, "grossProfitRatio": 0.2787343679, "researchAndDevelopmentExpenses": 105631000, "generalAndAdministrativeExpenses": 130395000, "sellingAndMarketingExpenses": 178725000, "sellingGeneralAndAdministrativeExpenses": 309120000, "otherExpenses": 0, "operatingExpenses": 390659000, "costAndExpenses": 2307025000, "interestIncome": 0, "interestExpense": 3987000, "depreciationAndAmortization": 66390000, "ebitda": 416314000, "ebitdaratio": 0.1566887434, "operatingIncome": 349924000, "operatingIncomeRatio": 0.1317014365, "totalOtherIncomeExpensesNet": 689000, "incomeBeforeTax": 346626000, "incomeBeforeTaxRatio": 0.1304601631, "incomeTaxExpense": 119051000, "netIncome": 227575000, "netIncomeRatio": 0.0856527543, "eps": 3.31, "epsdiluted": 3.2, "weightedAverageShsOut": 68792000, "weightedAverageShsOutDil": 71057000, "link": "https://www.sec.gov/Archives/edgar/data/931015/000119312512081910/0001193125-12-081910-index.htm", "finalLink": "https://www.sec.gov/Archives/edgar/data/931015/000119312512081910/d269191d10k.htm", "calculatedOtherExpenses": -24092000, "calculatedOperatingExpenses": 390659000, "calculatedNetInterest": -3987000, "calculatedOtherIncome": 689000, "calculatedIncomeNonControlling": 0, "calculatedEbitda": 416314000}, {"date": "2010-12-31", "symbol": "PII", "reportedCurrency": "USD", "cik": "0000931015", "fillingDate": "2011-03-01", "acceptedDate": "2011-03-01 15:14:22", "calendarYear": "2010", "period": "FY", "revenue": 1991139000, "costOfRevenue": 1460926000, "grossProfit": 530213000, "grossProfitRatio": 0.2662862814, "researchAndDevelopmentExpenses": 84940000, "generalAndAdministrativeExpenses": 99055000, "sellingAndMarketingExpenses": 142353000, "sellingGeneralAndAdministrativeExpenses": 241408000, "otherExpenses": 0, "operatingExpenses": 309492000, "costAndExpenses": 1770418000, "interestIncome": 0, "interestExpense": 2680000, "depreciationAndAmortization": 66519000, "ebitda": 287240000, "ebitdaratio": 0.1442591401, "operatingIncome": 220721000, "operatingIncomeRatio": 0.1108516281, "totalOtherIncomeExpensesNet": 500000, "incomeBeforeTax": 218541000, "incomeBeforeTaxRatio": 0.1097567774, "incomeTaxExpense": 71403000, "netIncome": 147138000, "netIncomeRatio": 0.073896398, "eps": 2.2, "epsdiluted": 2.14, "weightedAverageShsOut": 66900000, "weightedAverageShsOutDil": 68765000, "link": "https://www.sec.gov/Archives/edgar/data/931015/000095012311020529/0000950123-11-020529-index.htm", "finalLink": "https://www.sec.gov/Archives/edgar/data/931015/000095012311020529/c62319e10vk.htm", "calculatedOtherExpenses": -16856000, "calculatedOperatingExpenses": 309492000, "calculatedNetInterest": -2680000, "calculatedOtherIncome": 500000, "calculatedIncomeNonControlling": 0, "calculatedEbitda": 287240000}, {"date": "2009-12-31", "symbol": "PII", "reportedCurrency": "USD", "cik": "0000931015", "fillingDate": "2010-03-01", "acceptedDate": "2010-03-01 17:10:45", "calendarYear": "2009", "period": "FY", "revenue": 1565887000, "costOfRevenue": 1172668000, "grossProfit": 393219000, "grossProfitRatio": 0.2511158213, "researchAndDevelopmentExpenses": 62999000, "generalAndAdministrativeExpenses": 71184000, "sellingAndMarketingExpenses": 111137000, "sellingGeneralAndAdministrativeExpenses": 182321000, "otherExpenses": 0, "operatingExpenses": 245320000, "costAndExpenses": 1417988000, "interestIncome": 0, "interestExpense": 4111000, "depreciationAndAmortization": 64594000, "ebitda": 229564000, "ebitdaratio": 0.1466031712, "operatingIncome": 164970000, "operatingIncomeRatio": 0.1053524296, "totalOtherIncomeExpensesNet": -9685000, "incomeBeforeTax": 151174000, "incomeBeforeTaxRatio": 0.0965420876, "incomeTaxExpense": 50157000, "netIncome": 101017000, "netIncomeRatio": 0.0645110407, "eps": 1.56, "epsdiluted": 1.53, "weightedAverageShsOut": 64798000, "weightedAverageShsOutDil": 66148000, "link": "https://www.sec.gov/Archives/edgar/data/931015/000095012310019458/0000950123-10-019458-index.htm", "finalLink": "https://www.sec.gov/Archives/edgar/data/931015/000095012310019458/c56161e10vk.htm", "calculatedOtherExpenses": -17071000, "calculatedOperatingExpenses": 228249000, "calculatedNetInterest": -4111000, "calculatedOtherIncome": -9685000, "calculatedIncomeNonControlling": 0, "calculatedEbitda": 229564000}, {"date": "2008-12-31", "symbol": "PII", "reportedCurrency": "USD", "cik": "0000931015", "fillingDate": "2009-03-02", "acceptedDate": "2009-03-02 15:12:56", "calendarYear": "2008", "period": "FY", "revenue": 1948254000, "costOfRevenue": 1502546000, "grossProfit": 445708000, "grossProfitRatio": 0.228773045, "researchAndDevelopmentExpenses": 77472000, "generalAndAdministrativeExpenses": 69607000, "sellingAndMarketingExpenses": 137035000, "sellingGeneralAndAdministrativeExpenses": 206642000, "otherExpenses": 0, "operatingExpenses": 284114000, "costAndExpenses": 1786660000, "interestIncome": 0, "interestExpense": 9618000, "depreciationAndAmortization": 66112000, "ebitda": 248911000, "ebitdaratio": 0.127761062, "operatingIncome": 182799000, "operatingIncomeRatio": 0.0938270883, "totalOtherIncomeExpensesNet": 3881000, "incomeBeforeTax": 177062000, "incomeBeforeTaxRatio": 0.0908824003, "incomeTaxExpense": 59667000, "netIncome": 117395000, "netIncomeRatio": 0.0602565169, "eps": 1.79, "epsdiluted": 1.75, "weightedAverageShsOut": 65540000, "weightedAverageShsOutDil": 67128000, "link": "https://www.sec.gov/Archives/edgar/data/931015/000095015209002053/0000950152-09-002053-index.htm", "finalLink": "https://www.sec.gov/Archives/edgar/data/931015/000095015209002053/c48969e10vk.htm", "calculatedOtherExpenses": -21205000, "calculatedOperatingExpenses": 262909000, "calculatedNetInterest": -9618000, "calculatedOtherIncome": 3881000, "calculatedIncomeNonControlling": 0, "calculatedEbitda": 248911000}, {"date": "2007-12-31", "symbol": "PII", "reportedCurrency": "USD", "cik": "0000931015", "fillingDate": "2008-02-29", "acceptedDate": "2008-02-29 16:42:41", "calendarYear": "2007", "period": "FY", "revenue": 1780009000, "costOfRevenue": 1386989000, "grossProfit": 393020000, "grossProfitRatio": 0.2207966364, "researchAndDevelopmentExpenses": 73587000, "generalAndAdministrativeExpenses": 188682000, "sellingAndMarketingExpenses": 123897000, "sellingGeneralAndAdministrativeExpenses": 188682000, "otherExpenses": -45285000, "operatingExpenses": 216984000, "costAndExpenses": 1603973000, "interestIncome": 0, "interestExpense": 15101000, "depreciationAndAmortization": 62093000, "ebitda": 183914000, "ebitdaratio": 0.1033219495, "operatingIncome": 176036000, "operatingIncomeRatio": 0.0988961292, "totalOtherIncomeExpensesNet": 54686000, "incomeBeforeTax": 170336000, "incomeBeforeTaxRatio": 0.0956938982, "incomeTaxExpense": 57738000, "netIncome": 111650000, "netIncomeRatio": 0.062724402, "eps": 1.59, "epsdiluted": 1.54, "weightedAverageShsOut": 70472000, "weightedAverageShsOutDil": 72648000, "link": "https://www.sec.gov/Archives/edgar/data/931015/000095013708003109/0000950137-08-003109-index.htm", "finalLink": "https://www.sec.gov/Archives/edgar/data/931015/000095013708003109/c22501e10vk.htm", "calculatedOtherExpenses": -45285000, "calculatedOperatingExpenses": 216984000, "calculatedNetInterest": -15101000, "calculatedOtherIncome": 9401000, "calculatedIncomeNonControlling": 948000, "calculatedEbitda": 238129000}, {"date": "2006-12-31", "symbol": "PII", "reportedCurrency": "USD", "cik": "0000931015", "fillingDate": "2007-03-01", "acceptedDate": "2007-03-01 13:44:48", "calendarYear": "2006", "period": "FY", "revenue": 1656518000, "costOfRevenue": 1297159000, "grossProfit": 359359000, "grossProfitRatio": 0.2169363689, "researchAndDevelopmentExpenses": 73889000, "generalAndAdministrativeExpenses": 164474000, "sellingAndMarketingExpenses": 108890000, "sellingGeneralAndAdministrativeExpenses": 164474000, "otherExpenses": -47061000, "operatingExpenses": 191302000, "costAndExpenses": 1488461000, "interestIncome": 0, "interestExpense": 9773000, "depreciationAndAmortization": 71164000, "ebitda": 190307000, "ebitdaratio": 0.1148837501, "operatingIncome": 168057000, "operatingIncomeRatio": 0.1014519613, "totalOtherIncomeExpensesNet": 52556000, "incomeBeforeTax": 163779000, "incomeBeforeTaxRatio": 0.0988694358, "incomeTaxExpense": 50988000, "netIncome": 106985000, "netIncomeRatio": 0.0645842665, "eps": 1.33, "epsdiluted": 1.29, "weightedAverageShsOut": 80648000, "weightedAverageShsOutDil": 82902000, "link": "https://www.sec.gov/Archives/edgar/data/931015/000095013707003089/0000950137-07-003089-index.htm", "finalLink": "https://www.sec.gov/Archives/edgar/data/931015/000095013707003089/c08921e10vk.htm", "calculatedOtherExpenses": -47061000, "calculatedOperatingExpenses": 191302000, "calculatedNetInterest": -9773000, "calculatedOtherIncome": 5495000, "calculatedIncomeNonControlling": 5806000, "calculatedEbitda": 239221000}, {"date": "2005-12-31", "symbol": "PII", "reportedCurrency": "USD", "cik": "0000931015", "fillingDate": "2006-03-01", "acceptedDate": "2006-03-01 16:35:56", "calendarYear": "2005", "period": "FY", "revenue": 1869819000, "costOfRevenue": 1451927000, "grossProfit": 417892000, "grossProfitRatio": 0.22349329, "researchAndDevelopmentExpenses": 68146000, "generalAndAdministrativeExpenses": 173600000, "sellingAndMarketingExpenses": 105114000, "sellingGeneralAndAdministrativeExpenses": 173600000, "otherExpenses": -38640000, "operatingExpenses": 203106000, "costAndExpenses": 1655033000, "interestIncome": 0, "interestExpense": 4713000, "depreciationAndAmortization": 67936000, "ebitda": 247830000, "ebitdaratio": 0.1325422407, "operatingIncome": 214786000, "operatingIncomeRatio": 0.114869942, "totalOtherIncomeExpensesNet": 37200000, "incomeBeforeTax": 208633000, "incomeBeforeTaxRatio": 0.1115792491, "incomeTaxExpense": 64348000, "netIncome": 143278000, "netIncomeRatio": 0.0766266681, "eps": 1.62, "epsdiluted": 1.56, "weightedAverageShsOut": 84262000, "weightedAverageShsOutDil": 87574000, "link": "https://www.sec.gov/Archives/edgar/data/931015/000095013406004045/0000950134-06-004045-index.htm", "finalLink": "https://www.sec.gov/Archives/edgar/data/931015/000095013406004045/c01594e10vk.htm", "calculatedOtherExpenses": -38640000, "calculatedOperatingExpenses": 203106000, "calculatedNetInterest": -4713000, "calculatedOtherIncome": -1440000, "calculatedIncomeNonControlling": 1007000, "calculatedEbitda": 282722000}, {"date": "2004-12-31", "symbol": "PII", "reportedCurrency": "USD", "cik": "0000931015", "fillingDate": "2005-03-01", "acceptedDate": "2005-03-01 17:05:05", "calendarYear": "2004", "period": "FY", "revenue": 1773206000, "costOfRevenue": 1348943000, "grossProfit": 424263000, "grossProfitRatio": 0.2392632328, "researchAndDevelopmentExpenses": 60700000, "generalAndAdministrativeExpenses": 183961000, "sellingAndMarketingExpenses": 105984000, "sellingGeneralAndAdministrativeExpenses": 183961000, "otherExpenses": -32035000, "operatingExpenses": 212626000, "costAndExpenses": 1561569000, "interestIncome": 0, "interestExpense": 2111000, "depreciationAndAmortization": 59339000, "ebitda": 244268000, "ebitdaratio": 0.1377550042, "operatingIncome": 211637000, "operatingIncomeRatio": 0.119352743, "totalOtherIncomeExpensesNet": 26708000, "incomeBeforeTax": 204199000, "incomeBeforeTaxRatio": 0.1151580809, "incomeTaxExpense": 67386000, "netIncome": 104504000, "netIncomeRatio": 0.0589350589, "eps": 1.17, "epsdiluted": 1.13, "weightedAverageShsOut": 84696000, "weightedAverageShsOutDil": 88842667, "link": "https://www.sec.gov/Archives/edgar/data/931015/000095013405004005/0000950134-05-004005-index.htm", "finalLink": "https://www.sec.gov/Archives/edgar/data/931015/000095013405004005/c91643e10vk.htm", "calculatedOtherExpenses": -32035000, "calculatedOperatingExpenses": 212626000, "calculatedNetInterest": -2111000, "calculatedOtherIncome": -5327000, "calculatedIncomeNonControlling": 32309000, "calculatedEbitda": 270976000}, {"date": "2003-12-31", "symbol": "PII", "reportedCurrency": "USD", "cik": "0000931015", "fillingDate": "2004-03-11", "acceptedDate": "2004-03-11 15:49:27", "calendarYear": "2003", "period": "FY", "revenue": 1605869000, "costOfRevenue": 1245852000, "grossProfit": 360017000, "grossProfitRatio": 0.2241882744, "researchAndDevelopmentExpenses": 51760000, "generalAndAdministrativeExpenses": 165123000, "sellingAndMarketingExpenses": 96907000, "sellingGeneralAndAdministrativeExpenses": 165123000, "otherExpenses": -23587000, "operatingExpenses": 193296000, "costAndExpenses": 1439148000, "interestIncome": 0, "interestExpense": 2465000, "depreciationAndAmortization": 54780000, "ebitda": 197831000, "ebitdaratio": 0.1231924895, "operatingIncome": 166721000, "operatingIncomeRatio": 0.103819801, "totalOtherIncomeExpensesNet": 23670000, "incomeBeforeTax": 164339000, "incomeBeforeTaxRatio": 0.102336492, "incomeTaxExpense": 53410000, "netIncome": 110929000, "netIncomeRatio": 0.069077241, "eps": 1.28, "epsdiluted": 1.19, "weightedAverageShsOut": 85932000, "weightedAverageShsOutDil": 93217647, "link": "https://www.sec.gov/Archives/edgar/data/931015/000095013404003298/0000950134-04-003298-index.htm", "finalLink": "https://www.sec.gov/Archives/edgar/data/931015/000095013404003298/c82497e10vk.htm", "calculatedOtherExpenses": -23587000, "calculatedOperatingExpenses": 193296000, "calculatedNetInterest": -2465000, "calculatedOtherIncome": 83000, "calculatedIncomeNonControlling": 0, "calculatedEbitda": 221501000}, {"date": "2002-12-31", "symbol": "PII", "reportedCurrency": "USD", "cik": "0000931015", "fillingDate": "2003-03-17", "acceptedDate": "2003-03-14 17:48:29", "calendarYear": "2002", "period": "FY", "revenue": 1521282000, "costOfRevenue": 1189002000, "grossProfit": 332280000, "grossProfitRatio": 0.2184210423, "researchAndDevelopmentExpenses": 45550000, "generalAndAdministrativeExpenses": 148439000, "sellingAndMarketingExpenses": 86719000, "sellingGeneralAndAdministrativeExpenses": 148439000, "otherExpenses": -14643000, "operatingExpenses": 179346000, "costAndExpenses": 1368348000, "interestIncome": 0, "interestExpense": 2397000, "depreciationAndAmortization": 57527000, "ebitda": 192184000, "ebitdaratio": 0.1263302925, "operatingIncome": 152934000, "operatingIncomeRatio": 0.1005296848, "totalOtherIncomeExpensesNet": 18277000, "incomeBeforeTax": 154171000, "incomeBeforeTaxRatio": 0.1013428148, "incomeTaxExpense": 50579000, "netIncome": 103592000, "netIncomeRatio": 0.0680951987, "eps": 1.16, "epsdiluted": 1.06, "weightedAverageShsOut": 89648000, "weightedAverageShsOutDil": 97728302, "link": "https://www.sec.gov/Archives/edgar/data/931015/000095013403003989/0000950134-03-003989-index.htm", "finalLink": "https://www.sec.gov/Archives/edgar/data/931015/000095013403003989/c74961e10vk.htm", "calculatedOtherExpenses": -14643000, "calculatedOperatingExpenses": 179346000, "calculatedNetInterest": -2397000, "calculatedOtherIncome": 3634000, "calculatedIncomeNonControlling": 0, "calculatedEbitda": 210461000}, {"date": "2001-12-31", "symbol": "PII", "reportedCurrency": "USD", "cik": "0000931015", "fillingDate": "2002-03-22", "acceptedDate": "2002-03-22 00:00:00", "calendarYear": "2001", "period": "FY", "revenue": 1512042000, "costOfRevenue": 1167668000, "grossProfit": 344374000, "grossProfitRatio": 0.2277542555, "researchAndDevelopmentExpenses": 35708000, "generalAndAdministrativeExpenses": 178848000, "sellingAndMarketingExpenses": 0, "sellingGeneralAndAdministrativeExpenses": 178848000, "otherExpenses": 0, "operatingExpenses": 214556000, "costAndExpenses": 1382224000, "interestIncome": 0, "interestExpense": 0, "depreciationAndAmortization": 52550000, "ebitda": 165372000, "ebitdaratio": 0.1093699778, "operatingIncome": 129818000, "operatingIncomeRatio": 0.0858560807, "totalOtherIncomeExpensesNet": 16996000, "incomeBeforeTax": 139563000, "incomeBeforeTaxRatio": 0.0923010075, "incomeTaxExpense": 48149000, "netIncome": 91414000, "netIncomeRatio": 0.0604573153, "eps": 1, "epsdiluted": 0.93, "weightedAverageShsOut": 91856923, "weightedAverageShsOutDil": 98294624, "link": "https://www.sec.gov/Archives/edgar/data/931015/000095013702001495/0000950137-02-001495-index.htm", "finalLink": "https://www.sec.gov/Archives/edgar/data/931015/000095013702001495/c68167e10-k.htm", "calculatedOtherExpenses": 0, "calculatedOperatingExpenses": 214556000, "calculatedNetInterest": 0, "calculatedOtherIncome": 9745000, "calculatedIncomeNonControlling": 0, "calculatedEbitda": 182368000}, {"date": "2000-12-31", "symbol": "PII", "reportedCurrency": "USD", "cik": "0000931015", "fillingDate": "2001-03-28", "acceptedDate": "2001-03-28 00:00:00", "calendarYear": "2000", "period": "FY", "revenue": 1425678000, "costOfRevenue": 1050577000, "grossProfit": 375101000, "grossProfitRatio": 0.26310359, "researchAndDevelopmentExpenses": 32360000, "generalAndAdministrativeExpenses": 173950000, "sellingAndMarketingExpenses": 0, "sellingGeneralAndAdministrativeExpenses": 173950000, "otherExpenses": 46997000, "operatingExpenses": 253307000, "costAndExpenses": 1303884000, "interestIncome": 0, "interestExpense": 0, "depreciationAndAmortization": 46997000, "ebitda": 154495000, "ebitdaratio": 0.1083659845, "operatingIncome": 121794000, "operatingIncomeRatio": 0.0854288275, "totalOtherIncomeExpensesNet": 14296000, "incomeBeforeTax": 128386000, "incomeBeforeTaxRatio": 0.0900525925, "incomeTaxExpense": 45577000, "netIncome": 82809000, "netIncomeRatio": 0.0580839432, "eps": 0.88, "epsdiluted": 0.84, "weightedAverageShsOut": 94168000, "weightedAverageShsOutDil": 99172455, "link": "https://www.sec.gov/Archives/edgar/data/931015/000095012401001699/0000950124-01-001699-index.htm", "finalLink": "https://www.sec.gov/Archives/edgar/data/931015/000095012401001699/c60829e10-k.txt", "calculatedOtherExpenses": 46997000, "calculatedOperatingExpenses": 253307000, "calculatedNetInterest": 0, "calculatedOtherIncome": 6592000, "calculatedIncomeNonControlling": 0, "calculatedEbitda": 168791000}, {"date": "1999-12-31", "symbol": "PII", "reportedCurrency": "USD", "cik": "0000931015", "fillingDate": "2000-03-24", "acceptedDate": "2000-03-24 00:00:00", "calendarYear": "1999", "period": "FY", "revenue": 1321100000, "costOfRevenue": 953500000, "grossProfit": 367600000, "grossProfitRatio": 0.278252971, "researchAndDevelopmentExpenses": 31300000, "generalAndAdministrativeExpenses": 183400000, "sellingAndMarketingExpenses": 0, "sellingGeneralAndAdministrativeExpenses": 183400000, "otherExpenses": 39300000, "operatingExpenses": 254000000, "costAndExpenses": 1207500000, "interestIncome": 0, "interestExpense": 0, "depreciationAndAmortization": 39300000, "ebitda": 143900000, "ebitdaratio": 0.1089243812, "operatingIncome": 113600000, "operatingIncomeRatio": 0.0859889486, "totalOtherIncomeExpensesNet": 9000000, "incomeBeforeTax": 118300000, "incomeBeforeTaxRatio": 0.08954659, "incomeTaxExpense": 42000000, "netIncome": 76300000, "netIncomeRatio": 0.0577549012, "eps": 0.77, "epsdiluted": 0.77, "weightedAverageShsOut": 98928000, "weightedAverageShsOutDil": 99600000, "link": "https://www.sec.gov/Archives/edgar/data/931015/000095012400001529/0000950124-00-001529-index.html", "finalLink": "https://www.sec.gov/Archives/edgar/data/931015/000095012400001529/", "calculatedOtherExpenses": 39300000, "calculatedOperatingExpenses": 254000000, "calculatedNetInterest": 0, "calculatedOtherIncome": 4700000, "calculatedIncomeNonControlling": 0, "calculatedEbitda": 152900000}, {"date": "1998-12-31", "symbol": "PII", "reportedCurrency": "USD", "cik": "0000931015", "fillingDate": "1999-03-29", "acceptedDate": "1999-03-29 00:00:00", "calendarYear": "1998", "period": "FY", "revenue": 1175500000, "costOfRevenue": 861000000, "grossProfit": 314500000, "grossProfitRatio": 0.2675457252, "researchAndDevelopmentExpenses": 28400000, "generalAndAdministrativeExpenses": 149800000, "sellingAndMarketingExpenses": 0, "sellingGeneralAndAdministrativeExpenses": 149800000, "otherExpenses": 36200000, "operatingExpenses": 214400000, "costAndExpenses": 1075400000, "interestIncome": 0, "interestExpense": 0, "depreciationAndAmortization": 36200000, "ebitda": 185100000, "ebitdaratio": 0.1574649085, "operatingIncome": 100100000, "operatingIncomeRatio": 0.0851552531, "totalOtherIncomeExpensesNet": -48800000, "incomeBeforeTax": 48300000, "incomeBeforeTaxRatio": 0.0410888983, "incomeTaxExpense": 17300000, "netIncome": 31000000, "netIncomeRatio": 0.0263717567, "eps": 0.3, "epsdiluted": 0.3, "weightedAverageShsOut": 103333333, "weightedAverageShsOutDil": 104201681, "link": "https://www.sec.gov/Archives/edgar/data/931015/0001047469-99-011857-index.html", "finalLink": "https://www.sec.gov/Archives/edgar/data/931015/0001047469-99-011857.txt", "calculatedOtherExpenses": 36200000, "calculatedOperatingExpenses": 214400000, "calculatedNetInterest": 0, "calculatedOtherIncome": -51800000, "calculatedIncomeNonControlling": 0, "calculatedEbitda": 136300000}, {"date": "1997-12-31", "symbol": "PII", "reportedCurrency": "USD", "cik": "0000931015", "fillingDate": "1998-03-30", "acceptedDate": "1998-03-30 00:00:00", "calendarYear": "1997", "period": "FY", "revenue": 1048300000, "costOfRevenue": 752600000, "grossProfit": 295700000, "grossProfitRatio": 0.2820757417, "researchAndDevelopmentExpenses": 0, "generalAndAdministrativeExpenses": 169400000, "sellingAndMarketingExpenses": 0, "sellingGeneralAndAdministrativeExpenses": 169400000, "otherExpenses": 33200000, "operatingExpenses": 202600000, "costAndExpenses": 955200000, "interestIncome": 0, "interestExpense": 0, "depreciationAndAmortization": 33200000, "ebitda": 114400000, "ebitdaratio": 0.1091290661, "operatingIncome": 93100000, "operatingIncomeRatio": 0.088810455, "totalOtherIncomeExpensesNet": 11900000, "incomeBeforeTax": 102200000, "incomeBeforeTaxRatio": 0.0974911762, "incomeTaxExpense": 36800000, "netIncome": 65400000, "netIncomeRatio": 0.0623867214, "eps": 0.61, "epsdiluted": 0.61, "weightedAverageShsOut": 106775510, "weightedAverageShsOutDil": 106775510, "link": "https://www.sec.gov/Archives/edgar/data/931015/000104746998012303/0001047469-98-012303-index.html", "finalLink": "https://www.sec.gov/Archives/edgar/data/931015/", "calculatedOtherExpenses": 33200000, "calculatedOperatingExpenses": 202600000, "calculatedNetInterest": 0, "calculatedOtherIncome": 9100000, "calculatedIncomeNonControlling": 0, "calculatedEbitda": 126300000}, {"date": "1996-12-31", "symbol": "PII", "reportedCurrency": "USD", "cik": "0000931015", "fillingDate": "1997-03-19", "acceptedDate": "1997-03-19 00:00:00", "calendarYear": "1996", "period": "FY", "revenue": 1191900000, "costOfRevenue": 925800000, "grossProfit": 266100000, "grossProfitRatio": 0.2232569846, "researchAndDevelopmentExpenses": 0, "generalAndAdministrativeExpenses": 138100000, "sellingAndMarketingExpenses": 0, "sellingGeneralAndAdministrativeExpenses": 138100000, "otherExpenses": 30600000, "operatingExpenses": 168700000, "costAndExpenses": 1094500000, "interestIncome": 0, "interestExpense": 0, "depreciationAndAmortization": 30600000, "ebitda": 123800000, "ebitdaratio": 0.1038677741, "operatingIncome": 97400000, "operatingIncomeRatio": 0.081718265, "totalOtherIncomeExpensesNet": 4200000, "incomeBeforeTax": 97300000, "incomeBeforeTaxRatio": 0.0816343653, "incomeTaxExpense": 35000000, "netIncome": 62300000, "netIncomeRatio": 0.0522694857, "eps": 0.56, "epsdiluted": 0.56, "weightedAverageShsOut": 111444000, "weightedAverageShsOutDil": 111656442, "link": "https://www.sec.gov/Archives/edgar/data/931015/000091205797009336/0000912057-97-009336-index.html", "finalLink": "https://www.sec.gov/Archives/edgar/data/931015/", "calculatedOtherExpenses": 30600000, "calculatedOperatingExpenses": 168700000, "calculatedNetInterest": 0, "calculatedOtherIncome": -100000, "calculatedIncomeNonControlling": 0, "calculatedEbitda": 128000000}, {"date": "1995-12-31", "symbol": "PII", "reportedCurrency": "USD", "cik": "0000931015", "fillingDate": "1996-03-22", "acceptedDate": "1996-03-22 00:00:00", "calendarYear": "1995", "period": "FY", "revenue": 1113900000, "costOfRevenue": 862900000, "grossProfit": 251000000, "grossProfitRatio": 0.2253344106, "researchAndDevelopmentExpenses": 0, "generalAndAdministrativeExpenses": 126500000, "sellingAndMarketingExpenses": 0, "sellingGeneralAndAdministrativeExpenses": 126500000, "otherExpenses": 22800000, "operatingExpenses": 149300000, "costAndExpenses": 1012200000, "interestIncome": 0, "interestExpense": 0, "depreciationAndAmortization": 22800000, "ebitda": 127300000, "ebitdaratio": 0.1142831493, "operatingIncome": 101700000, "operatingIncomeRatio": 0.0913008349, "totalOtherIncomeExpensesNet": -2800000, "incomeBeforeTax": 98800000, "incomeBeforeTaxRatio": 0.0886973696, "incomeTaxExpense": 38000000, "netIncome": 60800000, "netIncomeRatio": 0.0545829967, "eps": 0.55, "epsdiluted": 0.55, "weightedAverageShsOut": 111168000, "weightedAverageShsOutDil": 111168000, "link": "https://www.sec.gov/Archives/edgar/data/931015/000091205796004997/0000912057-96-004997-index.html", "finalLink": "https://www.sec.gov/Archives/edgar/data/931015/", "calculatedOtherExpenses": 22800000, "calculatedOperatingExpenses": 149300000, "calculatedNetInterest": 0, "calculatedOtherIncome": -2900000, "calculatedIncomeNonControlling": 0, "calculatedEbitda": 124500000}, {"date": "1994-12-31", "symbol": "PII", "reportedCurrency": "USD", "cik": "0000931015", "fillingDate": "1995-03-24", "acceptedDate": "1995-03-24 00:00:00", "calendarYear": "1994", "period": "FY", "revenue": 826300000, "costOfRevenue": 624400000, "grossProfit": 201900000, "grossProfitRatio": 0.2443422486, "researchAndDevelopmentExpenses": 0, "generalAndAdministrativeExpenses": 0, "sellingAndMarketingExpenses": 0, "sellingGeneralAndAdministrativeExpenses": 81000000, "otherExpenses": 23700000, "operatingExpenses": 104700000, "costAndExpenses": 729100000, "interestIncome": 0, "interestExpense": 0, "depreciationAndAmortization": 23700000, "ebitda": 77200000, "ebitdaratio": 0.0934285369, "operatingIncome": 97200000, "operatingIncomeRatio": 0.117632821, "totalOtherIncomeExpensesNet": 43700000, "incomeBeforeTax": 141000000, "incomeBeforeTaxRatio": 0.1706402033, "incomeTaxExpense": 12000000, "netIncome": 129000000, "netIncomeRatio": 0.1561176328, "eps": 1.17, "epsdiluted": 1.17, "weightedAverageShsOut": 110538000, "weightedAverageShsOutDil": 123414634, "link": "https://www.sec.gov/Archives/edgar/data/931015/000091205795001683/0000912057-95-001683-index.html", "finalLink": "https://www.sec.gov/Archives/edgar/data/931015/", "calculatedOtherExpenses": 23700000, "calculatedOperatingExpenses": 104700000, "calculatedNetInterest": 0, "calculatedOtherIncome": 43800000, "calculatedIncomeNonControlling": 0, "calculatedEbitda": 120900000}, {"date": "1993-12-31", "symbol": "PII", "reportedCurrency": "USD", "cik": "0000931015", "fillingDate": "1993-12-31", "acceptedDate": "1993-12-30 19:00:00", "calendarYear": "1993", "period": "FY", "revenue": 528000000, "costOfRevenue": 371500000, "grossProfit": 156500000, "grossProfitRatio": 0.2964015152, "researchAndDevelopmentExpenses": 0, "generalAndAdministrativeExpenses": 0, "sellingAndMarketingExpenses": 0, "sellingGeneralAndAdministrativeExpenses": 77400000, "otherExpenses": 25900000, "operatingExpenses": 103300000, "costAndExpenses": 474800000, "interestIncome": 0, "interestExpense": 0, "depreciationAndAmortization": 25900000, "ebitda": 79100000, "ebitdaratio": 0.1498106061, "operatingIncome": 53200000, "operatingIncomeRatio": 0.1007575758, "totalOtherIncomeExpensesNet": 100000, "incomeBeforeTax": 53300000, "incomeBeforeTaxRatio": 0.1009469697, "incomeTaxExpense": 7500000, "netIncome": 45800000, "netIncomeRatio": 0.0867424242, "eps": 0.38, "epsdiluted": 0.38, "weightedAverageShsOut": 121941748, "weightedAverageShsOutDil": 121941748, "link": "", "finalLink": "", "calculatedOtherExpenses": 25900000, "calculatedOperatingExpenses": 103300000, "calculatedNetInterest": 0, "calculatedOtherIncome": 100000, "calculatedIncomeNonControlling": 0, "calculatedEbitda": 79100000}, {"date": "1992-12-31", "symbol": "PII", "reportedCurrency": "USD", "cik": "0000931015", "fillingDate": "1992-12-31", "acceptedDate": "1992-12-30 19:00:00", "calendarYear": "1992", "period": "FY", "revenue": 383800000, "costOfRevenue": 251900000, "grossProfit": 131900000, "grossProfitRatio": 0.3436685774, "researchAndDevelopmentExpenses": 0, "generalAndAdministrativeExpenses": 0, "sellingAndMarketingExpenses": 0, "sellingGeneralAndAdministrativeExpenses": 55600000, "otherExpenses": 17300000, "operatingExpenses": 72900000, "costAndExpenses": 324800000, "interestIncome": 0, "interestExpense": 0, "depreciationAndAmortization": 17300000, "ebitda": 88300000, "ebitdaratio": 0.2300677436, "operatingIncome": 59000000, "operatingIncomeRatio": 0.1537258989, "totalOtherIncomeExpensesNet": -12000000, "incomeBeforeTax": 47000000, "incomeBeforeTaxRatio": 0.1224596144, "incomeTaxExpense": 24300000, "netIncome": 34700000, "netIncomeRatio": 0.0904116727, "eps": 0.29, "epsdiluted": 0.29, "weightedAverageShsOut": 86980000, "weightedAverageShsOutDil": 86980000, "link": "", "finalLink": "", "calculatedOtherExpenses": 17300000, "calculatedOperatingExpenses": 72900000, "calculatedNetInterest": 0, "calculatedOtherIncome": -12000000, "calculatedIncomeNonControlling": -12000000, "calculatedEbitda": 76300000}, {"date": "1991-12-31", "symbol": "PII", "reportedCurrency": "USD", "cik": "0000931015", "fillingDate": "1991-12-31", "acceptedDate": "1991-12-30 19:00:00", "calendarYear": "1991", "period": "FY", "revenue": 297700000, "costOfRevenue": 188100000, "grossProfit": 109600000, "grossProfitRatio": 0.3681558616, "researchAndDevelopmentExpenses": 0, "generalAndAdministrativeExpenses": 0, "sellingAndMarketingExpenses": 0, "sellingGeneralAndAdministrativeExpenses": 43900000, "otherExpenses": 13800000, "operatingExpenses": 57700000, "costAndExpenses": 245800000, "interestIncome": 0, "interestExpense": 0, "depreciationAndAmortization": 13800000, "ebitda": 85400000, "ebitdaratio": 0.2868659725, "operatingIncome": 51900000, "operatingIncomeRatio": 0.1743365805, "totalOtherIncomeExpensesNet": -19700000, "incomeBeforeTax": 32200000, "incomeBeforeTaxRatio": 0.1081625798, "incomeTaxExpense": 27000000, "netIncome": 24900000, "netIncomeRatio": 0.0836412496, "eps": 0.28, "epsdiluted": 0.28, "weightedAverageShsOut": 89729730, "weightedAverageShsOutDil": 89729730, "link": "", "finalLink": "", "calculatedOtherExpenses": 13800000, "calculatedOperatingExpenses": 57700000, "calculatedNetInterest": 0, "calculatedOtherIncome": -19700000, "calculatedIncomeNonControlling": -19700000, "calculatedEbitda": 65700000}, {"date": "1990-12-31", "symbol": "PII", "reportedCurrency": "USD", "cik": "0000931015", "fillingDate": "1990-12-31", "acceptedDate": "1990-12-30 19:00:00", "calendarYear": "1990", "period": "FY", "revenue": 296100000, "costOfRevenue": 183800000, "grossProfit": 112300000, "grossProfitRatio": 0.3792637622, "researchAndDevelopmentExpenses": 0, "generalAndAdministrativeExpenses": 0, "sellingAndMarketingExpenses": 0, "sellingGeneralAndAdministrativeExpenses": 52000000, "otherExpenses": 12600000, "operatingExpenses": 64600000, "costAndExpenses": 248400000, "interestIncome": 0, "interestExpense": 0, "depreciationAndAmortization": 12600000, "ebitda": 67800000, "ebitdaratio": 0.2289766971, "operatingIncome": 47700000, "operatingIncomeRatio": 0.1610942249, "totalOtherIncomeExpensesNet": -7500000, "incomeBeforeTax": 40200000, "incomeBeforeTaxRatio": 0.1357649443, "incomeTaxExpense": 16300000, "netIncome": 31400000, "netIncomeRatio": 0.106045255, "eps": 0.28, "epsdiluted": 0.28, "weightedAverageShsOut": 97142857, "weightedAverageShsOutDil": 97142857, "link": "", "finalLink": "", "calculatedOtherExpenses": 12600000, "calculatedOperatingExpenses": 64600000, "calculatedNetInterest": 0, "calculatedOtherIncome": -7500000, "calculatedIncomeNonControlling": -7500000, "calculatedEbitda": 60300000}, {"date": "1989-12-31", "symbol": "PII", "reportedCurrency": "USD", "cik": "0000931015", "fillingDate": "1989-12-31", "acceptedDate": "1989-12-30 19:00:00", "calendarYear": "1989", "period": "FY", "revenue": 242600000, "costOfRevenue": 147800000, "grossProfit": 94800000, "grossProfitRatio": 0.3907666941, "researchAndDevelopmentExpenses": 0, "generalAndAdministrativeExpenses": 0, "sellingAndMarketingExpenses": 0, "sellingGeneralAndAdministrativeExpenses": 43300000, "otherExpenses": 11500000, "operatingExpenses": 54800000, "costAndExpenses": 202600000, "interestIncome": 0, "interestExpense": 0, "depreciationAndAmortization": 11500000, "ebitda": 59000000, "ebitdaratio": 0.243198681, "operatingIncome": 40000000, "operatingIncomeRatio": 0.1648804617, "totalOtherIncomeExpensesNet": -7500000, "incomeBeforeTax": 25000000, "incomeBeforeTaxRatio": 0.1030502885, "incomeTaxExpense": 700000, "netIncome": 24300000, "netIncomeRatio": 0.1001648805, "eps": 0.27, "epsdiluted": 0.27, "weightedAverageShsOut": 90000000, "weightedAverageShsOutDil": 90000000, "link": "", "finalLink": "", "calculatedOtherExpenses": 11500000, "calculatedOperatingExpenses": 54800000, "calculatedNetInterest": 0, "calculatedOtherIncome": -15000000, "calculatedIncomeNonControlling": 0, "calculatedEbitda": 51500000}, {"date": "1988-12-31", "symbol": "PII", "reportedCurrency": "USD", "cik": "0000931015", "fillingDate": "1988-12-31", "acceptedDate": "1988-12-30 19:00:00", "calendarYear": "1988", "period": "FY", "revenue": 171500000, "costOfRevenue": 103400000, "grossProfit": 68100000, "grossProfitRatio": 0.3970845481, "researchAndDevelopmentExpenses": 0, "generalAndAdministrativeExpenses": 0, "sellingAndMarketingExpenses": 0, "sellingGeneralAndAdministrativeExpenses": 25900000, "otherExpenses": 11700000, "operatingExpenses": 37600000, "costAndExpenses": 141000000, "interestIncome": 0, "interestExpense": 0, "depreciationAndAmortization": 11700000, "ebitda": 50400000, "ebitdaratio": 0.293877551, "operatingIncome": 30500000, "operatingIncomeRatio": 0.1778425656, "totalOtherIncomeExpensesNet": -8200000, "incomeBeforeTax": 18300000, "incomeBeforeTaxRatio": 0.1067055394, "incomeTaxExpense": 1000000, "netIncome": 17300000, "netIncomeRatio": 0.1008746356, "eps": 0.21, "epsdiluted": 0.21, "weightedAverageShsOut": 84390244, "weightedAverageShsOutDil": 84390244, "link": "", "finalLink": "", "calculatedOtherExpenses": 11700000, "calculatedOperatingExpenses": 37600000, "calculatedNetInterest": 0, "calculatedOtherIncome": -12200000, "calculatedIncomeNonControlling": 0, "calculatedEbitda": 42200000}, {"date": "1987-12-31", "symbol": "PII", "reportedCurrency": "USD", "cik": "0000931015", "fillingDate": "1987-12-31", "acceptedDate": "1987-12-30 19:00:00", "calendarYear": "1987", "period": "FY", "revenue": 44600000, "costOfRevenue": 30300000, "grossProfit": 14300000, "grossProfitRatio": 0.3206278027, "researchAndDevelopmentExpenses": 0, "generalAndAdministrativeExpenses": 0, "sellingAndMarketingExpenses": 0, "sellingGeneralAndAdministrativeExpenses": 8600000, "otherExpenses": 2500000, "operatingExpenses": 11100000, "costAndExpenses": 41400000, "interestIncome": 0, "interestExpense": 0, "depreciationAndAmortization": 2500000, "ebitda": 5500000, "ebitdaratio": 0.1233183857, "operatingIncome": 3200000, "operatingIncomeRatio": 0.0717488789, "totalOtherIncomeExpensesNet": 200000, "incomeBeforeTax": 3400000, "incomeBeforeTaxRatio": 0.0762331839, "incomeTaxExpense": 1800000, "netIncome": 1400000, "netIncomeRatio": 0.0313901345, "eps": 0.02, "epsdiluted": 0.02, "weightedAverageShsOut": 70000000, "weightedAverageShsOutDil": 70000000, "link": "", "finalLink": "", "calculatedOtherExpenses": 2500000, "calculatedOperatingExpenses": 11100000, "calculatedNetInterest": 0, "calculatedOtherIncome": 200000, "calculatedIncomeNonControlling": 200000, "calculatedEbitda": 5700000}]}