{"originalCurrency": "USD", "convertedCurrency": "USD", "report": [{"date": "2023-06-30", "symbol": "PINC", "reportedCurrency": "USD", "cik": "0001577916", "fillingDate": "2023-08-23", "acceptedDate": "2023-08-22 19:06:38", "calendarYear": "2023", "period": "FY", "revenue": 1336095000, "costOfRevenue": 439806000, "grossProfit": 896289000, "grossProfitRatio": 0.670827299, "researchAndDevelopmentExpenses": 4540000, "generalAndAdministrativeExpenses": 611035000, "sellingAndMarketingExpenses": -9481000, "sellingGeneralAndAdministrativeExpenses": 601554000, "otherExpenses": 6307000, "operatingExpenses": 654196000, "costAndExpenses": 1094002000, "interestIncome": 14470000, "interestExpense": 14470000, "depreciationAndAmortization": 133793000, "ebitda": 398261000, "ebitdaratio": 0.2980783552, "operatingIncome": 242093000, "operatingIncomeRatio": 0.181194451, "totalOtherIncomeExpensesNet": 22375000, "incomeBeforeTax": 249998000, "incomeBeforeTaxRatio": 0.1871109465, "incomeTaxExpense": 75111000, "netIncome": 175026000, "netIncomeRatio": 0.13099817, "eps": 1.47, "epsdiluted": 1.46, "weightedAverageShsOut": 118767000, "weightedAverageShsOutDil": 119889000, "link": "https://www.sec.gov/Archives/edgar/data/1577916/000157791623000014/0001577916-23-000014-index.htm", "finalLink": "https://www.sec.gov/Archives/edgar/data/1577916/000157791623000014/pinc-20230630.htm", "calculatedOtherExpenses": 48102000, "calculatedOperatingExpenses": 654196000, "calculatedNetInterest": 0, "calculatedOtherIncome": 7905000, "calculatedIncomeNonControlling": -139000, "calculatedEbitda": 375886000}, {"date": "2022-06-30", "symbol": "PINC", "reportedCurrency": "USD", "cik": "0001577916", "fillingDate": "2022-08-16", "acceptedDate": "2022-08-16 16:11:20", "calendarYear": "2022", "period": "FY", "revenue": 1432901000, "costOfRevenue": 547862000, "grossProfit": 885039000, "grossProfitRatio": 0.6176553719, "researchAndDevelopmentExpenses": 4151000, "generalAndAdministrativeExpenses": 601128000, "sellingAndMarketingExpenses": -24249000, "sellingGeneralAndAdministrativeExpenses": 576879000, "otherExpenses": 43936000, "operatingExpenses": 624966000, "costAndExpenses": 1172828000, "interestIncome": 11142000, "interestExpense": 11142000, "depreciationAndAmortization": 142966000, "ebitda": 403039000, "ebitdaratio": 0.2812748403, "operatingIncome": 260073000, "operatingIncomeRatio": 0.1815010248, "totalOtherIncomeExpensesNet": 66827000, "incomeBeforeTax": 326900000, "incomeBeforeTaxRatio": 0.2281385804, "incomeTaxExpense": 58582000, "netIncome": 265867000, "netIncomeRatio": 0.1855445701, "eps": 2.21, "epsdiluted": 2.19, "weightedAverageShsOut": 120220000, "weightedAverageShsOutDil": 121668000, "link": "https://www.sec.gov/Archives/edgar/data/1577916/000157791622000010/0001577916-22-000010-index.htm", "finalLink": "https://www.sec.gov/Archives/edgar/data/1577916/000157791622000010/pinc-20220630.htm", "calculatedOtherExpenses": 43936000, "calculatedOperatingExpenses": 624966000, "calculatedNetInterest": 0, "calculatedOtherIncome": 66827000, "calculatedIncomeNonControlling": 2451000, "calculatedEbitda": 403039000}, {"date": "2021-06-30", "symbol": "PINC", "reportedCurrency": "USD", "cik": "0001577916", "fillingDate": "2021-08-17", "acceptedDate": "2021-08-17 16:24:18", "calendarYear": "2021", "period": "FY", "revenue": 1721152000, "costOfRevenue": 883818000, "grossProfit": 837334000, "grossProfitRatio": 0.4864962537, "researchAndDevelopmentExpenses": 3338000, "generalAndAdministrativeExpenses": 572700000, "sellingAndMarketingExpenses": -40374000, "sellingGeneralAndAdministrativeExpenses": 532326000, "otherExpenses": 44753000, "operatingExpenses": 580417000, "costAndExpenses": 1464235000, "interestIncome": 11964000, "interestExpense": 11964000, "depreciationAndAmortization": 154102000, "ebitda": 411019000, "ebitdaratio": 0.2388045913, "operatingIncome": 256917000, "operatingIncomeRatio": 0.1492703724, "totalOtherIncomeExpensesNet": -6276000, "incomeBeforeTax": 250641000, "incomeBeforeTaxRatio": 0.1456239774, "incomeTaxExpense": -53943000, "netIncome": 287522000, "netIncomeRatio": 0.1670520675, "eps": 2.24, "epsdiluted": 2.22, "weightedAverageShsOut": 116527000, "weightedAverageShsOutDil": 117532000, "link": "https://www.sec.gov/Archives/edgar/data/1577916/000157791621000009/0001577916-21-000009-index.htm", "finalLink": "https://www.sec.gov/Archives/edgar/data/1577916/000157791621000009/pinc-20210630.htm", "calculatedOtherExpenses": 44753000, "calculatedOperatingExpenses": 580417000, "calculatedNetInterest": 0, "calculatedOtherIncome": -6276000, "calculatedIncomeNonControlling": 17062000, "calculatedEbitda": 411019000}, {"date": "2020-06-30", "symbol": "PINC", "reportedCurrency": "USD", "cik": "0001577916", "fillingDate": "2020-08-25", "acceptedDate": "2020-08-25 17:24:26", "calendarYear": "2020", "period": "FY", "revenue": 1299592000, "costOfRevenue": 432791000, "grossProfit": 866801000, "grossProfitRatio": 0.6669793289, "researchAndDevelopmentExpenses": 2376000, "generalAndAdministrativeExpenses": 670593000, "sellingAndMarketingExpenses": -210734000, "sellingGeneralAndAdministrativeExpenses": 459859000, "otherExpenses": 30946000, "operatingExpenses": 493181000, "costAndExpenses": 925972000, "interestIncome": 0, "interestExpense": 11313000, "depreciationAndAmortization": 148137000, "ebitda": 521757000, "ebitdaratio": 0.4014775406, "operatingIncome": 373620000, "operatingIncomeRatio": 0.2874902277, "totalOtherIncomeExpensesNet": 10067000, "incomeBeforeTax": 383687000, "incomeBeforeTaxRatio": 0.295236505, "incomeTaxExpense": 92561000, "netIncome": 291126000, "netIncomeRatio": 0.2240133827, "eps": 4.34, "epsdiluted": 2.36, "weightedAverageShsOut": 67035000, "weightedAverageShsOutDil": 123614000, "link": "https://www.sec.gov/Archives/edgar/data/1577916/000157791620000012/0001577916-20-000012-index.htm", "finalLink": "https://www.sec.gov/Archives/edgar/data/1577916/000157791620000012/pinc-20200630x10k.htm", "calculatedOtherExpenses": 30946000, "calculatedOperatingExpenses": 493181000, "calculatedNetInterest": -11313000, "calculatedOtherIncome": 21380000, "calculatedIncomeNonControlling": 0, "calculatedEbitda": 521757000}, {"date": "2019-06-30", "symbol": "PINC", "reportedCurrency": "USD", "cik": "0001577916", "fillingDate": "2019-08-23", "acceptedDate": "2019-08-23 07:06:49", "calendarYear": "2019", "period": "FY", "revenue": 1217638000, "costOfRevenue": 355630000, "grossProfit": 862008000, "grossProfitRatio": 0.7079345421, "researchAndDevelopmentExpenses": 1224000, "generalAndAdministrativeExpenses": 662462000, "sellingAndMarketingExpenses": -223477000, "sellingGeneralAndAdministrativeExpenses": 438985000, "otherExpenses": 53285000, "operatingExpenses": 493494000, "costAndExpenses": 849124000, "interestIncome": 0, "interestExpense": 2471000, "depreciationAndAmortization": 146845000, "ebitda": 515359000, "ebitdaratio": 0.4232448396, "operatingIncome": 368514000, "operatingIncomeRatio": 0.3026465994, "totalOtherIncomeExpensesNet": -375000, "incomeBeforeTax": 368139000, "incomeBeforeTaxRatio": 0.3023386261, "incomeTaxExpense": 33462000, "netIncome": 334677000, "netIncomeRatio": 0.2748575521, "eps": 5.65, "epsdiluted": 5.65, "weightedAverageShsOut": 59188000, "weightedAverageShsOutDil": 59188000, "link": "https://www.sec.gov/Archives/edgar/data/1577916/000157791619000019/0001577916-19-000019-index.htm", "finalLink": "https://www.sec.gov/Archives/edgar/data/1577916/000157791619000019/pinc-20190630x10k.htm", "calculatedOtherExpenses": 53285000, "calculatedOperatingExpenses": 493494000, "calculatedNetInterest": -2471000, "calculatedOtherIncome": 2096000, "calculatedIncomeNonControlling": 0, "calculatedEbitda": 515359000}, {"date": "2018-06-30", "symbol": "PINC", "reportedCurrency": "USD", "cik": "0001577916", "fillingDate": "2018-08-23", "acceptedDate": "2018-08-22 18:24:06", "calendarYear": "2018", "period": "FY", "revenue": 1661256000, "costOfRevenue": 798291000, "grossProfit": 862965000, "grossProfitRatio": 0.5194653925, "researchAndDevelopmentExpenses": 1423000, "generalAndAdministrativeExpenses": 443639000, "sellingAndMarketingExpenses": 4000000, "sellingGeneralAndAdministrativeExpenses": 443639000, "otherExpenses": -16324000, "operatingExpenses": 323335000, "costAndExpenses": 1121626000, "interestIncome": -5300000, "interestExpense": 5300000, "depreciationAndAmortization": 126759000, "ebitda": 668765000, "ebitdaratio": 0.4025658899, "operatingIncome": 539630000, "operatingIncomeRatio": 0.3248325363, "totalOtherIncomeExpensesNet": -17526000, "incomeBeforeTax": 516804000, "incomeBeforeTaxRatio": 0.3110923301, "incomeTaxExpense": 259234000, "netIncome": 33301000, "netIncomeRatio": 0.0200456763, "eps": 0.24, "epsdiluted": 0.24, "weightedAverageShsOut": 137340000, "weightedAverageShsOutDil": 137340000, "link": "https://www.sec.gov/Archives/edgar/data/1577916/000157791618000020/0001577916-18-000020-index.htm", "finalLink": "https://www.sec.gov/Archives/edgar/data/1577916/000157791618000020/pinc-20180630x10k.htm", "calculatedOtherExpenses": -121727000, "calculatedOperatingExpenses": 323335000, "calculatedNetInterest": -10600000, "calculatedOtherIncome": -12226000, "calculatedIncomeNonControlling": 224269000, "calculatedEbitda": 666389000}, {"date": "2017-06-30", "symbol": "PINC", "reportedCurrency": "USD", "cik": "0001577916", "fillingDate": "2017-08-23", "acceptedDate": "2017-08-22 18:17:04", "calendarYear": "2017", "period": "FY", "revenue": 1454673000, "costOfRevenue": 680048000, "grossProfit": 774625000, "grossProfitRatio": 0.5325079932, "researchAndDevelopmentExpenses": 3107000, "generalAndAdministrativeExpenses": 405471000, "sellingAndMarketingExpenses": 3300000, "sellingGeneralAndAdministrativeExpenses": 405471000, "otherExpenses": 614000, "operatingExpenses": 456905000, "costAndExpenses": 1136953000, "interestIncome": -4512000, "interestExpense": 4512000, "depreciationAndAmortization": 107211000, "ebitda": 222207000, "ebitdaratio": 0.1527539179, "operatingIncome": 317720000, "operatingIncomeRatio": 0.2184133479, "totalOtherIncomeExpensesNet": 218083000, "incomeBeforeTax": 531291000, "incomeBeforeTaxRatio": 0.3652305363, "incomeTaxExpense": 81814000, "netIncome": 113425000, "netIncomeRatio": 0.0779728503, "eps": 1.54, "epsdiluted": 1.51, "weightedAverageShsOut": 49654000, "weightedAverageShsOutDil": 50374000, "link": "https://www.sec.gov/Archives/edgar/data/1577916/000157791617000018/0001577916-17-000018-index.htm", "finalLink": "https://www.sec.gov/Archives/edgar/data/1577916/000157791617000018/pinc-20170630x10k.htm", "calculatedOtherExpenses": 48327000, "calculatedOperatingExpenses": 456905000, "calculatedNetInterest": -9024000, "calculatedOtherIncome": 222595000, "calculatedIncomeNonControlling": 336052000, "calculatedEbitda": 424931000}, {"date": "2016-06-30", "symbol": "PINC", "reportedCurrency": "USD", "cik": "0001577916", "fillingDate": "2016-08-26", "acceptedDate": "2016-08-25 18:59:06", "calendarYear": "2016", "period": "FY", "revenue": 1162594000, "costOfRevenue": 457056000, "grossProfit": 705538000, "grossProfitRatio": 0.6068653373, "researchAndDevelopmentExpenses": 2925000, "generalAndAdministrativeExpenses": 403611000, "sellingAndMarketingExpenses": 3300000, "sellingGeneralAndAdministrativeExpenses": 403611000, "otherExpenses": -1692000, "operatingExpenses": 439590000, "costAndExpenses": 896646000, "interestIncome": 0, "interestExpense": 1021000, "depreciationAndAmortization": 84156000, "ebitda": 350104000, "ebitdaratio": 0.3011403809, "operatingIncome": 265948000, "operatingIncomeRatio": 0.228753976, "totalOtherIncomeExpensesNet": 19955000, "incomeBeforeTax": 284882000, "incomeBeforeTaxRatio": 0.245039971, "incomeTaxExpense": 49721000, "netIncome": 41614000, "netIncomeRatio": 0.0357940949, "eps": 19.32, "epsdiluted": 0.97, "weightedAverageShsOut": 42368000, "weightedAverageShsOutDil": 145308000, "link": "https://www.sec.gov/Archives/edgar/data/1577916/000157791616000029/0001577916-16-000029-index.htm", "finalLink": "https://www.sec.gov/Archives/edgar/data/1577916/000157791616000029/pinc-2016630x10k.htm", "calculatedOtherExpenses": 33054000, "calculatedOperatingExpenses": 439590000, "calculatedNetInterest": -1021000, "calculatedOtherIncome": 19955000, "calculatedIncomeNonControlling": 193547000, "calculatedEbitda": 350104000}, {"date": "2015-06-30", "symbol": "PINC", "reportedCurrency": "USD", "cik": "0001577916", "fillingDate": "2015-08-26", "acceptedDate": "2015-08-26 15:02:41", "calendarYear": "2015", "period": "FY", "revenue": 1007029000, "costOfRevenue": 396910000, "grossProfit": 610119000, "grossProfitRatio": 0.6058604072, "researchAndDevelopmentExpenses": 2937000, "generalAndAdministrativeExpenses": 332004000, "sellingAndMarketingExpenses": 2200000, "sellingGeneralAndAdministrativeExpenses": 332004000, "otherExpenses": -823000, "operatingExpenses": 344077000, "costAndExpenses": 740987000, "interestIncome": 0, "interestExpense": -866000, "depreciationAndAmortization": 54322000, "ebitda": 336607000, "ebitdaratio": 0.334257504, "operatingIncome": 266042000, "operatingIncomeRatio": 0.2641850433, "totalOtherIncomeExpensesNet": 4219000, "incomeBeforeTax": 271127000, "incomeBeforeTaxRatio": 0.2692345503, "incomeTaxExpense": 36342000, "netIncome": 38743000, "netIncomeRatio": 0.0384725763, "eps": -24.25, "epsdiluted": -24.25, "weightedAverageShsOut": 35681000, "weightedAverageShsOutDil": 35681000, "link": "https://www.sec.gov/Archives/edgar/data/1577916/000157791615000009/0001577916-15-000009-index.htm", "finalLink": "https://www.sec.gov/Archives/edgar/data/1577916/000157791615000009/pinc-2015630x10k.htm", "calculatedOtherExpenses": 9136000, "calculatedOperatingExpenses": 344077000, "calculatedNetInterest": 866000, "calculatedOtherIncome": 4219000, "calculatedIncomeNonControlling": 196042000, "calculatedEbitda": 320364000}, {"date": "2014-06-30", "symbol": "PINC", "reportedCurrency": "USD", "cik": "0001577916", "fillingDate": "2014-09-04", "acceptedDate": "2014-09-04 16:35:03", "calendarYear": "2014", "period": "FY", "revenue": 910549000, "costOfRevenue": 307625000, "grossProfit": 602924000, "grossProfitRatio": 0.6621543706, "researchAndDevelopmentExpenses": 3389000, "generalAndAdministrativeExpenses": 294421000, "sellingAndMarketingExpenses": 1700000, "sellingGeneralAndAdministrativeExpenses": 294421000, "otherExpenses": 1907000, "operatingExpenses": 300872000, "costAndExpenses": 608497000, "interestIncome": 1019000, "interestExpense": -1019000, "depreciationAndAmortization": 39823000, "ebitda": 303503000, "ebitdaratio": 0.3333186902, "operatingIncome": 302052000, "operatingIncomeRatio": 0.331725146, "totalOtherIncomeExpensesNet": 57255000, "incomeBeforeTax": 360326000, "incomeBeforeTaxRatio": 0.3957238984, "incomeTaxExpense": 27709000, "netIncome": 28332000, "netIncomeRatio": 0.0311152942, "eps": -105.85, "epsdiluted": -105.85, "weightedAverageShsOut": 25633000, "weightedAverageShsOutDil": 25633000, "link": "https://www.sec.gov/Archives/edgar/data/1577916/000157791614000018/0001577916-14-000018-index.htm", "finalLink": "https://www.sec.gov/Archives/edgar/data/1577916/000157791614000018/pinc-2014630x10k.htm", "calculatedOtherExpenses": 3062000, "calculatedOperatingExpenses": 300872000, "calculatedNetInterest": 2038000, "calculatedOtherIncome": 56236000, "calculatedIncomeNonControlling": 304285000, "calculatedEbitda": 341875000}, {"date": "2013-06-30", "symbol": "PINC", "reportedCurrency": "USD", "cik": "0001577916", "fillingDate": "2013-06-30", "acceptedDate": "2013-06-29 20:00:00", "calendarYear": "2013", "period": "FY", "revenue": 869290000, "costOfRevenue": 237413000, "grossProfit": 631877000, "grossProfitRatio": 0.7268886102, "researchAndDevelopmentExpenses": 9370000, "generalAndAdministrativeExpenses": 246901000, "sellingAndMarketingExpenses": 1400000, "sellingGeneralAndAdministrativeExpenses": 248301000, "otherExpenses": 249840000, "operatingExpenses": 259210000, "costAndExpenses": 496623000, "interestIncome": 965000, "interestExpense": 0, "depreciationAndAmortization": 29220000, "ebitda": 402675000, "ebitdaratio": 0.46322286, "operatingIncome": 372667000, "operatingIncomeRatio": 0.4287027344, "totalOtherIncomeExpensesNet": 11180000, "incomeBeforeTax": 384812000, "incomeBeforeTaxRatio": 0.4426739063, "incomeTaxExpense": 9726000, "netIncome": 7376000, "netIncomeRatio": 0.0084850855, "eps": 0.26, "epsdiluted": 0.26, "weightedAverageShsOut": 28151958, "weightedAverageShsOutDil": 28151958, "link": "", "finalLink": "", "calculatedOtherExpenses": 1539000, "calculatedOperatingExpenses": 259210000, "calculatedNetInterest": 965000, "calculatedOtherIncome": 11180000, "calculatedIncomeNonControlling": 367710000, "calculatedEbitda": 401887000}, {"date": "2012-06-30", "symbol": "PINC", "reportedCurrency": "USD", "cik": "0001577916", "fillingDate": "2012-06-30", "acceptedDate": "2012-06-29 20:00:00", "calendarYear": "2012", "period": "FY", "revenue": 768285000, "costOfRevenue": 189719000, "grossProfit": 578566000, "grossProfitRatio": 0.7530616893, "researchAndDevelopmentExpenses": 12583000, "generalAndAdministrativeExpenses": 0, "sellingAndMarketingExpenses": 0, "sellingGeneralAndAdministrativeExpenses": 240748000, "otherExpenses": -188000, "operatingExpenses": 256477000, "costAndExpenses": 446196000, "interestIncome": 0, "interestExpense": -874000, "depreciationAndAmortization": 25398000, "ebitda": 347487000, "ebitdaratio": 0.4522891896, "operatingIncome": 322089000, "operatingIncomeRatio": 0.4192311447, "totalOtherIncomeExpensesNet": 11934000, "incomeBeforeTax": 334897000, "incomeBeforeTaxRatio": 0.4359020416, "incomeTaxExpense": 8229000, "netIncome": 3937000, "netIncomeRatio": 0.0051244005, "eps": 0.14, "epsdiluted": 0.14, "weightedAverageShsOut": 28151958, "weightedAverageShsOutDil": 28151958, "link": "", "finalLink": "", "calculatedOtherExpenses": 3146000, "calculatedOperatingExpenses": 256477000, "calculatedNetInterest": 874000, "calculatedOtherIncome": 11934000, "calculatedIncomeNonControlling": 322731000, "calculatedEbitda": 347487000}, {"date": "2011-06-30", "symbol": "PINC", "reportedCurrency": "USD", "cik": "0001577916", "fillingDate": "2011-06-30", "acceptedDate": "2011-06-29 20:00:00", "calendarYear": "2011", "period": "FY", "revenue": 680758000, "costOfRevenue": 119875000, "grossProfit": 560883000, "grossProfitRatio": 0.8239095244, "researchAndDevelopmentExpenses": 8685000, "generalAndAdministrativeExpenses": 0, "sellingAndMarketingExpenses": 0, "sellingGeneralAndAdministrativeExpenses": 242863000, "otherExpenses": 246326000, "operatingExpenses": 255011000, "costAndExpenses": 374886000, "interestIncome": 1045000, "interestExpense": 0, "depreciationAndAmortization": 22987000, "ebitda": 329639000, "ebitdaratio": 0.4842234685, "operatingIncome": 305872000, "operatingIncomeRatio": 0.4493109152, "totalOtherIncomeExpensesNet": 10047000, "incomeBeforeTax": 316964000, "incomeBeforeTaxRatio": 0.4656045173, "incomeTaxExpense": 4704000, "netIncome": 2420000, "netIncomeRatio": 0.0035548609, "eps": 0.086, "epsdiluted": 0.086, "weightedAverageShsOut": 28151958, "weightedAverageShsOutDil": 28151958, "link": "", "finalLink": "", "calculatedOtherExpenses": 3463000, "calculatedOperatingExpenses": 255011000, "calculatedNetInterest": 1045000, "calculatedOtherIncome": 10047000, "calculatedIncomeNonControlling": 309840000, "calculatedEbitda": 328859000}]}