{"originalCurrency": "USD", "convertedCurrency": "USD", "report": [{"date": "2023-12-31", "symbol": "PIPR", "reportedCurrency": "USD", "cik": "0001230245", "fillingDate": "2024-02-26", "acceptedDate": "2024-02-26 14:35:34", "calendarYear": "2023", "period": "FY", "revenue": 1364329000, "costOfRevenue": 137287000, "grossProfit": 1227042000, "grossProfitRatio": 0.899373978, "researchAndDevelopmentExpenses": 0, "generalAndAdministrativeExpenses": 897034000, "sellingAndMarketingExpenses": 37734000, "sellingGeneralAndAdministrativeExpenses": 934768000, "otherExpenses": -1086561000, "operatingExpenses": 1086561000, "costAndExpenses": 1223848000, "interestIncome": 26723000, "interestExpense": 10146000, "depreciationAndAmortization": 37372000, "ebitda": 177853000, "ebitdaratio": 0.1303593195, "operatingIncome": 140481000, "operatingIncomeRatio": 0.1029670996, "totalOtherIncomeExpensesNet": -17895000, "incomeBeforeTax": 122586000, "incomeBeforeTaxRatio": 0.0898507618, "incomeTaxExpense": 23613000, "netIncome": 85491000, "netIncomeRatio": 0.0626615721, "eps": 5.72, "epsdiluted": 4.96, "weightedAverageShsOut": 14958000, "weightedAverageShsOutDil": 17224000, "link": "https://www.sec.gov/Archives/edgar/data/1230245/000123024524000038/0001230245-24-000038-index.htm", "finalLink": "https://www.sec.gov/Archives/edgar/data/1230245/000123024524000038/pipr-20231231.htm", "calculatedOtherExpenses": 151793000, "calculatedOperatingExpenses": 1086561000, "calculatedNetInterest": 16577000, "calculatedOtherIncome": -34472000, "calculatedIncomeNonControlling": 13482000, "calculatedEbitda": 177853000}, {"date": "2022-12-31", "symbol": "PIPR", "reportedCurrency": "USD", "cik": "0001230245", "fillingDate": "2023-02-24", "acceptedDate": "2023-02-24 12:25:56", "calendarYear": "2022", "period": "FY", "revenue": 1373579000, "costOfRevenue": 1065792000, "grossProfit": 307787000, "grossProfitRatio": 0.224076664, "researchAndDevelopmentExpenses": 0, "generalAndAdministrativeExpenses": 983524000, "sellingAndMarketingExpenses": 42849000, "sellingGeneralAndAdministrativeExpenses": 1026373000, "otherExpenses": -1140036000, "operatingExpenses": 42849000, "costAndExpenses": 1108641000, "interestIncome": 20365000, "interestExpense": 9480000, "depreciationAndAmortization": 15375000, "ebitda": 184357000, "ebitdaratio": 0.1342165249, "operatingIncome": 168982000, "operatingIncomeRatio": 0.1230231388, "totalOtherIncomeExpensesNet": -34613000, "incomeBeforeTax": 134369000, "incomeBeforeTaxRatio": 0.0978240058, "incomeTaxExpense": 33189000, "netIncome": 110674000, "netIncomeRatio": 0.0805734508, "eps": 7.92, "epsdiluted": 6.52, "weightedAverageShsOut": 13982000, "weightedAverageShsOutDil": 16965000, "link": "https://www.sec.gov/Archives/edgar/data/1230245/000123024523000033/0001230245-23-000033-index.htm", "finalLink": "https://www.sec.gov/Archives/edgar/data/1230245/000123024523000033/pipr-20221231.htm", "calculatedOtherExpenses": -887568000, "calculatedOperatingExpenses": 138805000, "calculatedNetInterest": 10885000, "calculatedOtherIncome": -45498000, "calculatedIncomeNonControlling": -9494000, "calculatedEbitda": 184357000}, {"date": "2021-12-31", "symbol": "PIPR", "reportedCurrency": "USD", "cik": "0001230245", "fillingDate": "2022-02-25", "acceptedDate": "2022-02-25 12:26:31", "calendarYear": "2021", "period": "FY", "revenue": 1971607000, "costOfRevenue": 1384439000, "grossProfit": 587168000, "grossProfitRatio": 0.2978118864, "researchAndDevelopmentExpenses": 0, "generalAndAdministrativeExpenses": 1305166000, "sellingAndMarketingExpenses": 20902000, "sellingGeneralAndAdministrativeExpenses": 1326068000, "otherExpenses": -2908017000, "operatingExpenses": -1581949000, "costAndExpenses": -1581949000, "interestIncome": 6967000, "interestExpense": 10734000, "depreciationAndAmortization": 30080000, "ebitda": 419738000, "ebitdaratio": 0.2128913115, "operatingIncome": 389658000, "operatingIncomeRatio": 0.1976347213, "totalOtherIncomeExpensesNet": 51854000, "incomeBeforeTax": 441512000, "incomeBeforeTaxRatio": 0.2239350946, "incomeTaxExpense": 111144000, "netIncome": 278514000, "netIncomeRatio": 0.1412624321, "eps": 19.52, "epsdiluted": 16.43, "weightedAverageShsOut": 14265000, "weightedAverageShsOutDil": 16955000, "link": "https://www.sec.gov/Archives/edgar/data/1230245/000123024522000039/0001230245-22-000039-index.htm", "finalLink": "https://www.sec.gov/Archives/edgar/data/1230245/000123024522000039/pipr-20211231.htm", "calculatedOtherExpenses": -1128558000, "calculatedOperatingExpenses": 197510000, "calculatedNetInterest": -3767000, "calculatedOtherIncome": 55621000, "calculatedIncomeNonControlling": 51854000, "calculatedEbitda": 419738000}, {"date": "2020-12-31", "symbol": "PIPR", "reportedCurrency": "USD", "cik": "0001230245", "fillingDate": "2021-02-25", "acceptedDate": "2021-02-25 14:55:16", "calendarYear": "2020", "period": "FY", "revenue": 1181207000, "costOfRevenue": 960969000, "grossProfit": 220238000, "grossProfitRatio": 0.186451655, "researchAndDevelopmentExpenses": 0, "generalAndAdministrativeExpenses": 877462000, "sellingAndMarketingExpenses": 13472000, "sellingGeneralAndAdministrativeExpenses": 890934000, "otherExpenses": -2012445000, "operatingExpenses": -1121511000, "costAndExpenses": -1121511000, "interestIncome": 13164000, "interestExpense": 14445000, "depreciationAndAmortization": 44728000, "ebitda": 104424000, "ebitdaratio": 0.088404488, "operatingIncome": 59696000, "operatingIncomeRatio": 0.050538136, "totalOtherIncomeExpensesNet": 8852000, "incomeBeforeTax": 68548000, "incomeBeforeTaxRatio": 0.0580321654, "incomeTaxExpense": 19192000, "netIncome": 40504000, "netIncomeRatio": 0.0342903488, "eps": 2.94, "epsdiluted": 2.72, "weightedAverageShsOut": 13781000, "weightedAverageShsOutDil": 14901000, "link": "https://www.sec.gov/Archives/edgar/data/1230245/000123024521000030/0001230245-21-000030-index.htm", "finalLink": "https://www.sec.gov/Archives/edgar/data/1230245/000123024521000030/pipr-20201231.htm", "calculatedOtherExpenses": -730392000, "calculatedOperatingExpenses": 160542000, "calculatedNetInterest": -1281000, "calculatedOtherIncome": 10133000, "calculatedIncomeNonControlling": 8852000, "calculatedEbitda": 104424000}, {"date": "2019-12-31", "symbol": "PIPR", "reportedCurrency": "USD", "cik": "0001230245", "fillingDate": "2020-02-28", "acceptedDate": "2020-02-28 10:50:38", "calendarYear": "2019", "period": "FY", "revenue": 798557000, "costOfRevenue": 85851000, "grossProfit": 712706000, "grossProfitRatio": 0.892492333, "researchAndDevelopmentExpenses": 0, "generalAndAdministrativeExpenses": 516090000, "sellingAndMarketingExpenses": 28780000, "sellingGeneralAndAdministrativeExpenses": 544870000, "otherExpenses": -1207139000, "operatingExpenses": -662269000, "costAndExpenses": -662269000, "interestIncome": 26741000, "interestExpense": 11733000, "depreciationAndAmortization": 4298000, "ebitda": 140586000, "ebitdaratio": 0.1760500503, "operatingIncome": 136288000, "operatingIncomeRatio": 0.1706678421, "totalOtherIncomeExpensesNet": -17309000, "incomeBeforeTax": 118979000, "incomeBeforeTaxRatio": 0.1489924952, "incomeTaxExpense": 24577000, "netIncome": 111711000, "netIncomeRatio": 0.1398910785, "eps": 5.47, "epsdiluted": 5.32, "weightedAverageShsOut": 13555000, "weightedAverageShsOutDil": 13937000, "link": "https://www.sec.gov/Archives/edgar/data/1230245/000123024520000031/0001230245-20-000031-index.htm", "finalLink": "https://www.sec.gov/Archives/edgar/data/1230245/000123024520000031/pscq4201910k.htm", "calculatedOtherExpenses": 31548000, "calculatedOperatingExpenses": 576418000, "calculatedNetInterest": 15008000, "calculatedOtherIncome": -32317000, "calculatedIncomeNonControlling": -17309000, "calculatedEbitda": 140586000}, {"date": "2018-12-31", "symbol": "PIPR", "reportedCurrency": "USD", "cik": "0001230245", "fillingDate": "2019-02-26", "acceptedDate": "2019-02-26 14:58:49", "calendarYear": "2018", "period": "FY", "revenue": 751308000, "costOfRevenue": 561246000, "grossProfit": 190062000, "grossProfitRatio": 0.2529748119, "researchAndDevelopmentExpenses": 0, "generalAndAdministrativeExpenses": 512847000, "sellingAndMarketingExpenses": 29377000, "sellingGeneralAndAdministrativeExpenses": 542224000, "otherExpenses": -6936000, "operatingExpenses": 640000000, "costAndExpenses": 640000000, "interestIncome": 32749000, "interestExpense": 16551000, "depreciationAndAmortization": 10460000, "ebitda": 111452000, "ebitdaratio": 0.1483439548, "operatingIncome": 92634000, "operatingIncomeRatio": 0.1232969701, "totalOtherIncomeExpensesNet": -17757000, "incomeBeforeTax": 74877000, "incomeBeforeTaxRatio": 0.0996621891, "incomeTaxExpense": 19047000, "netIncome": 57036000, "netIncomeRatio": 0.0759156032, "eps": 4.31, "epsdiluted": 4.25, "weightedAverageShsOut": 13234000, "weightedAverageShsOutDil": 13425000, "link": "https://www.sec.gov/Archives/edgar/data/1230245/000123024519000025/0001230245-19-000025-index.htm", "finalLink": "https://www.sec.gov/Archives/edgar/data/1230245/000123024519000025/pjcq4201810k.htm", "calculatedOtherExpenses": -444796000, "calculatedOperatingExpenses": 97428000, "calculatedNetInterest": 16198000, "calculatedOtherIncome": -33955000, "calculatedIncomeNonControlling": -1206000, "calculatedEbitda": 103094000}, {"date": "2017-12-31", "symbol": "PIPR", "reportedCurrency": "USD", "cik": "0001230245", "fillingDate": "2018-02-26", "acceptedDate": "2018-02-26 16:54:46", "calendarYear": "2017", "period": "FY", "revenue": 866757000, "costOfRevenue": 663194000, "grossProfit": 203563000, "grossProfitRatio": 0.2348559054, "researchAndDevelopmentExpenses": 0, "generalAndAdministrativeExpenses": 617635000, "sellingAndMarketingExpenses": 31293000, "sellingGeneralAndAdministrativeExpenses": 648928000, "otherExpenses": 15003000, "operatingExpenses": 740000000, "costAndExpenses": 694487000, "interestIncome": 31954000, "interestExpense": 20268000, "depreciationAndAmortization": 15400000, "ebitda": 11210000, "ebitdaratio": 0.0129332673, "operatingIncome": 200704000, "operatingIncomeRatio": 0.2315574031, "totalOtherIncomeExpensesNet": -230027000, "incomeBeforeTax": -29323000, "incomeBeforeTaxRatio": -0.0338307046, "incomeTaxExpense": 30229000, "netIncome": -61939000, "netIncomeRatio": -0.0714606285, "eps": -4.84, "epsdiluted": -4.77, "weightedAverageShsOut": 12807000, "weightedAverageShsOutDil": 12978000, "link": "https://www.sec.gov/Archives/edgar/data/1230245/000123024518000034/0001230245-18-000034-index.htm", "finalLink": "https://www.sec.gov/Archives/edgar/data/1230245/000123024518000034/pjcq4201710k.htm", "calculatedOtherExpenses": -646069000, "calculatedOperatingExpenses": 2859000, "calculatedNetInterest": 11686000, "calculatedOtherIncome": -241713000, "calculatedIncomeNonControlling": 2387000, "calculatedEbitda": 216104000}, {"date": "2016-12-31", "symbol": "PIPR", "reportedCurrency": "USD", "cik": "0001230245", "fillingDate": "2017-02-24", "acceptedDate": "2017-02-24 13:55:38", "calendarYear": "2016", "period": "FY", "revenue": 739698000, "costOfRevenue": 556372000, "grossProfit": 183326000, "grossProfitRatio": 0.2478389829, "researchAndDevelopmentExpenses": 0, "generalAndAdministrativeExpenses": 510612000, "sellingAndMarketingExpenses": 30404000, "sellingGeneralAndAdministrativeExpenses": 541016000, "otherExpenses": 149418000, "operatingExpenses": 767000000, "costAndExpenses": 586776000, "interestIncome": 33074000, "interestExpense": 22525000, "depreciationAndAmortization": 27624000, "ebitda": 11069000, "ebitdaratio": 0.0149642151, "operatingIncome": 183098000, "operatingIncomeRatio": 0.247530749, "totalOtherIncomeExpensesNet": -213972000, "incomeBeforeTax": -30874000, "incomeBeforeTaxRatio": -0.0417386555, "incomeTaxExpense": -17128000, "netIncome": -21952000, "netIncomeRatio": -0.0296769763, "eps": -1.73, "epsdiluted": -1.72, "weightedAverageShsOut": 12674000, "weightedAverageShsOutDil": 12779000, "link": "https://www.sec.gov/Archives/edgar/data/1230245/000123024517000054/0001230245-17-000054-index.htm", "finalLink": "https://www.sec.gov/Archives/edgar/data/1230245/000123024517000054/pjcq4201610k.htm", "calculatedOtherExpenses": -540788000, "calculatedOperatingExpenses": 228000, "calculatedNetInterest": 10549000, "calculatedOtherIncome": -224521000, "calculatedIncomeNonControlling": 8206000, "calculatedEbitda": 210722000}, {"date": "2015-12-31", "symbol": "PIPR", "reportedCurrency": "USD", "cik": "0001230245", "fillingDate": "2016-02-25", "acceptedDate": "2016-02-25 15:20:54", "calendarYear": "2015", "period": "FY", "revenue": 665124000, "costOfRevenue": 470417000, "grossProfit": 194707000, "grossProfitRatio": 0.2927378955, "researchAndDevelopmentExpenses": 0, "generalAndAdministrativeExpenses": 421733000, "sellingAndMarketingExpenses": 29990000, "sellingGeneralAndAdministrativeExpenses": 451723000, "otherExpenses": 66503000, "operatingExpenses": 586000000, "costAndExpenses": 500407000, "interestIncome": 41557000, "interestExpense": 23399000, "depreciationAndAmortization": 7662000, "ebitda": 116135000, "ebitdaratio": 0.1746065395, "operatingIncome": 58482000, "operatingIncomeRatio": 0.0879264618, "totalOtherIncomeExpensesNet": 27941000, "incomeBeforeTax": 86423000, "incomeBeforeTaxRatio": 0.12993517, "incomeTaxExpense": 27941000, "netIncome": 52075000, "netIncomeRatio": 0.0782936716, "eps": 3.34, "epsdiluted": 3.34, "weightedAverageShsOut": 14368000, "weightedAverageShsOutDil": 14389000, "link": "https://www.sec.gov/Archives/edgar/data/1230245/000123024516000217/0001230245-16-000217-index.htm", "finalLink": "https://www.sec.gov/Archives/edgar/data/1230245/000123024516000217/pjc201510k.htm", "calculatedOtherExpenses": -315498000, "calculatedOperatingExpenses": 136225000, "calculatedNetInterest": 18158000, "calculatedOtherIncome": 9783000, "calculatedIncomeNonControlling": 6407000, "calculatedEbitda": 66144000}, {"date": "2014-12-31", "symbol": "PIPR", "reportedCurrency": "USD", "cik": "0001230245", "fillingDate": "2015-02-26", "acceptedDate": "2015-02-26 10:56:24", "calendarYear": "2014", "period": "FY", "revenue": 640517000, "costOfRevenue": 433887000, "grossProfit": 206630000, "grossProfitRatio": 0.3225987757, "researchAndDevelopmentExpenses": 0, "generalAndAdministrativeExpenses": 394510000, "sellingAndMarketingExpenses": 27260000, "sellingGeneralAndAdministrativeExpenses": 421770000, "otherExpenses": 48822000, "operatingExpenses": 538000000, "costAndExpenses": 461147000, "interestIncome": 48716000, "interestExpense": 25073000, "depreciationAndAmortization": 9272000, "ebitda": 138772000, "ebitdaratio": 0.2166562324, "operatingIncome": 74325000, "operatingIncomeRatio": 0.1160390747, "totalOtherIncomeExpensesNet": 35986000, "incomeBeforeTax": 110311000, "incomeBeforeTaxRatio": 0.1722218146, "incomeTaxExpense": 35986000, "netIncome": 63172000, "netIncomeRatio": 0.0986265782, "eps": 3.88, "epsdiluted": 3.87, "weightedAverageShsOut": 14971000, "weightedAverageShsOutDil": 15025000, "link": "https://www.sec.gov/Archives/edgar/data/1230245/000123024515000065/0001230245-15-000065-index.htm", "finalLink": "https://www.sec.gov/Archives/edgar/data/1230245/000123024515000065/pjc201410k.htm", "calculatedOtherExpenses": -289465000, "calculatedOperatingExpenses": 132305000, "calculatedNetInterest": 23643000, "calculatedOtherIncome": 12343000, "calculatedIncomeNonControlling": 11153000, "calculatedEbitda": 83597000}, {"date": "2013-12-31", "symbol": "PIPR", "reportedCurrency": "USD", "cik": "0001230245", "fillingDate": "2014-02-28", "acceptedDate": "2014-02-28 14:29:00", "calendarYear": "2013", "period": "FY", "revenue": 516925000, "costOfRevenue": 352614000, "grossProfit": 164311000, "grossProfitRatio": 0.3178623591, "researchAndDevelopmentExpenses": 0, "generalAndAdministrativeExpenses": 322464000, "sellingAndMarketingExpenses": 21603000, "sellingGeneralAndAdministrativeExpenses": 344067000, "otherExpenses": 43250000, "operatingExpenses": 450000000, "costAndExpenses": 374217000, "interestIncome": 50409000, "interestExpense": 25036000, "depreciationAndAmortization": 7993000, "ebitda": 104223000, "ebitdaratio": 0.2016211249, "operatingIncome": 55223000, "operatingIncomeRatio": 0.1068298109, "totalOtherIncomeExpensesNet": 20390000, "incomeBeforeTax": 75613000, "incomeBeforeTaxRatio": 0.1462746046, "incomeTaxExpense": 20390000, "netIncome": 45090000, "netIncomeRatio": 0.0872273541, "eps": 2.7, "epsdiluted": 2.7, "weightedAverageShsOut": 15046000, "weightedAverageShsOutDil": 15061000, "link": "https://www.sec.gov/Archives/edgar/data/1230245/000123024514000095/0001230245-14-000095-index.htm", "finalLink": "https://www.sec.gov/Archives/edgar/data/1230245/000123024514000095/pjc1231201310k.htm", "calculatedOtherExpenses": -234979000, "calculatedOperatingExpenses": 109088000, "calculatedNetInterest": 25373000, "calculatedOtherIncome": -4983000, "calculatedIncomeNonControlling": 10133000, "calculatedEbitda": 63216000}, {"date": "2012-12-31", "symbol": "PIPR", "reportedCurrency": "USD", "cik": "0001230245", "fillingDate": "2013-02-27", "acceptedDate": "2013-02-27 13:13:41", "calendarYear": "2012", "period": "FY", "revenue": 480898000, "costOfRevenue": 332852000, "grossProfit": 148046000, "grossProfitRatio": 0.3078532246, "researchAndDevelopmentExpenses": 0, "generalAndAdministrativeExpenses": 296882000, "sellingAndMarketingExpenses": 19908000, "sellingGeneralAndAdministrativeExpenses": 316790000, "otherExpenses": 46615000, "operatingExpenses": 420000000, "costAndExpenses": 352760000, "interestIncome": 48844000, "interestExpense": 29290000, "depreciationAndAmortization": 6944000, "ebitda": 104702000, "ebitdaratio": 0.2177218454, "operatingIncome": 49541000, "operatingIncomeRatio": 0.1030176877, "totalOtherIncomeExpensesNet": 19470000, "incomeBeforeTax": 69011000, "incomeBeforeTaxRatio": 0.1435044438, "incomeTaxExpense": 19470000, "netIncome": 41268000, "netIncomeRatio": 0.0858144555, "eps": 2.26, "epsdiluted": 2.26, "weightedAverageShsOut": 15615000, "weightedAverageShsOutDil": 15616000, "link": "https://www.sec.gov/Archives/edgar/data/1230245/000123024513000110/0001230245-13-000110-index.htm", "finalLink": "https://www.sec.gov/Archives/edgar/data/1230245/000123024513000110/pjc1231201210-k.htm", "calculatedOtherExpenses": -218285000, "calculatedOperatingExpenses": 98505000, "calculatedNetInterest": 19554000, "calculatedOtherIncome": -84000, "calculatedIncomeNonControlling": 8273000, "calculatedEbitda": 56485000}, {"date": "2011-12-31", "symbol": "PIPR", "reportedCurrency": "USD", "cik": "0001230245", "fillingDate": "2012-02-27", "acceptedDate": "2012-02-27 15:16:36", "calendarYear": "2011", "period": "FY", "revenue": 458125000, "costOfRevenue": 330983000, "grossProfit": 127142000, "grossProfitRatio": 0.2775268759, "researchAndDevelopmentExpenses": 0, "generalAndAdministrativeExpenses": 312601000, "sellingAndMarketingExpenses": 25031000, "sellingGeneralAndAdministrativeExpenses": 337632000, "otherExpenses": 174368000, "operatingExpenses": 512000000, "costAndExpenses": 356014000, "interestIncome": 55595000, "interestExpense": 31577000, "depreciationAndAmortization": 8276000, "ebitda": -43953000, "ebitdaratio": -0.0959410641, "operatingIncome": 133688000, "operatingIncomeRatio": 0.2918155525, "totalOtherIncomeExpensesNet": -223369000, "incomeBeforeTax": -89681000, "incomeBeforeTaxRatio": -0.1957566166, "incomeTaxExpense": 10876000, "netIncome": -102020000, "netIncomeRatio": -0.2226903138, "eps": -6.51, "epsdiluted": -6.51, "weightedAverageShsOut": 15672000, "weightedAverageShsOutDil": 15672000, "link": "https://www.sec.gov/Archives/edgar/data/1230245/000119312512081313/0001193125-12-081313-index.htm", "finalLink": "https://www.sec.gov/Archives/edgar/data/1230245/000119312512081313/d271205d10k.htm", "calculatedOtherExpenses": -344178000, "calculatedOperatingExpenses": -6546000, "calculatedNetInterest": 24018000, "calculatedOtherIncome": -247387000, "calculatedIncomeNonControlling": 1463000, "calculatedEbitda": 141964000}, {"date": "2010-12-31", "symbol": "PIPR", "reportedCurrency": "USD", "cik": "0001230245", "fillingDate": "2011-02-28", "acceptedDate": "2011-02-28 14:53:54", "calendarYear": "2010", "period": "FY", "revenue": 530074000, "costOfRevenue": 369420000, "grossProfit": 160654000, "grossProfitRatio": 0.3030784381, "researchAndDevelopmentExpenses": 0, "generalAndAdministrativeExpenses": 351443000, "sellingAndMarketingExpenses": 23715000, "sellingGeneralAndAdministrativeExpenses": 375158000, "otherExpenses": 50842000, "operatingExpenses": 426000000, "costAndExpenses": 393135000, "interestIncome": 51851000, "interestExpense": 34987000, "depreciationAndAmortization": 14750000, "ebitda": 107453000, "ebitdaratio": 0.2027132061, "operatingIncome": 24362000, "operatingIncomeRatio": 0.0459596207, "totalOtherIncomeExpensesNet": 33354000, "incomeBeforeTax": 57716000, "incomeBeforeTaxRatio": 0.1088829107, "incomeTaxExpense": 33354000, "netIncome": 24362000, "netIncomeRatio": 0.0459596207, "eps": 1.23, "epsdiluted": 1.23, "weightedAverageShsOut": 15348000, "weightedAverageShsOutDil": 15378000, "link": "https://www.sec.gov/Archives/edgar/data/1230245/000095012311019641/0000950123-11-019641-index.htm", "finalLink": "https://www.sec.gov/Archives/edgar/data/1230245/000095012311019641/c61422e10vk.htm", "calculatedOtherExpenses": -238866000, "calculatedOperatingExpenses": 136292000, "calculatedNetInterest": 16864000, "calculatedOtherIncome": 16490000, "calculatedIncomeNonControlling": 0, "calculatedEbitda": 39112000}, {"date": "2009-12-31", "symbol": "PIPR", "reportedCurrency": "USD", "cik": "0001230245", "fillingDate": "2010-02-26", "acceptedDate": "2010-02-26 14:01:40", "calendarYear": "2009", "period": "FY", "revenue": 447217000, "costOfRevenue": 325410000, "grossProfit": 121807000, "grossProfitRatio": 0.2723666587, "researchAndDevelopmentExpenses": 0, "generalAndAdministrativeExpenses": 315907000, "sellingAndMarketingExpenses": 48626000, "sellingGeneralAndAdministrativeExpenses": 364533000, "otherExpenses": 47467000, "operatingExpenses": 412000000, "costAndExpenses": 344379000, "interestIncome": 14681000, "interestExpense": 13694000, "depreciationAndAmortization": 9670000, "ebitda": 79916000, "ebitdaratio": 0.1786962481, "operatingIncome": 30369000, "operatingIncomeRatio": 0.0679066315, "totalOtherIncomeExpensesNet": 26183000, "incomeBeforeTax": 56552000, "incomeBeforeTaxRatio": 0.1264531536, "incomeTaxExpense": 26183000, "netIncome": 30369000, "netIncomeRatio": 0.0679066315, "eps": 1.56, "epsdiluted": 1.55, "weightedAverageShsOut": 15952000, "weightedAverageShsOutDil": 16007000, "link": "https://www.sec.gov/Archives/edgar/data/1230245/000095012310017923/0000950123-10-017923-index.htm", "finalLink": "https://www.sec.gov/Archives/edgar/data/1230245/000095012310017923/c55770e10vk.htm", "calculatedOtherExpenses": -273095000, "calculatedOperatingExpenses": 91438000, "calculatedNetInterest": 987000, "calculatedOtherIncome": 25196000, "calculatedIncomeNonControlling": 0, "calculatedEbitda": 40039000}, {"date": "2008-12-31", "symbol": "PIPR", "reportedCurrency": "USD", "cik": "0001230245", "fillingDate": "2009-03-02", "acceptedDate": "2009-03-02 14:18:15", "calendarYear": "2008", "period": "FY", "revenue": 326397000, "costOfRevenue": 0, "grossProfit": 326397000, "grossProfitRatio": 1, "researchAndDevelopmentExpenses": 0, "generalAndAdministrativeExpenses": 249438000, "sellingAndMarketingExpenses": 25249000, "sellingGeneralAndAdministrativeExpenses": 274687000, "otherExpenses": 257313000, "operatingExpenses": 532000000, "costAndExpenses": 532000000, "interestIncome": 48496000, "interestExpense": 18655000, "depreciationAndAmortization": 11573000, "ebitda": -192880000, "ebitdaratio": -0.590936804, "operatingIncome": -204453000, "operatingIncomeRatio": -0.6263936249, "totalOtherIncomeExpensesNet": -19154000, "incomeBeforeTax": -223607000, "incomeBeforeTaxRatio": -0.6850767623, "incomeTaxExpense": -40133000, "netIncome": -182975000, "netIncomeRatio": -0.5605903241, "eps": -11.55, "epsdiluted": -11.55, "weightedAverageShsOut": 15837000, "weightedAverageShsOutDil": 15837000, "link": "https://www.sec.gov/Archives/edgar/data/1230245/000095015209002046/0000950152-09-002046-index.htm", "finalLink": "https://www.sec.gov/Archives/edgar/data/1230245/000095015209002046/c49587e10vk.htm", "calculatedOtherExpenses": 256163000, "calculatedOperatingExpenses": 530850000, "calculatedNetInterest": 29841000, "calculatedOtherIncome": -48995000, "calculatedIncomeNonControlling": -499000, "calculatedEbitda": -192880000}, {"date": "2007-12-31", "symbol": "PIPR", "reportedCurrency": "USD", "cik": "0001230245", "fillingDate": "2008-02-28", "acceptedDate": "2008-02-28 15:56:07", "calendarYear": "2007", "period": "FY", "revenue": 498922000, "costOfRevenue": 0, "grossProfit": 498922000, "grossProfitRatio": 1, "researchAndDevelopmentExpenses": 0, "generalAndAdministrativeExpenses": 291870000, "sellingAndMarketingExpenses": 26619000, "sellingGeneralAndAdministrativeExpenses": 318489000, "otherExpenses": 155511000, "operatingExpenses": 474000000, "costAndExpenses": 474000000, "interestIncome": 60873000, "interestExpense": 23689000, "depreciationAndAmortization": 11361000, "ebitda": 95153000, "ebitdaratio": 0.1907171863, "operatingIncome": 83792000, "operatingIncomeRatio": 0.1679460918, "totalOtherIncomeExpensesNet": -20878000, "incomeBeforeTax": 62914000, "incomeBeforeTaxRatio": 0.1260998713, "incomeTaxExpense": 17887000, "netIncome": 42216000, "netIncomeRatio": 0.0846144287, "eps": 1.33, "epsdiluted": 1.21, "weightedAverageShsOut": 16474000, "weightedAverageShsOutDil": 18117000, "link": "https://www.sec.gov/Archives/edgar/data/1230245/000095013708002939/0000950137-08-002939-index.htm", "finalLink": "https://www.sec.gov/Archives/edgar/data/1230245/000095013708002939/c23817e10vk.htm", "calculatedOtherExpenses": 96641000, "calculatedOperatingExpenses": 415130000, "calculatedNetInterest": 37184000, "calculatedOtherIncome": -58062000, "calculatedIncomeNonControlling": 2811000, "calculatedEbitda": 95153000}, {"date": "2006-12-31", "symbol": "PIPR", "reportedCurrency": "USD", "cik": "0001230245", "fillingDate": "2007-03-01", "acceptedDate": "2007-03-01 14:33:09", "calendarYear": "2006", "period": "FY", "revenue": 502934000, "costOfRevenue": 0, "grossProfit": 502934000, "grossProfitRatio": 1, "researchAndDevelopmentExpenses": 0, "generalAndAdministrativeExpenses": 291265000, "sellingAndMarketingExpenses": 24731000, "sellingGeneralAndAdministrativeExpenses": 315996000, "otherExpenses": 156004000, "operatingExpenses": 472000000, "costAndExpenses": 472000000, "interestIncome": 63969000, "interestExpense": 32303000, "depreciationAndAmortization": 14244000, "ebitda": 316774000, "ebitdaratio": 0.6298520283, "operatingIncome": 302530000, "operatingIncomeRatio": 0.6015302207, "totalOtherIncomeExpensesNet": -204657000, "incomeBeforeTax": 97873000, "incomeBeforeTaxRatio": 0.1946040634, "incomeTaxExpense": 34974000, "netIncome": 235253000, "netIncomeRatio": 0.4677611774, "eps": 10.86, "epsdiluted": 10.07, "weightedAverageShsOut": 18002000, "weightedAverageShsOutDil": 19399000, "link": "https://www.sec.gov/Archives/edgar/data/1230245/000095013707003095/0000950137-07-003095-index.htm", "finalLink": "https://www.sec.gov/Archives/edgar/data/1230245/000095013707003095/c11177e10vk.htm", "calculatedOtherExpenses": -115592000, "calculatedOperatingExpenses": 200404000, "calculatedNetInterest": 31666000, "calculatedOtherIncome": -236323000, "calculatedIncomeNonControlling": -172354000, "calculatedEbitda": 316774000}, {"date": "2005-12-31", "symbol": "PIPR", "reportedCurrency": "USD", "cik": "0001230245", "fillingDate": "2006-03-01", "acceptedDate": "2006-03-01 16:50:39", "calendarYear": "2005", "period": "FY", "revenue": 775053000, "costOfRevenue": 0, "grossProfit": 775053000, "grossProfitRatio": 1, "researchAndDevelopmentExpenses": 0, "generalAndAdministrativeExpenses": 471674000, "sellingAndMarketingExpenses": 39863000, "sellingGeneralAndAdministrativeExpenses": 511537000, "otherExpenses": -134537000, "operatingExpenses": 377000000, "costAndExpenses": 377000000, "interestIncome": 71471000, "interestExpense": 39736000, "depreciationAndAmortization": 19735000, "ebitda": 120577000, "ebitdaratio": 0.1555725866, "operatingIncome": 100842000, "operatingIncomeRatio": 0.1301098118, "totalOtherIncomeExpensesNet": -39736000, "incomeBeforeTax": 61106000, "incomeBeforeTaxRatio": 0.0788410599, "incomeTaxExpense": 21023000, "netIncome": 40083000, "netIncomeRatio": 0.0517164633, "eps": 2.13, "epsdiluted": 2.1, "weightedAverageShsOut": 18813000, "weightedAverageShsOutDil": 19081000, "link": "https://www.sec.gov/Archives/edgar/data/1230245/000095013406004055/0000950134-06-004055-index.htm", "finalLink": "https://www.sec.gov/Archives/edgar/data/1230245/000095013406004055/c00244e10vk.htm", "calculatedOtherExpenses": 162674000, "calculatedOperatingExpenses": 674211000, "calculatedNetInterest": 31735000, "calculatedOtherIncome": -71471000, "calculatedIncomeNonControlling": 0, "calculatedEbitda": 120577000}, {"date": "2004-12-31", "symbol": "PIPR", "reportedCurrency": "USD", "cik": "0001230245", "fillingDate": "2005-03-04", "acceptedDate": "2005-03-03 19:05:13", "calendarYear": "2004", "period": "FY", "revenue": 797498000, "costOfRevenue": 3701000, "grossProfit": 793797000, "grossProfitRatio": 0.995359236, "researchAndDevelopmentExpenses": 0, "generalAndAdministrativeExpenses": 48894000, "sellingAndMarketingExpenses": 42468000, "sellingGeneralAndAdministrativeExpenses": 91362000, "otherExpenses": -787412000, "operatingExpenses": -696050000, "costAndExpenses": 3701000, "interestIncome": 47469000, "interestExpense": 18126000, "depreciationAndAmortization": 21524000, "ebitda": 119271000, "ebitdaratio": 0.1495564879, "operatingIncome": 97747000, "operatingIncomeRatio": 0.1225670785, "totalOtherIncomeExpensesNet": -18126000, "incomeBeforeTax": 79621000, "incomeBeforeTaxRatio": 0.0998384949, "incomeTaxExpense": 29273000, "netIncome": 50348000, "netIncomeRatio": 0.0631324467, "eps": 2.6, "epsdiluted": 2.6, "weightedAverageShsOut": 19333000, "weightedAverageShsOutDil": 19399000, "link": "https://www.sec.gov/Archives/edgar/data/1230245/000095013405004181/0000950134-05-004181-index.htm", "finalLink": "https://www.sec.gov/Archives/edgar/data/1230245/000095013405004181/c92081e10vk.htm", "calculatedOtherExpenses": 604688000, "calculatedOperatingExpenses": 696050000, "calculatedNetInterest": 29343000, "calculatedOtherIncome": -47469000, "calculatedIncomeNonControlling": 0, "calculatedEbitda": 119271000}, {"date": "2003-12-31", "symbol": "PIPR", "reportedCurrency": "USD", "cik": "0001230245", "fillingDate": "2004-03-08", "acceptedDate": "2004-03-08 17:31:00", "calendarYear": "2003", "period": "FY", "revenue": 786730000, "costOfRevenue": 0, "grossProfit": 786730000, "grossProfitRatio": 1, "researchAndDevelopmentExpenses": 0, "generalAndAdministrativeExpenses": 482397000, "sellingAndMarketingExpenses": 39030000, "sellingGeneralAndAdministrativeExpenses": 521427000, "otherExpenses": -1246812000, "operatingExpenses": -725385000, "costAndExpenses": -725385000, "interestIncome": 45276000, "interestExpense": 19511000, "depreciationAndAmortization": 22890000, "ebitda": 84235000, "ebitdaratio": 0.1070697698, "operatingIncome": 61345000, "operatingIncomeRatio": 0.0779746546, "totalOtherIncomeExpensesNet": -19511000, "incomeBeforeTax": 41834000, "incomeBeforeTaxRatio": 0.0531745326, "incomeTaxExpense": 15835000, "netIncome": 25999000, "netIncomeRatio": 0.0330469157, "eps": 1.35, "epsdiluted": 1.35, "weightedAverageShsOut": 19237000, "weightedAverageShsOutDil": 19237000, "link": "https://www.sec.gov/Archives/edgar/data/1230245/000095013404003083/0000950134-04-003083-index.htm", "finalLink": "https://www.sec.gov/Archives/edgar/data/1230245/000095013404003083/c82510e10vk.htm", "calculatedOtherExpenses": 203958000, "calculatedOperatingExpenses": 725385000, "calculatedNetInterest": 25765000, "calculatedOtherIncome": -45276000, "calculatedIncomeNonControlling": 0, "calculatedEbitda": 84235000}, {"date": "2002-12-31", "symbol": "PIPR", "reportedCurrency": "USD", "cik": "0001230245", "fillingDate": "2002-12-31", "acceptedDate": "2002-12-30 19:00:00", "calendarYear": "2002", "period": "FY", "revenue": 729052000, "costOfRevenue": 0, "grossProfit": 729052000, "grossProfitRatio": 1, "researchAndDevelopmentExpenses": 0, "generalAndAdministrativeExpenses": 449329000, "sellingAndMarketingExpenses": 44115000, "sellingGeneralAndAdministrativeExpenses": 493444000, "otherExpenses": -1182220000, "operatingExpenses": -688776000, "costAndExpenses": -688776000, "interestIncome": 59685000, "interestExpense": 34315000, "depreciationAndAmortization": 24648000, "ebitda": 64924000, "ebitdaratio": 0.0890526327, "operatingIncome": 40276000, "operatingIncomeRatio": 0.0552443447, "totalOtherIncomeExpensesNet": -34315000, "incomeBeforeTax": 5961000, "incomeBeforeTaxRatio": 0.0081763715, "incomeTaxExpense": 5855000, "netIncome": 106000, "netIncomeRatio": 0.0001453943, "eps": 0.01, "epsdiluted": 0.01, "weightedAverageShsOut": 19160000, "weightedAverageShsOutDil": 19160000, "link": "", "finalLink": "", "calculatedOtherExpenses": 195332000, "calculatedOperatingExpenses": 688776000, "calculatedNetInterest": 25370000, "calculatedOtherIncome": -59685000, "calculatedIncomeNonControlling": 0, "calculatedEbitda": 64924000}, {"date": "2001-12-31", "symbol": "PIPR", "reportedCurrency": "USD", "cik": "0001230245", "fillingDate": "2001-12-31", "acceptedDate": "2001-12-30 19:00:00", "calendarYear": "2001", "period": "FY", "revenue": 16220000, "costOfRevenue": 0, "grossProfit": 16220000, "grossProfitRatio": 1, "researchAndDevelopmentExpenses": 0, "generalAndAdministrativeExpenses": 513623000, "sellingAndMarketingExpenses": 0, "sellingGeneralAndAdministrativeExpenses": 513623000, "otherExpenses": -524509000, "operatingExpenses": -10886000, "costAndExpenses": -10886000, "interestIncome": 95436000, "interestExpense": 79216000, "depreciationAndAmortization": 20400000, "ebitda": 25734000, "ebitdaratio": 1.5865598027, "operatingIncome": 5334000, "operatingIncomeRatio": 0.3288532676, "totalOtherIncomeExpensesNet": -79216000, "incomeBeforeTax": -73882000, "incomeBeforeTaxRatio": -4.5549938348, "incomeTaxExpense": -23831000, "netIncome": -50051000, "netIncomeRatio": -3.0857583231, "eps": -2.6, "epsdiluted": -2.6, "weightedAverageShsOut": 19279000, "weightedAverageShsOutDil": 19279000, "link": "", "finalLink": "", "calculatedOtherExpenses": -502737000, "calculatedOperatingExpenses": 10886000, "calculatedNetInterest": 16220000, "calculatedOtherIncome": -95436000, "calculatedIncomeNonControlling": 0, "calculatedEbitda": 25734000}, {"date": "2000-12-31", "symbol": "PIPR", "reportedCurrency": "USD", "cik": "0001230245", "fillingDate": "2000-12-31", "acceptedDate": "2000-12-30 19:00:00", "calendarYear": "2000", "period": "FY", "revenue": 16131000, "costOfRevenue": 0, "grossProfit": 16131000, "grossProfitRatio": 1, "researchAndDevelopmentExpenses": 0, "generalAndAdministrativeExpenses": 662592000, "sellingAndMarketingExpenses": 0, "sellingGeneralAndAdministrativeExpenses": 662592000, "otherExpenses": -511357000, "operatingExpenses": 151235000, "costAndExpenses": 151235000, "interestIncome": 144308000, "interestExpense": 128177000, "depreciationAndAmortization": 20100000, "ebitda": 187466000, "ebitdaratio": 11.6214741802, "operatingIncome": 167366000, "operatingIncomeRatio": 10.375426198, "totalOtherIncomeExpensesNet": -128177000, "incomeBeforeTax": 39189000, "incomeBeforeTaxRatio": 2.4294216106, "incomeTaxExpense": 18481000, "netIncome": 20708000, "netIncomeRatio": 1.2837393838, "eps": 1.09, "epsdiluted": 1.09, "weightedAverageShsOut": 19060000, "weightedAverageShsOutDil": 19060000, "link": "", "finalLink": "", "calculatedOtherExpenses": -813827000, "calculatedOperatingExpenses": -151235000, "calculatedNetInterest": 16131000, "calculatedOtherIncome": -144308000, "calculatedIncomeNonControlling": 0, "calculatedEbitda": 187466000}]}