{"originalCurrency": "USD", "convertedCurrency": "USD", "report": [{"date": "2023-12-31", "symbol": "PJT", "reportedCurrency": "USD", "cik": "0001626115", "fillingDate": "2023-12-31", "acceptedDate": "2023-12-29 19:00:00", "calendarYear": "2023", "period": "FY", "revenue": 1153182000, "costOfRevenue": 805385000, "grossProfit": 347797000, "grossProfitRatio": 0.3015976663, "researchAndDevelopmentExpenses": 0, "generalAndAdministrativeExpenses": 94158000, "sellingAndMarketingExpenses": 0, "sellingGeneralAndAdministrativeExpenses": 94158000, "otherExpenses": -961390000, "operatingExpenses": 961390000, "costAndExpenses": 975437000, "interestIncome": 0, "interestExpense": 0, "depreciationAndAmortization": 14047000, "ebitda": 191792000, "ebitdaratio": 0.1663154645, "operatingIncome": 177745000, "operatingIncomeRatio": 0.1541343864, "totalOtherIncomeExpensesNet": -136000, "incomeBeforeTax": 177609000, "incomeBeforeTaxRatio": 0.1540164519, "incomeTaxExpense": 31927000, "netIncome": 81799000, "netIncomeRatio": 0.0709332959, "eps": 3.24, "epsdiluted": 3.12, "weightedAverageShsOut": 25255327, "weightedAverageShsOutDil": 41882034, "link": null, "finalLink": null, "calculatedOtherExpenses": 75894000, "calculatedOperatingExpenses": 170052000, "calculatedNetInterest": 0, "calculatedOtherIncome": -136000, "calculatedIncomeNonControlling": 63883000, "calculatedEbitda": 191792000}, {"date": "2022-12-31", "symbol": "PJT", "reportedCurrency": "USD", "cik": "0001626115", "fillingDate": "2023-02-24", "acceptedDate": "2023-02-24 16:31:18", "calendarYear": "2022", "period": "FY", "revenue": 1025505000, "costOfRevenue": 669141000, "grossProfit": 356364000, "grossProfitRatio": 0.3475009873, "researchAndDevelopmentExpenses": 0, "generalAndAdministrativeExpenses": 79350000, "sellingAndMarketingExpenses": 0, "sellingGeneralAndAdministrativeExpenses": 79350000, "otherExpenses": 40672000, "operatingExpenses": 120022000, "costAndExpenses": 789163000, "interestIncome": 0, "interestExpense": 109109000, "depreciationAndAmortization": 15475000, "ebitda": 251817000, "ebitdaratio": 0.2455541416, "operatingIncome": 236342000, "operatingIncomeRatio": 0.2304640153, "totalOtherIncomeExpensesNet": -34871000, "incomeBeforeTax": 201471000, "incomeBeforeTaxRatio": 0.1964602805, "incomeTaxExpense": 36699000, "netIncome": 164772000, "netIncomeRatio": 0.1606740094, "eps": 6.57, "epsdiluted": 6.19, "weightedAverageShsOut": 25077835, "weightedAverageShsOutDil": 26616640, "link": "https://www.sec.gov/Archives/edgar/data/1626115/000156459023002439/0001564590-23-002439-index.htm", "finalLink": "https://www.sec.gov/Archives/edgar/data/1626115/000156459023002439/pjt-10k_20221231.htm", "calculatedOtherExpenses": 40672000, "calculatedOperatingExpenses": 120022000, "calculatedNetInterest": -109109000, "calculatedOtherIncome": 74238000, "calculatedIncomeNonControlling": 0, "calculatedEbitda": 251817000}, {"date": "2021-12-31", "symbol": "PJT", "reportedCurrency": "USD", "cik": "0001626115", "fillingDate": "2022-02-25", "acceptedDate": "2022-02-25 16:31:51", "calendarYear": "2021", "period": "FY", "revenue": 991945000, "costOfRevenue": 640040000, "grossProfit": 351905000, "grossProfitRatio": 0.3547626128, "researchAndDevelopmentExpenses": 0, "generalAndAdministrativeExpenses": 79955000, "sellingAndMarketingExpenses": 0, "sellingGeneralAndAdministrativeExpenses": 79955000, "otherExpenses": 24823000, "operatingExpenses": 104778000, "costAndExpenses": 744818000, "interestIncome": 0, "interestExpense": 0, "depreciationAndAmortization": 15750000, "ebitda": 262877000, "ebitdaratio": 0.265011669, "operatingIncome": 247127000, "operatingIncomeRatio": 0.2491337725, "totalOtherIncomeExpensesNet": -27678000, "incomeBeforeTax": 219449000, "incomeBeforeTaxRatio": 0.2212310158, "incomeTaxExpense": 29494000, "netIncome": 189955000, "netIncomeRatio": 0.1914975125, "eps": 7.61, "epsdiluted": 4.48, "weightedAverageShsOut": 24959382, "weightedAverageShsOutDil": 42358705, "link": "https://www.sec.gov/Archives/edgar/data/1626115/000156459022007189/0001564590-22-007189-index.htm", "finalLink": "https://www.sec.gov/Archives/edgar/data/1626115/000156459022007189/pjt-10k_20211231.htm", "calculatedOtherExpenses": 24823000, "calculatedOperatingExpenses": 104778000, "calculatedNetInterest": 0, "calculatedOtherIncome": -27678000, "calculatedIncomeNonControlling": 0, "calculatedEbitda": 262877000}, {"date": "2020-12-31", "symbol": "PJT", "reportedCurrency": "USD", "cik": "0001626115", "fillingDate": "2021-02-26", "acceptedDate": "2021-02-26 16:33:09", "calendarYear": "2020", "period": "FY", "revenue": 1052300000, "costOfRevenue": 683393000, "grossProfit": 368907000, "grossProfitRatio": 0.3505720802, "researchAndDevelopmentExpenses": 0, "generalAndAdministrativeExpenses": 71965000, "sellingAndMarketingExpenses": 0, "sellingGeneralAndAdministrativeExpenses": 71965000, "otherExpenses": 22400000, "operatingExpenses": 94365000, "costAndExpenses": 777758000, "interestIncome": 0, "interestExpense": 0, "depreciationAndAmortization": 15055000, "ebitda": 289597000, "ebitdaratio": 0.2752038392, "operatingIncome": 274542000, "operatingIncomeRatio": 0.2608970826, "totalOtherIncomeExpensesNet": -26581000, "incomeBeforeTax": 247961000, "incomeBeforeTaxRatio": 0.2356371757, "incomeTaxExpense": 35535000, "netIncome": 212426000, "netIncomeRatio": 0.2018682885, "eps": 8.67, "epsdiluted": 4.93, "weightedAverageShsOut": 24496285, "weightedAverageShsOutDil": 43127166, "link": "https://www.sec.gov/Archives/edgar/data/1626115/000156459021009465/0001564590-21-009465-index.htm", "finalLink": "https://www.sec.gov/Archives/edgar/data/1626115/000156459021009465/pjt-10k_20201231.htm", "calculatedOtherExpenses": 22400000, "calculatedOperatingExpenses": 94365000, "calculatedNetInterest": 0, "calculatedOtherIncome": -26581000, "calculatedIncomeNonControlling": 0, "calculatedEbitda": 289597000}, {"date": "2019-12-31", "symbol": "PJT", "reportedCurrency": "USD", "cik": "0001626115", "fillingDate": "2020-02-27", "acceptedDate": "2020-02-27 17:02:32", "calendarYear": "2019", "period": "FY", "revenue": 717639000, "costOfRevenue": 502165000, "grossProfit": 215474000, "grossProfitRatio": 0.3002540274, "researchAndDevelopmentExpenses": 0, "generalAndAdministrativeExpenses": 66706000, "sellingAndMarketingExpenses": 0, "sellingGeneralAndAdministrativeExpenses": 66706000, "otherExpenses": 40196000, "operatingExpenses": 106902000, "costAndExpenses": 609067000, "interestIncome": 0, "interestExpense": 0, "depreciationAndAmortization": 14496000, "ebitda": 123068000, "ebitdaratio": 0.1714901225, "operatingIncome": 108572000, "operatingIncomeRatio": 0.1512905514, "totalOtherIncomeExpensesNet": -26382000, "incomeBeforeTax": 82190000, "incomeBeforeTaxRatio": 0.1145283353, "incomeTaxExpense": 18403000, "netIncome": 63787000, "netIncomeRatio": 0.0888845227, "eps": 2.66, "epsdiluted": 2.55, "weightedAverageShsOut": 24007138, "weightedAverageShsOutDil": 25014569, "link": "https://www.sec.gov/Archives/edgar/data/1626115/000156459020007455/0001564590-20-007455-index.htm", "finalLink": "https://www.sec.gov/Archives/edgar/data/1626115/000156459020007455/pjt-10k_20191231.htm", "calculatedOtherExpenses": 40196000, "calculatedOperatingExpenses": 106902000, "calculatedNetInterest": 0, "calculatedOtherIncome": -26382000, "calculatedIncomeNonControlling": 0, "calculatedEbitda": 123068000}, {"date": "2018-12-31", "symbol": "PJT", "reportedCurrency": "USD", "cik": "0001626115", "fillingDate": "2019-02-28", "acceptedDate": "2019-02-28 17:02:00", "calendarYear": "2018", "period": "FY", "revenue": 580248000, "costOfRevenue": 424459000, "grossProfit": 155789000, "grossProfitRatio": 0.2684869228, "researchAndDevelopmentExpenses": 0, "generalAndAdministrativeExpenses": 60295000, "sellingAndMarketingExpenses": 0, "sellingGeneralAndAdministrativeExpenses": 60295000, "otherExpenses": -20634000, "operatingExpenses": 93642000, "costAndExpenses": 518101000, "interestIncome": 0, "interestExpense": 0, "depreciationAndAmortization": 9973000, "ebitda": 72120000, "ebitdaratio": 0.1242916822, "operatingIncome": 62147000, "operatingIncomeRatio": 0.1071042037, "totalOtherIncomeExpensesNet": -20634000, "incomeBeforeTax": 41513000, "incomeBeforeTaxRatio": 0.0715435469, "incomeTaxExpense": -1045000, "netIncome": 27170000, "netIncomeRatio": 0.0468248059, "eps": 0.72, "epsdiluted": 0.72, "weightedAverageShsOut": 37553550, "weightedAverageShsOutDil": 37553550, "link": "https://www.sec.gov/Archives/edgar/data/1626115/000156459019005523/0001564590-19-005523-index.htm", "finalLink": "https://www.sec.gov/Archives/edgar/data/1626115/000156459019005523/pjt-10k_20181231.htm", "calculatedOtherExpenses": 33347000, "calculatedOperatingExpenses": 93642000, "calculatedNetInterest": 0, "calculatedOtherIncome": -20634000, "calculatedIncomeNonControlling": 15388000, "calculatedEbitda": 72120000}, {"date": "2017-12-31", "symbol": "PJT", "reportedCurrency": "USD", "cik": "0001626115", "fillingDate": "2018-02-27", "acceptedDate": "2018-02-27 17:02:37", "calendarYear": "2017", "period": "FY", "revenue": 499282000, "costOfRevenue": 391514000, "grossProfit": 107768000, "grossProfitRatio": 0.2158459548, "researchAndDevelopmentExpenses": 0, "generalAndAdministrativeExpenses": 56935000, "sellingAndMarketingExpenses": 0, "sellingGeneralAndAdministrativeExpenses": 56935000, "otherExpenses": -19019000, "operatingExpenses": 78695000, "costAndExpenses": 470209000, "interestIncome": 0, "interestExpense": 0, "depreciationAndAmortization": 8143000, "ebitda": 37216000, "ebitdaratio": 0.0745390381, "operatingIncome": 29073000, "operatingIncomeRatio": 0.0582296177, "totalOtherIncomeExpensesNet": -19019000, "incomeBeforeTax": 10054000, "incomeBeforeTaxRatio": 0.0201369166, "incomeTaxExpense": 38380000, "netIncome": -32554000, "netIncomeRatio": -0.0652016295, "eps": -1.76, "epsdiluted": -1.76, "weightedAverageShsOut": 18539121, "weightedAverageShsOutDil": 18539121, "link": "https://www.sec.gov/Archives/edgar/data/1626115/000156459018003538/0001564590-18-003538-index.htm", "finalLink": "https://www.sec.gov/Archives/edgar/data/1626115/000156459018003538/pjt-10k_20171231.htm", "calculatedOtherExpenses": 21760000, "calculatedOperatingExpenses": 78695000, "calculatedNetInterest": 0, "calculatedOtherIncome": -19019000, "calculatedIncomeNonControlling": 4228000, "calculatedEbitda": 37216000}, {"date": "2016-12-31", "symbol": "PJT", "reportedCurrency": "USD", "cik": "0001626115", "fillingDate": "2017-02-28", "acceptedDate": "2017-02-28 17:01:43", "calendarYear": "2016", "period": "FY", "revenue": 499430000, "costOfRevenue": 381000000, "grossProfit": 118430000, "grossProfitRatio": 0.2371303286, "researchAndDevelopmentExpenses": 0, "generalAndAdministrativeExpenses": 53615000, "sellingAndMarketingExpenses": 0, "sellingGeneralAndAdministrativeExpenses": 53615000, "otherExpenses": -24809000, "operatingExpenses": 79121000, "costAndExpenses": 460121000, "interestIncome": 0, "interestExpense": 0, "depreciationAndAmortization": 14026000, "ebitda": 53335000, "ebitdaratio": 0.1067917426, "operatingIncome": 39309000, "operatingIncomeRatio": 0.0787077268, "totalOtherIncomeExpensesNet": -24809000, "incomeBeforeTax": 14500000, "incomeBeforeTaxRatio": 0.0290330977, "incomeTaxExpense": 9392000, "netIncome": -3034000, "netIncomeRatio": -0.0060749254, "eps": -0.17, "epsdiluted": -0.17, "weightedAverageShsOut": 18003272, "weightedAverageShsOutDil": 18003272, "link": "https://www.sec.gov/Archives/edgar/data/1626115/000156459017002891/0001564590-17-002891-index.htm", "finalLink": "https://www.sec.gov/Archives/edgar/data/1626115/000156459017002891/pjt-10k_20161231.htm", "calculatedOtherExpenses": 25506000, "calculatedOperatingExpenses": 79121000, "calculatedNetInterest": 0, "calculatedOtherIncome": -24809000, "calculatedIncomeNonControlling": 8142000, "calculatedEbitda": 53335000}, {"date": "2015-12-31", "symbol": "PJT", "reportedCurrency": "USD", "cik": "0001626115", "fillingDate": "2016-02-29", "acceptedDate": "2016-02-29 17:00:00", "calendarYear": "2015", "period": "FY", "revenue": 405938000, "costOfRevenue": 315195000, "grossProfit": 90743000, "grossProfitRatio": 0.2235390626, "researchAndDevelopmentExpenses": 0, "generalAndAdministrativeExpenses": 60118000, "sellingAndMarketingExpenses": 0, "sellingGeneralAndAdministrativeExpenses": 60118000, "otherExpenses": -7607000, "operatingExpenses": 89072000, "costAndExpenses": 404267000, "interestIncome": 0, "interestExpense": 0, "depreciationAndAmortization": 14872000, "ebitda": 16543000, "ebitdaratio": 0.0407525287, "operatingIncome": 1671000, "operatingIncomeRatio": 0.0041163922, "totalOtherIncomeExpensesNet": -7607000, "incomeBeforeTax": -5936000, "incomeBeforeTaxRatio": -0.0146229227, "incomeTaxExpense": 239000, "netIncome": 5572000, "netIncomeRatio": 0.0137262341, "eps": 0.16, "epsdiluted": 0.16, "weightedAverageShsOut": 35397751, "weightedAverageShsOutDil": 35397751, "link": "https://www.sec.gov/Archives/edgar/data/1626115/000156459016013745/0001564590-16-013745-index.htm", "finalLink": "https://www.sec.gov/Archives/edgar/data/1626115/000156459016013745/pjt-10k_20151231.htm", "calculatedOtherExpenses": 28954000, "calculatedOperatingExpenses": 89072000, "calculatedNetInterest": 0, "calculatedOtherIncome": -7607000, "calculatedIncomeNonControlling": -11747000, "calculatedEbitda": 16543000}, {"date": "2014-12-31", "symbol": "PJT", "reportedCurrency": "USD", "cik": "0001626115", "fillingDate": "2014-12-31", "acceptedDate": "2014-12-30 19:00:00", "calendarYear": "2014", "period": "FY", "revenue": 401069000, "costOfRevenue": 317478000, "grossProfit": 83591000, "grossProfitRatio": 0.2084204962, "researchAndDevelopmentExpenses": 0, "generalAndAdministrativeExpenses": 56868000, "sellingAndMarketingExpenses": 0, "sellingGeneralAndAdministrativeExpenses": 56868000, "otherExpenses": -19185000, "operatingExpenses": 56868000, "costAndExpenses": 374346000, "interestIncome": 0, "interestExpense": 0, "depreciationAndAmortization": 7773000, "ebitda": 34496000, "ebitdaratio": 0.0860101379, "operatingIncome": 26723000, "operatingIncomeRatio": 0.0666294328, "totalOtherIncomeExpensesNet": -19185000, "incomeBeforeTax": 7538000, "incomeBeforeTaxRatio": 0.018794771, "incomeTaxExpense": 17484000, "netIncome": -11533000, "netIncomeRatio": -0.0287556505, "eps": -0.34, "epsdiluted": -0.34, "weightedAverageShsOut": 33971670, "weightedAverageShsOutDil": 33971670, "link": "", "finalLink": "", "calculatedOtherExpenses": 0, "calculatedOperatingExpenses": 56868000, "calculatedNetInterest": 0, "calculatedOtherIncome": -19185000, "calculatedIncomeNonControlling": 1587000, "calculatedEbitda": 34496000}, {"date": "2013-12-31", "symbol": "PJT", "reportedCurrency": "USD", "cik": "0001626115", "fillingDate": "2013-12-31", "acceptedDate": "2013-12-30 19:00:00", "calendarYear": "2013", "period": "FY", "revenue": 396954000, "costOfRevenue": 339778000, "grossProfit": 57176000, "grossProfitRatio": 0.1440368405, "researchAndDevelopmentExpenses": 0, "generalAndAdministrativeExpenses": 54509000, "sellingAndMarketingExpenses": 0, "sellingGeneralAndAdministrativeExpenses": 54509000, "otherExpenses": -7692000, "operatingExpenses": 63284000, "costAndExpenses": 403062000, "interestIncome": 0, "interestExpense": 0, "depreciationAndAmortization": 8775000, "ebitda": 2667000, "ebitdaratio": 0.0067186626, "operatingIncome": -6108000, "operatingIncomeRatio": -0.0153871733, "totalOtherIncomeExpensesNet": -7692000, "incomeBeforeTax": -13800000, "incomeBeforeTaxRatio": -0.0347647334, "incomeTaxExpense": 3373000, "netIncome": -17173000, "netIncomeRatio": -0.0432619397, "eps": -0.51, "epsdiluted": -0.51, "weightedAverageShsOut": 33971670, "weightedAverageShsOutDil": 33971670, "link": "", "finalLink": "", "calculatedOtherExpenses": 8775000, "calculatedOperatingExpenses": 63284000, "calculatedNetInterest": 0, "calculatedOtherIncome": -7692000, "calculatedIncomeNonControlling": 0, "calculatedEbitda": 2667000}, {"date": "2012-12-31", "symbol": "PJT", "reportedCurrency": "USD", "cik": "0001626115", "fillingDate": "2012-12-31", "acceptedDate": "2012-12-30 19:00:00", "calendarYear": "2012", "period": "FY", "revenue": 354617000, "costOfRevenue": 318255000, "grossProfit": 36362000, "grossProfitRatio": 0.1025387954, "researchAndDevelopmentExpenses": 0, "generalAndAdministrativeExpenses": 57506000, "sellingAndMarketingExpenses": 0, "sellingGeneralAndAdministrativeExpenses": 57506000, "otherExpenses": -18047000, "operatingExpenses": 57506000, "costAndExpenses": 375761000, "interestIncome": 0, "interestExpense": 0, "depreciationAndAmortization": 10612000, "ebitda": -10532000, "ebitdaratio": -0.0296996478, "operatingIncome": -21144000, "operatingIncomeRatio": -0.0596248911, "totalOtherIncomeExpensesNet": -18047000, "incomeBeforeTax": -39191000, "incomeBeforeTaxRatio": -0.1105164163, "incomeTaxExpense": 3357000, "netIncome": -42548000, "netIncomeRatio": -0.1199829675, "eps": -1.25, "epsdiluted": -1.25, "weightedAverageShsOut": 33971670, "weightedAverageShsOutDil": 33971670, "link": "", "finalLink": "", "calculatedOtherExpenses": 0, "calculatedOperatingExpenses": 57506000, "calculatedNetInterest": 0, "calculatedOtherIncome": -18047000, "calculatedIncomeNonControlling": 0, "calculatedEbitda": -10532000}]}