{"originalCurrency": "USD", "convertedCurrency": "USD", "report": [{"date": "2023-12-31", "symbol": "PK", "reportedCurrency": "USD", "cik": "0001617406", "fillingDate": "2024-02-28", "acceptedDate": "2024-02-28 16:04:37", "calendarYear": "2023", "period": "FY", "revenue": 2698000000, "costOfRevenue": 2239000000, "grossProfit": 459000000, "grossProfitRatio": 0.1701260193, "researchAndDevelopmentExpenses": 0, "generalAndAdministrativeExpenses": 65000000, "sellingAndMarketingExpenses": 47000000, "sellingGeneralAndAdministrativeExpenses": 65000000, "otherExpenses": -148000000, "operatingExpenses": 148000000, "costAndExpenses": 2387000000, "interestIncome": 38000000, "interestExpense": 252000000, "depreciationAndAmortization": 287000000, "ebitda": 598000000, "ebitdaratio": 0.2216456635, "operatingIncome": 311000000, "operatingIncomeRatio": 0.1152705708, "totalOtherIncomeExpensesNet": -167000000, "incomeBeforeTax": 144000000, "incomeBeforeTaxRatio": 0.0533728688, "incomeTaxExpense": 38000000, "netIncome": 97000000, "netIncomeRatio": 0.0359525574, "eps": 0.44, "epsdiluted": 0.44, "weightedAverageShsOut": 214000000, "weightedAverageShsOutDil": 215000000, "link": "https://www.sec.gov/Archives/edgar/data/1617406/000161740624000018/0001617406-24-000018-index.htm", "finalLink": "https://www.sec.gov/Archives/edgar/data/1617406/000161740624000018/pk-20231231.htm", "calculatedOtherExpenses": 83000000, "calculatedOperatingExpenses": 148000000, "calculatedNetInterest": -214000000, "calculatedOtherIncome": 47000000, "calculatedIncomeNonControlling": 9000000, "calculatedEbitda": 598000000}, {"date": "2022-12-31", "symbol": "PK", "reportedCurrency": "USD", "cik": "0001617406", "fillingDate": "2023-02-23", "acceptedDate": "2023-02-23 16:19:44", "calendarYear": "2022", "period": "FY", "revenue": 2501000000, "costOfRevenue": 1808000000, "grossProfit": 693000000, "grossProfitRatio": 0.2770891643, "researchAndDevelopmentExpenses": 0, "generalAndAdministrativeExpenses": 63000000, "sellingAndMarketingExpenses": 45000000, "sellingGeneralAndAdministrativeExpenses": 63000000, "otherExpenses": 341000000, "operatingExpenses": 404000000, "costAndExpenses": 2212000000, "interestIncome": 13000000, "interestExpense": 247000000, "depreciationAndAmortization": 269000000, "ebitda": 682000000, "ebitdaratio": 0.2726909236, "operatingIncome": 413000000, "operatingIncomeRatio": 0.1651339464, "totalOtherIncomeExpensesNet": -240000000, "incomeBeforeTax": 173000000, "incomeBeforeTaxRatio": 0.0691723311, "incomeTaxExpense": 4000000, "netIncome": 162000000, "netIncomeRatio": 0.0647740904, "eps": 0.71, "epsdiluted": 0.71, "weightedAverageShsOut": 228000000, "weightedAverageShsOutDil": 228000000, "link": "https://www.sec.gov/Archives/edgar/data/1617406/000095017023004127/0000950170-23-004127-index.htm", "finalLink": "https://www.sec.gov/Archives/edgar/data/1617406/000095017023004127/pk-20221231.htm", "calculatedOtherExpenses": 217000000, "calculatedOperatingExpenses": 280000000, "calculatedNetInterest": -234000000, "calculatedOtherIncome": -6000000, "calculatedIncomeNonControlling": 7000000, "calculatedEbitda": 682000000}, {"date": "2021-12-31", "symbol": "PK", "reportedCurrency": "USD", "cik": "0001617406", "fillingDate": "2022-02-18", "acceptedDate": "2022-02-18 16:07:36", "calendarYear": "2021", "period": "FY", "revenue": 1362000000, "costOfRevenue": 1135000000, "grossProfit": 227000000, "grossProfitRatio": 0.1666666667, "researchAndDevelopmentExpenses": 0, "generalAndAdministrativeExpenses": 62000000, "sellingAndMarketingExpenses": 26000000, "sellingGeneralAndAdministrativeExpenses": 62000000, "otherExpenses": 330000000, "operatingExpenses": 392000000, "costAndExpenses": 1527000000, "interestIncome": 1000000, "interestExpense": 258000000, "depreciationAndAmortization": 281000000, "ebitda": 103000000, "ebitdaratio": 0.0756240822, "operatingIncome": -178000000, "operatingIncomeRatio": -0.1306901615, "totalOtherIncomeExpensesNet": -272000000, "incomeBeforeTax": -450000000, "incomeBeforeTaxRatio": -0.3303964758, "incomeTaxExpense": 2000000, "netIncome": -452000000, "netIncomeRatio": -0.3318649046, "eps": -1.92, "epsdiluted": -1.92, "weightedAverageShsOut": 236000000, "weightedAverageShsOutDil": 236000000, "link": "https://www.sec.gov/Archives/edgar/data/1617406/000095017022001484/0000950170-22-001484-index.htm", "finalLink": "https://www.sec.gov/Archives/edgar/data/1617406/000095017022001484/pk-20211231.htm", "calculatedOtherExpenses": 343000000, "calculatedOperatingExpenses": 405000000, "calculatedNetInterest": -257000000, "calculatedOtherIncome": -15000000, "calculatedIncomeNonControlling": 0, "calculatedEbitda": 103000000}, {"date": "2020-12-31", "symbol": "PK", "reportedCurrency": "USD", "cik": "0001617406", "fillingDate": "2021-02-26", "acceptedDate": "2021-02-26 16:03:54", "calendarYear": "2020", "period": "FY", "revenue": 852000000, "costOfRevenue": 1013000000, "grossProfit": -161000000, "grossProfitRatio": -0.1889671362, "researchAndDevelopmentExpenses": 0, "generalAndAdministrativeExpenses": 63000000, "sellingAndMarketingExpenses": 15000000, "sellingGeneralAndAdministrativeExpenses": 63000000, "otherExpenses": 334000000, "operatingExpenses": 397000000, "costAndExpenses": 1410000000, "interestIncome": 2000000, "interestExpense": 213000000, "depreciationAndAmortization": 907000000, "ebitda": -295000000, "ebitdaratio": -0.3462441315, "operatingIncome": -1202000000, "operatingIncomeRatio": -1.4107981221, "totalOtherIncomeExpensesNet": -248000000, "incomeBeforeTax": -1450000000, "incomeBeforeTaxRatio": -1.7018779343, "incomeTaxExpense": -6000000, "netIncome": -1444000000, "netIncomeRatio": -1.6948356808, "eps": -6.12, "epsdiluted": -6.12, "weightedAverageShsOut": 236000000, "weightedAverageShsOutDil": 236000000, "link": "https://www.sec.gov/Archives/edgar/data/1617406/000156459021009414/0001564590-21-009414-index.htm", "finalLink": "https://www.sec.gov/Archives/edgar/data/1617406/000156459021009414/pk-10k_20201231.htm", "calculatedOtherExpenses": 978000000, "calculatedOperatingExpenses": 1041000000, "calculatedNetInterest": -211000000, "calculatedOtherIncome": -37000000, "calculatedIncomeNonControlling": 0, "calculatedEbitda": -295000000}, {"date": "2019-12-31", "symbol": "PK", "reportedCurrency": "USD", "cik": "0001617406", "fillingDate": "2020-02-27", "acceptedDate": "2020-02-27 16:08:35", "calendarYear": "2019", "period": "FY", "revenue": 2844000000, "costOfRevenue": 1981000000, "grossProfit": 863000000, "grossProfitRatio": 0.3034458509, "researchAndDevelopmentExpenses": 0, "generalAndAdministrativeExpenses": 62000000, "sellingAndMarketingExpenses": 53000000, "sellingGeneralAndAdministrativeExpenses": 62000000, "otherExpenses": 342000000, "operatingExpenses": 404000000, "costAndExpenses": 2385000000, "interestIncome": 6000000, "interestExpense": 140000000, "depreciationAndAmortization": 363000000, "ebitda": 789000000, "ebitdaratio": 0.2774261603, "operatingIncome": 426000000, "operatingIncomeRatio": 0.1497890295, "totalOtherIncomeExpensesNet": -75000000, "incomeBeforeTax": 351000000, "incomeBeforeTaxRatio": 0.1234177215, "incomeTaxExpense": 35000000, "netIncome": 306000000, "netIncomeRatio": 0.1075949367, "eps": 1.44, "epsdiluted": 1.44, "weightedAverageShsOut": 212000000, "weightedAverageShsOutDil": 213000000, "link": "https://www.sec.gov/Archives/edgar/data/1617406/000156459020007367/0001564590-20-007367-index.htm", "finalLink": "https://www.sec.gov/Archives/edgar/data/1617406/000156459020007367/pk-10k_20191231.htm", "calculatedOtherExpenses": 375000000, "calculatedOperatingExpenses": 437000000, "calculatedNetInterest": -134000000, "calculatedOtherIncome": 59000000, "calculatedIncomeNonControlling": 10000000, "calculatedEbitda": 789000000}, {"date": "2018-12-31", "symbol": "PK", "reportedCurrency": "USD", "cik": "0001617406", "fillingDate": "2019-02-28", "acceptedDate": "2019-02-28 16:07:38", "calendarYear": "2018", "period": "FY", "revenue": 2737000000, "costOfRevenue": 1915000000, "grossProfit": 822000000, "grossProfitRatio": 0.3003288272, "researchAndDevelopmentExpenses": 0, "generalAndAdministrativeExpenses": 65000000, "sellingAndMarketingExpenses": 53000000, "sellingGeneralAndAdministrativeExpenses": 65000000, "otherExpenses": 102000000, "operatingExpenses": 415000000, "costAndExpenses": 2330000000, "interestIncome": 6000000, "interestExpense": 127000000, "depreciationAndAmortization": 277000000, "ebitda": 810000000, "ebitdaratio": 0.2959444647, "operatingIncome": 504000000, "operatingIncomeRatio": 0.1841432225, "totalOtherIncomeExpensesNet": 214000000, "incomeBeforeTax": 500000000, "incomeBeforeTaxRatio": 0.1826817684, "incomeTaxExpense": 23000000, "netIncome": 472000000, "netIncomeRatio": 0.1724515893, "eps": 2.33, "epsdiluted": 2.31, "weightedAverageShsOut": 203000000, "weightedAverageShsOutDil": 204000000, "link": "https://www.sec.gov/Archives/edgar/data/1617406/000156459019005443/0001564590-19-005443-index.htm", "finalLink": "https://www.sec.gov/Archives/edgar/data/1617406/000156459019005443/pk-10k_20181231.htm", "calculatedOtherExpenses": 253000000, "calculatedOperatingExpenses": 318000000, "calculatedNetInterest": -121000000, "calculatedOtherIncome": 117000000, "calculatedIncomeNonControlling": 5000000, "calculatedEbitda": 781000000}, {"date": "2017-12-31", "symbol": "PK", "reportedCurrency": "USD", "cik": "0001617406", "fillingDate": "2018-03-01", "acceptedDate": "2018-03-01 16:08:00", "calendarYear": "2017", "period": "FY", "revenue": 2791000000, "costOfRevenue": 1976000000, "grossProfit": 815000000, "grossProfitRatio": 0.2920100322, "researchAndDevelopmentExpenses": 0, "generalAndAdministrativeExpenses": 68000000, "sellingAndMarketingExpenses": 55000000, "sellingGeneralAndAdministrativeExpenses": 68000000, "otherExpenses": 351000000, "operatingExpenses": 419000000, "costAndExpenses": 2395000000, "interestIncome": 2000000, "interestExpense": 124000000, "depreciationAndAmortization": 288000000, "ebitda": 726000000, "ebitdaratio": 0.2601218201, "operatingIncome": 371000000, "operatingIncomeRatio": 0.1329272662, "totalOtherIncomeExpensesNet": 11000000, "incomeBeforeTax": 285000000, "incomeBeforeTaxRatio": 0.1021139377, "incomeTaxExpense": -2346000000, "netIncome": 2625000000, "netIncomeRatio": 0.94052311, "eps": 12.38, "epsdiluted": 12.21, "weightedAverageShsOut": 211000000, "weightedAverageShsOutDil": 214000000, "link": "https://www.sec.gov/Archives/edgar/data/1617406/000156459018004101/0001564590-18-004101-index.htm", "finalLink": "https://www.sec.gov/Archives/edgar/data/1617406/000156459018004101/pk-10k_20171231.htm", "calculatedOtherExpenses": 376000000, "calculatedOperatingExpenses": 444000000, "calculatedNetInterest": -122000000, "calculatedOtherIncome": 36000000, "calculatedIncomeNonControlling": 6000000, "calculatedEbitda": 659000000}, {"date": "2016-12-31", "symbol": "PK", "reportedCurrency": "USD", "cik": "0001617406", "fillingDate": "2017-03-02", "acceptedDate": "2017-03-02 16:00:11", "calendarYear": "2016", "period": "FY", "revenue": 2727000000, "costOfRevenue": 1909000000, "grossProfit": 818000000, "grossProfitRatio": 0.2999633297, "researchAndDevelopmentExpenses": 0, "generalAndAdministrativeExpenses": 85000000, "sellingAndMarketingExpenses": 56000000, "sellingGeneralAndAdministrativeExpenses": 85000000, "otherExpenses": -25000000, "operatingExpenses": 385000000, "costAndExpenses": 2294000000, "interestIncome": 2000000, "interestExpense": 181000000, "depreciationAndAmortization": 300000000, "ebitda": 713000000, "ebitdaratio": 0.2614594793, "operatingIncome": 419000000, "operatingIncomeRatio": 0.1536486982, "totalOtherIncomeExpensesNet": -33000000, "incomeBeforeTax": 221000000, "incomeBeforeTaxRatio": 0.0810414375, "incomeTaxExpense": 82000000, "netIncome": 133000000, "netIncomeRatio": 0.0487715438, "eps": 0.67, "epsdiluted": 0.67, "weightedAverageShsOut": 197605195, "weightedAverageShsOutDil": 198000000, "link": "https://www.sec.gov/Archives/edgar/data/1617406/000156459017003210/0001564590-17-003210-index.htm", "finalLink": "https://www.sec.gov/Archives/edgar/data/1617406/000156459017003210/pk-10k_20161231.htm", "calculatedOtherExpenses": 314000000, "calculatedOperatingExpenses": 399000000, "calculatedNetInterest": -179000000, "calculatedOtherIncome": -19000000, "calculatedIncomeNonControlling": 6000000, "calculatedEbitda": 719000000}, {"date": "2015-12-31", "symbol": "PK", "reportedCurrency": "USD", "cik": "0001617406", "fillingDate": "2015-12-31", "acceptedDate": "2015-12-30 19:00:00", "calendarYear": "2015", "period": "FY", "revenue": 2688000000, "costOfRevenue": 1862000000, "grossProfit": 826000000, "grossProfitRatio": 0.3072916667, "researchAndDevelopmentExpenses": 0, "generalAndAdministrativeExpenses": 96000000, "sellingAndMarketingExpenses": 56000000, "sellingGeneralAndAdministrativeExpenses": 96000000, "otherExpenses": -6000000, "operatingExpenses": 383000000, "costAndExpenses": 2245000000, "interestIncome": 1000000, "interestExpense": 186000000, "depreciationAndAmortization": 287000000, "ebitda": 747000000, "ebitdaratio": 0.2779017857, "operatingIncome": 586000000, "operatingIncomeRatio": 0.2180059524, "totalOtherIncomeExpensesNet": 159000000, "incomeBeforeTax": 417000000, "incomeBeforeTaxRatio": 0.1551339286, "incomeTaxExpense": 118000000, "netIncome": 292000000, "netIncomeRatio": 0.1086309524, "eps": 1.47, "epsdiluted": 1.47, "weightedAverageShsOut": 198000000, "weightedAverageShsOutDil": 198000000, "link": "", "finalLink": "", "calculatedOtherExpenses": 144000000, "calculatedOperatingExpenses": 240000000, "calculatedNetInterest": -185000000, "calculatedOtherIncome": 16000000, "calculatedIncomeNonControlling": 7000000, "calculatedEbitda": 873000000}, {"date": "2014-12-31", "symbol": "PK", "reportedCurrency": "USD", "cik": "0001617406", "fillingDate": "2014-12-31", "acceptedDate": "2014-12-30 19:00:00", "calendarYear": "2014", "period": "FY", "revenue": 2513000000, "costOfRevenue": 1758000000, "grossProfit": 755000000, "grossProfitRatio": 0.3004377238, "researchAndDevelopmentExpenses": 0, "generalAndAdministrativeExpenses": 67000000, "sellingAndMarketingExpenses": 49000000, "sellingGeneralAndAdministrativeExpenses": 67000000, "otherExpenses": 25000000, "operatingExpenses": 315000000, "costAndExpenses": 2073000000, "interestIncome": 1000000, "interestExpense": 174000000, "depreciationAndAmortization": 248000000, "ebitda": 718000000, "ebitdaratio": 0.2857142857, "operatingIncome": 440000000, "operatingIncomeRatio": 0.1750895344, "totalOtherIncomeExpensesNet": 43000000, "incomeBeforeTax": 298000000, "incomeBeforeTaxRatio": 0.1185833665, "incomeTaxExpense": 117000000, "netIncome": 176000000, "netIncomeRatio": 0.0700358138, "eps": 0.89, "epsdiluted": 0.89, "weightedAverageShsOut": 198000000, "weightedAverageShsOutDil": 198000000, "link": "", "finalLink": "", "calculatedOtherExpenses": 248000000, "calculatedOperatingExpenses": 315000000, "calculatedNetInterest": -173000000, "calculatedOtherIncome": 31000000, "calculatedIncomeNonControlling": 5000000, "calculatedEbitda": 688000000}, {"date": "2013-12-31", "symbol": "PK", "reportedCurrency": "USD", "cik": "0001617406", "fillingDate": "2013-12-31", "acceptedDate": "2013-12-30 19:00:00", "calendarYear": "2013", "period": "FY", "revenue": 2333000000, "costOfRevenue": 1654000000, "grossProfit": 679000000, "grossProfitRatio": 0.2910415774, "researchAndDevelopmentExpenses": 0, "generalAndAdministrativeExpenses": 103000000, "sellingAndMarketingExpenses": 43000000, "sellingGeneralAndAdministrativeExpenses": 103000000, "otherExpenses": 246000000, "operatingExpenses": 349000000, "costAndExpenses": 2003000000, "interestIncome": 2000000, "interestExpense": 162000000, "depreciationAndAmortization": 246000000, "ebitda": 591000000, "ebitdaratio": 0.2533219031, "operatingIncome": 330000000, "operatingIncomeRatio": 0.1414487784, "totalOtherIncomeExpensesNet": 81000000, "incomeBeforeTax": 251000000, "incomeBeforeTaxRatio": 0.1075867981, "incomeTaxExpense": 104000000, "netIncome": 144000000, "netIncomeRatio": 0.0617231033, "eps": 0.73, "epsdiluted": 0.73, "weightedAverageShsOut": 198000000, "weightedAverageShsOutDil": 198000000, "link": "", "finalLink": "", "calculatedOtherExpenses": 246000000, "calculatedOperatingExpenses": 349000000, "calculatedNetInterest": -160000000, "calculatedOtherIncome": 81000000, "calculatedIncomeNonControlling": 3000000, "calculatedEbitda": 576000000}]}