{"originalCurrency": "USD", "convertedCurrency": "USD", "report": [{"date": "2024-02-04", "symbol": "PLAY", "reportedCurrency": "USD", "cik": "0001525769", "fillingDate": "2024-04-02", "acceptedDate": "2024-04-02 16:20:09", "calendarYear": "2023", "period": "FY", "revenue": 2205300000, "costOfRevenue": 1757700000, "grossProfit": 447600000, "grossProfitRatio": 0.2029655829, "researchAndDevelopmentExpenses": 0, "generalAndAdministrativeExpenses": 648600000, "sellingAndMarketingExpenses": -11100000, "sellingGeneralAndAdministrativeExpenses": 111500000, "otherExpenses": 0, "operatingExpenses": 111500000, "costAndExpenses": 1869200000, "interestIncome": 4700000, "interestExpense": 120300000, "depreciationAndAmortization": 208500000, "ebitda": 544600000, "ebitdaratio": 0.2469505283, "operatingIncome": 336100000, "operatingIncomeRatio": 0.1524055684, "totalOtherIncomeExpensesNet": -173000000, "incomeBeforeTax": 163100000, "incomeBeforeTaxRatio": 0.0739581916, "incomeTaxExpense": 36200000, "netIncome": 126900000, "netIncomeRatio": 0.0575431914, "eps": 2.94, "epsdiluted": 2.88, "weightedAverageShsOut": 43200000, "weightedAverageShsOutDil": 44070000, "link": "https://www.sec.gov/Archives/edgar/data/1525769/000162828024014369/0001628280-24-014369-index.htm", "finalLink": "https://www.sec.gov/Archives/edgar/data/1525769/000162828024014369/play-20240204.htm", "calculatedOtherExpenses": 0, "calculatedOperatingExpenses": 111500000, "calculatedNetInterest": -115600000, "calculatedOtherIncome": -57400000, "calculatedIncomeNonControlling": 0, "calculatedEbitda": 544600000}, {"date": "2023-01-29", "symbol": "PLAY", "reportedCurrency": "USD", "cik": "0001525769", "fillingDate": "2023-03-28", "acceptedDate": "2023-03-28 16:20:09", "calendarYear": "2022", "period": "FY", "revenue": 1964427000, "costOfRevenue": 308864000, "grossProfit": 1655563000, "grossProfitRatio": 0.8427714545, "researchAndDevelopmentExpenses": 0, "generalAndAdministrativeExpenses": 608566000, "sellingAndMarketingExpenses": 57600000, "sellingGeneralAndAdministrativeExpenses": 608566000, "otherExpenses": 784489000, "operatingExpenses": 1393055000, "costAndExpenses": 1701919000, "interestIncome": 628000, "interestExpense": 87363000, "depreciationAndAmortization": 169302000, "ebitda": 431810000, "ebitdaratio": 0.2198147348, "operatingIncome": 262508000, "operatingIncomeRatio": 0.1336308247, "totalOtherIncomeExpensesNet": -88842000, "incomeBeforeTax": 173666000, "incomeBeforeTaxRatio": 0.0884054231, "incomeTaxExpense": 36531000, "netIncome": 137100000, "netIncomeRatio": 0.0697913437, "eps": 2.83, "epsdiluted": 2.79, "weightedAverageShsOut": 48498053, "weightedAverageShsOutDil": 49176977, "link": "https://www.sec.gov/Archives/edgar/data/1525769/000162828023009540/0001628280-23-009540-index.htm", "finalLink": "https://www.sec.gov/Archives/edgar/data/1525769/000162828023009540/play-20230129.htm", "calculatedOtherExpenses": 784489000, "calculatedOperatingExpenses": 1393055000, "calculatedNetInterest": -86735000, "calculatedOtherIncome": -2107000, "calculatedIncomeNonControlling": 35000, "calculatedEbitda": 431810000}, {"date": "2022-01-30", "symbol": "PLAY", "reportedCurrency": "USD", "cik": "0001525769", "fillingDate": "2022-03-29", "acceptedDate": "2022-03-29 09:02:18", "calendarYear": "2021", "period": "FY", "revenue": 1304056000, "costOfRevenue": 204971000, "grossProfit": 1099085000, "grossProfitRatio": 0.8428204004, "researchAndDevelopmentExpenses": 0, "generalAndAdministrativeExpenses": 362764000, "sellingAndMarketingExpenses": 32200000, "sellingGeneralAndAdministrativeExpenses": 362764000, "otherExpenses": 549140000, "operatingExpenses": 911904000, "costAndExpenses": 1116875000, "interestIncome": 53910000, "interestExpense": 53910000, "depreciationAndAmortization": 138329000, "ebitda": 325510000, "ebitdaratio": 0.2496135135, "operatingIncome": 187181000, "operatingIncomeRatio": 0.1435375475, "totalOtherIncomeExpensesNet": -59527000, "incomeBeforeTax": 127654000, "incomeBeforeTaxRatio": 0.0978899679, "incomeTaxExpense": 19014000, "netIncome": 108700000, "netIncomeRatio": 0.083355316, "eps": 2.26, "epsdiluted": 2.21, "weightedAverageShsOut": 48142090, "weightedAverageShsOutDil": 49263720, "link": "https://www.sec.gov/Archives/edgar/data/1525769/000119312522087521/0001193125-22-087521-index.htm", "finalLink": "https://www.sec.gov/Archives/edgar/data/1525769/000119312522087521/d294271d10k.htm", "calculatedOtherExpenses": 549140000, "calculatedOperatingExpenses": 911904000, "calculatedNetInterest": 0, "calculatedOtherIncome": -59527000, "calculatedIncomeNonControlling": -60000, "calculatedEbitda": 325510000}, {"date": "2021-01-31", "symbol": "PLAY", "reportedCurrency": "USD", "cik": "0001525769", "fillingDate": "2021-03-31", "acceptedDate": "2021-03-31 17:03:55", "calendarYear": "2020", "period": "FY", "revenue": 436512000, "costOfRevenue": 74905000, "grossProfit": 361607000, "grossProfitRatio": 0.828401052, "researchAndDevelopmentExpenses": 0, "generalAndAdministrativeExpenses": 164690000, "sellingAndMarketingExpenses": 0, "sellingGeneralAndAdministrativeExpenses": 164690000, "otherExpenses": 449529000, "operatingExpenses": 614219000, "costAndExpenses": 689124000, "interestIncome": 22000, "interestExpense": 36890000, "depreciationAndAmortization": 137885000, "ebitda": -114727000, "ebitdaratio": -0.2628266806, "operatingIncome": -252612000, "operatingIncomeRatio": -0.57870574, "totalOtherIncomeExpensesNet": -37794000, "incomeBeforeTax": -290406000, "incomeBeforeTaxRatio": -0.6652875522, "incomeTaxExpense": -83432000, "netIncome": -206974000, "netIncomeRatio": -0.4741542042, "eps": -4.75, "epsdiluted": -4.75, "weightedAverageShsOut": 43549887, "weightedAverageShsOutDil": 43549887, "link": "https://www.sec.gov/Archives/edgar/data/1525769/000119312521102470/0001193125-21-102470-index.htm", "finalLink": "https://www.sec.gov/Archives/edgar/data/1525769/000119312521102470/d120247d10k.htm", "calculatedOtherExpenses": 449529000, "calculatedOperatingExpenses": 614219000, "calculatedNetInterest": -36868000, "calculatedOtherIncome": -926000, "calculatedIncomeNonControlling": 0, "calculatedEbitda": -114727000}, {"date": "2020-02-02", "symbol": "PLAY", "reportedCurrency": "USD", "cik": "0001525769", "fillingDate": "2020-04-03", "acceptedDate": "2020-04-03 15:50:35", "calendarYear": "2019", "period": "FY", "revenue": 1354691000, "costOfRevenue": 233311000, "grossProfit": 1121380000, "grossProfitRatio": 0.8277754853, "researchAndDevelopmentExpenses": 0, "generalAndAdministrativeExpenses": 392439000, "sellingAndMarketingExpenses": 0, "sellingGeneralAndAdministrativeExpenses": 392439000, "otherExpenses": 580862000, "operatingExpenses": 973301000, "costAndExpenses": 1206612000, "interestIncome": 119000, "interestExpense": 20937000, "depreciationAndAmortization": 132460000, "ebitda": 280539000, "ebitdaratio": 0.2070870774, "operatingIncome": 148079000, "operatingIncomeRatio": 0.109308322, "totalOtherIncomeExpensesNet": -20937000, "incomeBeforeTax": 127142000, "incomeBeforeTaxRatio": 0.093853137, "incomeTaxExpense": 26879000, "netIncome": 100263000, "netIncomeRatio": 0.0740117119, "eps": 3, "epsdiluted": 2.94, "weightedAverageShsOut": 33450217, "weightedAverageShsOutDil": 34099378, "link": "https://www.sec.gov/Archives/edgar/data/1525769/000119312520098060/0001193125-20-098060-index.htm", "finalLink": "https://www.sec.gov/Archives/edgar/data/1525769/000119312520098060/d832311d10k.htm", "calculatedOtherExpenses": 580862000, "calculatedOperatingExpenses": 973301000, "calculatedNetInterest": -20818000, "calculatedOtherIncome": -119000, "calculatedIncomeNonControlling": 0, "calculatedEbitda": 280539000}, {"date": "2019-02-03", "symbol": "PLAY", "reportedCurrency": "USD", "cik": "0001525769", "fillingDate": "2019-04-02", "acceptedDate": "2019-04-02 17:13:48", "calendarYear": "2018", "period": "FY", "revenue": 1265301000, "costOfRevenue": 220263000, "grossProfit": 1045038000, "grossProfitRatio": 0.8259204727, "researchAndDevelopmentExpenses": 0, "generalAndAdministrativeExpenses": 358445000, "sellingAndMarketingExpenses": 0, "sellingGeneralAndAdministrativeExpenses": 358445000, "otherExpenses": 525593000, "operatingExpenses": 884038000, "costAndExpenses": 1104301000, "interestIncome": 136000, "interestExpense": 13113000, "depreciationAndAmortization": 118275000, "ebitda": 279275000, "ebitdaratio": 0.2207182323, "operatingIncome": 161000000, "operatingIncomeRatio": 0.1272424506, "totalOtherIncomeExpensesNet": -58000, "incomeBeforeTax": 147887000, "incomeBeforeTaxRatio": 0.1168789087, "incomeTaxExpense": 30666000, "netIncome": 117221000, "netIncomeRatio": 0.0926427783, "eps": 3, "epsdiluted": 2.93, "weightedAverageShsOut": 39047106, "weightedAverageShsOutDil": 39975122, "link": "https://www.sec.gov/Archives/edgar/data/1525769/000119312519095746/0001193125-19-095746-index.htm", "finalLink": "https://www.sec.gov/Archives/edgar/data/1525769/000119312519095746/d675414d10k.htm", "calculatedOtherExpenses": 525593000, "calculatedOperatingExpenses": 884038000, "calculatedNetInterest": -12977000, "calculatedOtherIncome": -136000, "calculatedIncomeNonControlling": 0, "calculatedEbitda": 279275000}, {"date": "2018-02-04", "symbol": "PLAY", "reportedCurrency": "USD", "cik": "0001525769", "fillingDate": "2018-04-03", "acceptedDate": "2018-04-03 17:21:03", "calendarYear": "2017", "period": "FY", "revenue": 1139791000, "costOfRevenue": 196672000, "grossProfit": 943119000, "grossProfitRatio": 0.8274490674, "researchAndDevelopmentExpenses": 0, "generalAndAdministrativeExpenses": 316289000, "sellingAndMarketingExpenses": 0, "sellingGeneralAndAdministrativeExpenses": 316289000, "otherExpenses": 461058000, "operatingExpenses": 777347000, "costAndExpenses": 974019000, "interestIncome": 224000, "interestExpense": 7911000, "depreciationAndAmortization": 102766000, "ebitda": 268023000, "ebitdaratio": 0.2351510058, "operatingIncome": 165772000, "operatingIncomeRatio": 0.1454406992, "totalOtherIncomeExpensesNet": -957000, "incomeBeforeTax": 156389000, "incomeBeforeTaxRatio": 0.1372084882, "incomeTaxExpense": 35440000, "netIncome": 120949000, "netIncomeRatio": 0.1061150685, "eps": 2.93, "epsdiluted": 2.84, "weightedAverageShsOut": 41276314, "weightedAverageShsOutDil": 42583009, "link": "https://www.sec.gov/Archives/edgar/data/1525769/000119312518106389/0001193125-18-106389-index.htm", "finalLink": "https://www.sec.gov/Archives/edgar/data/1525769/000119312518106389/d407284d10k.htm", "calculatedOtherExpenses": 461058000, "calculatedOperatingExpenses": 777347000, "calculatedNetInterest": -7687000, "calculatedOtherIncome": -1696000, "calculatedIncomeNonControlling": 0, "calculatedEbitda": 268538000}, {"date": "2017-01-29", "symbol": "PLAY", "reportedCurrency": "USD", "cik": "0001525769", "fillingDate": "2017-03-28", "acceptedDate": "2017-03-28 17:14:39", "calendarYear": "2016", "period": "FY", "revenue": 1005158000, "costOfRevenue": 180300000, "grossProfit": 824858000, "grossProfitRatio": 0.8206252151, "researchAndDevelopmentExpenses": 0, "generalAndAdministrativeExpenses": 283301000, "sellingAndMarketingExpenses": 0, "sellingGeneralAndAdministrativeExpenses": 283301000, "otherExpenses": 391041000, "operatingExpenses": 674342000, "costAndExpenses": 854642000, "interestIncome": 271000, "interestExpense": 6985000, "depreciationAndAmortization": 88305000, "ebitda": 238821000, "ebitdaratio": 0.2375954825, "operatingIncome": 150516000, "operatingIncomeRatio": 0.1497436224, "totalOtherIncomeExpensesNet": -148000, "incomeBeforeTax": 143531000, "incomeBeforeTaxRatio": 0.1427944661, "incomeTaxExpense": 52736000, "netIncome": 90795000, "netIncomeRatio": 0.0903290826, "eps": 2.16, "epsdiluted": 2.1, "weightedAverageShsOut": 41951770, "weightedAverageShsOutDil": 43288592, "link": "https://www.sec.gov/Archives/edgar/data/1525769/000119312517099977/0001193125-17-099977-index.htm", "finalLink": "https://www.sec.gov/Archives/edgar/data/1525769/000119312517099977/d317170d10k.htm", "calculatedOtherExpenses": 391041000, "calculatedOperatingExpenses": 674342000, "calculatedNetInterest": -6714000, "calculatedOtherIncome": -271000, "calculatedIncomeNonControlling": 0, "calculatedEbitda": 238821000}, {"date": "2016-01-31", "symbol": "PLAY", "reportedCurrency": "USD", "cik": "0001525769", "fillingDate": "2016-03-29", "acceptedDate": "2016-03-29 17:14:44", "calendarYear": "2015", "period": "FY", "revenue": 866982000, "costOfRevenue": 162810000, "grossProfit": 704172000, "grossProfitRatio": 0.8122106341, "researchAndDevelopmentExpenses": 0, "generalAndAdministrativeExpenses": 253729000, "sellingAndMarketingExpenses": 0, "sellingGeneralAndAdministrativeExpenses": 253729000, "otherExpenses": 340407000, "operatingExpenses": 594136000, "costAndExpenses": 756946000, "interestIncome": 308000, "interestExpense": 11464000, "depreciationAndAmortization": 78660000, "ebitda": 188696000, "ebitdaratio": 0.2176469638, "operatingIncome": 110036000, "operatingIncomeRatio": 0.1269184366, "totalOtherIncomeExpensesNet": -6822000, "incomeBeforeTax": 91750000, "incomeBeforeTaxRatio": 0.1058268799, "incomeTaxExpense": 32131000, "netIncome": 59619000, "netIncomeRatio": 0.0687661336, "eps": 1.46, "epsdiluted": 1.39, "weightedAverageShsOut": 40968455, "weightedAverageShsOutDil": 42783905, "link": "https://www.sec.gov/Archives/edgar/data/1525769/000119312516521591/0001193125-16-521591-index.htm", "finalLink": "https://www.sec.gov/Archives/edgar/data/1525769/000119312516521591/d105429d10k.htm", "calculatedOtherExpenses": 340407000, "calculatedOperatingExpenses": 594136000, "calculatedNetInterest": -11156000, "calculatedOtherIncome": -7130000, "calculatedIncomeNonControlling": 0, "calculatedEbitda": 188696000}, {"date": "2015-02-01", "symbol": "PLAY", "reportedCurrency": "USD", "cik": "0001525769", "fillingDate": "2015-04-07", "acceptedDate": "2015-04-07 17:20:04", "calendarYear": "2014", "period": "FY", "revenue": 746751000, "costOfRevenue": 146475000, "grossProfit": 600276000, "grossProfitRatio": 0.8038502794, "researchAndDevelopmentExpenses": 0, "generalAndAdministrativeExpenses": 220283000, "sellingAndMarketingExpenses": 0, "sellingGeneralAndAdministrativeExpenses": 220283000, "otherExpenses": 306132000, "operatingExpenses": 526415000, "costAndExpenses": 672890000, "interestIncome": 329000, "interestExpense": 34789000, "depreciationAndAmortization": 70868000, "ebitda": 144729000, "ebitdaratio": 0.1938115918, "operatingIncome": 73861000, "operatingIncomeRatio": 0.0989098106, "totalOtherIncomeExpensesNet": -27578000, "incomeBeforeTax": 11494000, "incomeBeforeTaxRatio": 0.0153920115, "incomeTaxExpense": 3858000, "netIncome": 7636000, "netIncomeRatio": 0.0102256308, "eps": 0.22, "epsdiluted": 0.21, "weightedAverageShsOut": 35314884, "weightedAverageShsOutDil": 37126048, "link": "https://www.sec.gov/Archives/edgar/data/1525769/000119312515121531/0001193125-15-121531-index.htm", "finalLink": "https://www.sec.gov/Archives/edgar/data/1525769/000119312515121531/d845221d10k.htm", "calculatedOtherExpenses": 306132000, "calculatedOperatingExpenses": 526415000, "calculatedNetInterest": -34460000, "calculatedOtherIncome": -27907000, "calculatedIncomeNonControlling": 0, "calculatedEbitda": 144729000}, {"date": "2014-01-31", "symbol": "PLAY", "reportedCurrency": "USD", "cik": "0001525769", "fillingDate": "2014-01-31", "acceptedDate": "2014-01-30 19:00:00", "calendarYear": "2013", "period": "FY", "revenue": 635579000, "costOfRevenue": 125014000, "grossProfit": 510565000, "grossProfitRatio": 0.803306906, "researchAndDevelopmentExpenses": 0, "generalAndAdministrativeExpenses": 186612000, "sellingAndMarketingExpenses": 0, "sellingGeneralAndAdministrativeExpenses": 186612000, "otherExpenses": 272914000, "operatingExpenses": 459526000, "costAndExpenses": 584540000, "interestIncome": 334000, "interestExpense": 44954000, "depreciationAndAmortization": 66337000, "ebitda": 114521000, "ebitdaratio": 0.180183738, "operatingIncome": 51039000, "operatingIncomeRatio": 0.0803031566, "totalOtherIncomeExpensesNet": -47809000, "incomeBeforeTax": 3230000, "incomeBeforeTaxRatio": 0.0050819804, "incomeTaxExpense": 1061000, "netIncome": 2169000, "netIncomeRatio": 0.0034126364, "eps": 0.0555, "epsdiluted": 0.0555, "weightedAverageShsOut": 39086625, "weightedAverageShsOutDil": 39086625, "link": "", "finalLink": "", "calculatedOtherExpenses": 272914000, "calculatedOperatingExpenses": 459526000, "calculatedNetInterest": -44620000, "calculatedOtherIncome": -3189000, "calculatedIncomeNonControlling": 0, "calculatedEbitda": 117376000}, {"date": "2013-01-31", "symbol": "PLAY", "reportedCurrency": "USD", "cik": "0001525769", "fillingDate": "2013-01-31", "acceptedDate": "2013-01-30 19:00:00", "calendarYear": "2012", "period": "FY", "revenue": 608067000, "costOfRevenue": 119117000, "grossProfit": 488950000, "grossProfitRatio": 0.8041054686, "researchAndDevelopmentExpenses": 0, "generalAndAdministrativeExpenses": 185927000, "sellingAndMarketingExpenses": 0, "sellingGeneralAndAdministrativeExpenses": 185927000, "otherExpenses": 259309000, "operatingExpenses": 445236000, "costAndExpenses": 564353000, "interestIncome": 336000, "interestExpense": 45024000, "depreciationAndAmortization": 63457000, "ebitda": 104561000, "ebitdaratio": 0.1719563798, "operatingIncome": 43714000, "operatingIncomeRatio": 0.0718901042, "totalOtherIncomeExpensesNet": -47634000, "incomeBeforeTax": -3920000, "incomeBeforeTaxRatio": -0.006446658, "incomeTaxExpense": -12702000, "netIncome": 8782000, "netIncomeRatio": 0.0144424874, "eps": 0.22, "epsdiluted": 0.22, "weightedAverageShsOut": 39086625, "weightedAverageShsOutDil": 39086625, "link": "", "finalLink": "", "calculatedOtherExpenses": 259309000, "calculatedOperatingExpenses": 445236000, "calculatedNetInterest": -44688000, "calculatedOtherIncome": -2946000, "calculatedIncomeNonControlling": 0, "calculatedEbitda": 107171000}, {"date": "2012-01-31", "symbol": "PLAY", "reportedCurrency": "USD", "cik": "0001525769", "fillingDate": "2012-01-31", "acceptedDate": "2012-01-30 19:00:00", "calendarYear": "2011", "period": "FY", "revenue": 541545000, "costOfRevenue": 107168000, "grossProfit": 434377000, "grossProfitRatio": 0.8021069348, "researchAndDevelopmentExpenses": 0, "generalAndAdministrativeExpenses": 345950000, "sellingAndMarketingExpenses": 0, "sellingGeneralAndAdministrativeExpenses": 345950000, "otherExpenses": 54277000, "operatingExpenses": 400227000, "costAndExpenses": 507395000, "interestIncome": 367000, "interestExpense": 45298000, "depreciationAndAmortization": 54277000, "ebitda": 88794000, "ebitdaratio": 0.1639642135, "operatingIncome": 34150000, "operatingIncomeRatio": 0.0630603182, "totalOtherIncomeExpensesNet": -44931000, "incomeBeforeTax": -10781000, "incomeBeforeTaxRatio": -0.0199078562, "incomeTaxExpense": -3796000, "netIncome": -6985000, "netIncomeRatio": -0.0128982818, "eps": -0.18, "epsdiluted": -0.18, "weightedAverageShsOut": 39086625, "weightedAverageShsOutDil": 39086625, "link": "", "finalLink": "", "calculatedOtherExpenses": 54277000, "calculatedOperatingExpenses": 400227000, "calculatedNetInterest": -44931000, "calculatedOtherIncome": 0, "calculatedIncomeNonControlling": 0, "calculatedEbitda": 88427000}, {"date": "2011-01-31", "symbol": "PLAY", "reportedCurrency": "USD", "cik": "0001525769", "fillingDate": "2011-01-31", "acceptedDate": "2011-01-30 19:00:00", "calendarYear": "2010", "period": "FY", "revenue": 521539000, "costOfRevenue": 103981000, "grossProfit": 417558000, "grossProfitRatio": 0.800626607, "researchAndDevelopmentExpenses": 0, "generalAndAdministrativeExpenses": 345521000, "sellingAndMarketingExpenses": 0, "sellingGeneralAndAdministrativeExpenses": 345521000, "otherExpenses": 50018000, "operatingExpenses": 395539000, "costAndExpenses": 499520000, "interestIncome": 283000, "interestExpense": 32745000, "depreciationAndAmortization": 50018000, "ebitda": 72320000, "ebitdaratio": 0.1386665235, "operatingIncome": 22019000, "operatingIncomeRatio": 0.0422192779, "totalOtherIncomeExpensesNet": -32462000, "incomeBeforeTax": -10443000, "incomeBeforeTaxRatio": -0.0200234307, "incomeTaxExpense": -3148000, "netIncome": -7295000, "netIncomeRatio": -0.0139874487, "eps": -0.19, "epsdiluted": -0.19, "weightedAverageShsOut": 39086625, "weightedAverageShsOutDil": 39086625, "link": "", "finalLink": "", "calculatedOtherExpenses": 50018000, "calculatedOperatingExpenses": 395539000, "calculatedNetInterest": -32462000, "calculatedOtherIncome": 0, "calculatedIncomeNonControlling": 0, "calculatedEbitda": 72037000}, {"date": "2010-01-31", "symbol": "PLAY", "reportedCurrency": "USD", "cik": "0001525769", "fillingDate": "2010-01-31", "acceptedDate": "2010-01-30 19:00:00", "calendarYear": "2009", "period": "FY", "revenue": 520783000, "costOfRevenue": 104137000, "grossProfit": 416646000, "grossProfitRatio": 0.8000376356, "researchAndDevelopmentExpenses": 0, "generalAndAdministrativeExpenses": 341117000, "sellingAndMarketingExpenses": 0, "sellingGeneralAndAdministrativeExpenses": 341117000, "otherExpenses": 53658000, "operatingExpenses": 394775000, "costAndExpenses": 498912000, "interestIncome": 316000, "interestExpense": 22438000, "depreciationAndAmortization": 53658000, "ebitda": 75845000, "ebitdaratio": 0.1456364743, "operatingIncome": 21871000, "operatingIncomeRatio": 0.0419963785, "totalOtherIncomeExpensesNet": -22122000, "incomeBeforeTax": -251000, "incomeBeforeTaxRatio": -0.0004819666, "incomeTaxExpense": 99000, "netIncome": -350000, "netIncomeRatio": -0.0006720649, "eps": -0.009, "epsdiluted": -0.009, "weightedAverageShsOut": 39086625, "weightedAverageShsOutDil": 39086625, "link": "", "finalLink": "", "calculatedOtherExpenses": 53658000, "calculatedOperatingExpenses": 394775000, "calculatedNetInterest": -22122000, "calculatedOtherIncome": 0, "calculatedIncomeNonControlling": 0, "calculatedEbitda": 75529000}]}