{"originalCurrency": "USD", "convertedCurrency": "USD", "report": [{"date": "2023-12-31", "symbol": "PLMR", "reportedCurrency": "USD", "cik": "0001761312", "fillingDate": "2024-02-23", "acceptedDate": "2024-02-23 16:45:12", "calendarYear": "2023", "period": "FY", "revenue": 375926000, "costOfRevenue": 0, "grossProfit": 375926000, "grossProfitRatio": 1, "researchAndDevelopmentExpenses": 0, "generalAndAdministrativeExpenses": 0, "sellingAndMarketingExpenses": 0, "sellingGeneralAndAdministrativeExpenses": 14913000, "otherExpenses": -195917000, "operatingExpenses": 195917000, "costAndExpenses": -268509000, "interestIncome": 24220000, "interestExpense": 3775000, "depreciationAndAmortization": 4503000, "ebitda": 184512000, "ebitdaratio": 0.4908200018, "operatingIncome": 180009000, "operatingIncomeRatio": 0.4788415805, "totalOtherIncomeExpensesNet": 103642000, "incomeBeforeTax": 103642000, "incomeBeforeTaxRatio": 0.2756978767, "incomeTaxExpense": 24441000, "netIncome": 79201000, "netIncomeRatio": 0.2106824215, "eps": 3.19, "epsdiluted": 3.13, "weightedAverageShsOut": 24822004, "weightedAverageShsOutDil": 25327091, "link": "https://www.sec.gov/Archives/edgar/data/1761312/000143774924005385/0001437749-24-005385-index.htm", "finalLink": "https://www.sec.gov/Archives/edgar/data/1761312/000143774924005385/plmr20231231_10k.htm", "calculatedOtherExpenses": 181004000, "calculatedOperatingExpenses": 195917000, "calculatedNetInterest": 20445000, "calculatedOtherIncome": -96812000, "calculatedIncomeNonControlling": 0, "calculatedEbitda": 184512000}, {"date": "2022-12-31", "symbol": "PLMR", "reportedCurrency": "USD", "cik": "0001761312", "fillingDate": "2023-03-01", "acceptedDate": "2023-03-01 06:29:01", "calendarYear": "2022", "period": "FY", "revenue": 327086000, "costOfRevenue": 0, "grossProfit": 327086000, "grossProfitRatio": 1, "researchAndDevelopmentExpenses": 0, "generalAndAdministrativeExpenses": 0, "sellingAndMarketingExpenses": 0, "sellingGeneralAndAdministrativeExpenses": 11624000, "otherExpenses": 259535000, "operatingExpenses": 259535000, "costAndExpenses": 259535000, "interestIncome": 14370000, "interestExpense": 873000, "depreciationAndAmortization": 5722000, "ebitda": 74146000, "ebitdaratio": 0.2266865595, "operatingIncome": 68424000, "operatingIncomeRatio": 0.2091926894, "totalOtherIncomeExpensesNet": -873000, "incomeBeforeTax": 67551000, "incomeBeforeTaxRatio": 0.2065236666, "incomeTaxExpense": 15381000, "netIncome": 52170000, "netIncomeRatio": 0.1594993366, "eps": 2.07, "epsdiluted": 2.02, "weightedAverageShsOut": 25243397, "weightedAverageShsOutDil": 25796008, "link": "https://www.sec.gov/Archives/edgar/data/1761312/000155837023002465/0001558370-23-002465-index.htm", "finalLink": "https://www.sec.gov/Archives/edgar/data/1761312/000155837023002465/plmr-20221231x10k.htm", "calculatedOtherExpenses": 247038000, "calculatedOperatingExpenses": 258662000, "calculatedNetInterest": 13497000, "calculatedOtherIncome": -14370000, "calculatedIncomeNonControlling": 0, "calculatedEbitda": 74146000}, {"date": "2021-12-31", "symbol": "PLMR", "reportedCurrency": "USD", "cik": "0001761312", "fillingDate": "2022-02-25", "acceptedDate": "2022-02-24 21:57:48", "calendarYear": "2021", "period": "FY", "revenue": 247791000, "costOfRevenue": 0, "grossProfit": 247791000, "grossProfitRatio": 1, "researchAndDevelopmentExpenses": 0, "generalAndAdministrativeExpenses": 0, "sellingAndMarketingExpenses": 0, "sellingGeneralAndAdministrativeExpenses": 5584000, "otherExpenses": -190653000, "operatingExpenses": -190653000, "costAndExpenses": 190653000, "interestIncome": 9580000, "interestExpense": 40000, "depreciationAndAmortization": 3544000, "ebitda": 60682000, "ebitdaratio": 0.2448918645, "operatingIncome": 57138000, "operatingIncomeRatio": 0.2305894887, "totalOtherIncomeExpensesNet": 57138000, "incomeBeforeTax": 57138000, "incomeBeforeTaxRatio": 0.2305894887, "incomeTaxExpense": 11291000, "netIncome": 45847000, "netIncomeRatio": 0.185022862, "eps": 1.8, "epsdiluted": 1.76, "weightedAverageShsOut": 25459514, "weightedAverageShsOutDil": 26111904, "link": "https://www.sec.gov/Archives/edgar/data/1761312/000155837022002035/0001558370-22-002035-index.htm", "finalLink": "https://www.sec.gov/Archives/edgar/data/1761312/000155837022002035/plmr-20211231x10k.htm", "calculatedOtherExpenses": 185069000, "calculatedOperatingExpenses": 190653000, "calculatedNetInterest": 9540000, "calculatedOtherIncome": -9540000, "calculatedIncomeNonControlling": 0, "calculatedEbitda": 60682000}, {"date": "2020-12-31", "symbol": "PLMR", "reportedCurrency": "USD", "cik": "0001761312", "fillingDate": "2021-03-09", "acceptedDate": "2021-03-09 17:00:34", "calendarYear": "2020", "period": "FY", "revenue": 168463000, "costOfRevenue": 0, "grossProfit": 168463000, "grossProfitRatio": 1, "researchAndDevelopmentExpenses": 0, "generalAndAdministrativeExpenses": 0, "sellingAndMarketingExpenses": 0, "sellingGeneralAndAdministrativeExpenses": 2167000, "otherExpenses": -162240000, "operatingExpenses": -162240000, "costAndExpenses": 162240000, "interestIncome": 9043000, "interestExpense": 0, "depreciationAndAmortization": 1336000, "ebitda": 7559000, "ebitdaratio": 0.044870387, "operatingIncome": 6223000, "operatingIncomeRatio": 0.0369398622, "totalOtherIncomeExpensesNet": 6223000, "incomeBeforeTax": 6223000, "incomeBeforeTaxRatio": 0.0369398622, "incomeTaxExpense": -34000, "netIncome": 6257000, "netIncomeRatio": 0.0371416869, "eps": 0.25, "epsdiluted": 0.24, "weightedAverageShsOut": 24872251, "weightedAverageShsOutDil": 25598647, "link": "https://www.sec.gov/Archives/edgar/data/1761312/000155837021002643/0001558370-21-002643-index.htm", "finalLink": "https://www.sec.gov/Archives/edgar/data/1761312/000155837021002643/plmr-20201231x10k.htm", "calculatedOtherExpenses": 160073000, "calculatedOperatingExpenses": 162240000, "calculatedNetInterest": 9043000, "calculatedOtherIncome": -9043000, "calculatedIncomeNonControlling": 0, "calculatedEbitda": 7559000}, {"date": "2019-12-31", "symbol": "PLMR", "reportedCurrency": "USD", "cik": "0001761312", "fillingDate": "2020-02-28", "acceptedDate": "2020-02-27 21:48:51", "calendarYear": "2019", "period": "FY", "revenue": 113296000, "costOfRevenue": 0, "grossProfit": 113296000, "grossProfitRatio": 1, "researchAndDevelopmentExpenses": 0, "generalAndAdministrativeExpenses": 0, "sellingAndMarketingExpenses": 0, "sellingGeneralAndAdministrativeExpenses": 24103000, "otherExpenses": -95219000, "operatingExpenses": -95219000, "costAndExpenses": 95219000, "interestIncome": 6318000, "interestExpense": 1068000, "depreciationAndAmortization": 216000, "ebitda": 18293000, "ebitdaratio": 0.161462011, "operatingIncome": 18077000, "operatingIncomeRatio": 0.1595555006, "totalOtherIncomeExpensesNet": 18077000, "incomeBeforeTax": 18077000, "incomeBeforeTaxRatio": 0.1595555006, "incomeTaxExpense": 7456000, "netIncome": 10621000, "netIncomeRatio": 0.0937455868, "eps": 0.49, "epsdiluted": 0.49, "weightedAverageShsOut": 21501541, "weightedAverageShsOutDil": 21834934, "link": "https://www.sec.gov/Archives/edgar/data/1761312/000155837020001709/0001558370-20-001709-index.htm", "finalLink": "https://www.sec.gov/Archives/edgar/data/1761312/000155837020001709/plmr-20191231x10k.htm", "calculatedOtherExpenses": 71116000, "calculatedOperatingExpenses": 95219000, "calculatedNetInterest": 5250000, "calculatedOtherIncome": -5250000, "calculatedIncomeNonControlling": 0, "calculatedEbitda": 18293000}, {"date": "2018-12-31", "symbol": "PLMR", "reportedCurrency": "USD", "cik": "0001761312", "fillingDate": "2018-12-31", "acceptedDate": "2018-12-30 19:00:00", "calendarYear": "2018", "period": "FY", "revenue": 72971000, "costOfRevenue": 0, "grossProfit": 72971000, "grossProfitRatio": 1, "researchAndDevelopmentExpenses": 0, "generalAndAdministrativeExpenses": 0, "sellingAndMarketingExpenses": 0, "sellingGeneralAndAdministrativeExpenses": 0, "otherExpenses": -52455000, "operatingExpenses": -52455000, "costAndExpenses": 54758000, "interestIncome": 3550000, "interestExpense": 2303000, "depreciationAndAmortization": 212000, "ebitda": 20728000, "ebitdaratio": 0.2840580505, "operatingIncome": 20516000, "operatingIncomeRatio": 0.2811527867, "totalOtherIncomeExpensesNet": -2303000, "incomeBeforeTax": 18213000, "incomeBeforeTaxRatio": 0.2495923038, "incomeTaxExpense": -6000, "netIncome": 18219000, "netIncomeRatio": 0.2496745282, "eps": 0.81, "epsdiluted": 0.81, "weightedAverageShsOut": 22625000, "weightedAverageShsOutDil": 22625000, "link": "", "finalLink": "", "calculatedOtherExpenses": 52455000, "calculatedOperatingExpenses": 52455000, "calculatedNetInterest": 1247000, "calculatedOtherIncome": -3550000, "calculatedIncomeNonControlling": 0, "calculatedEbitda": 20728000}, {"date": "2017-12-31", "symbol": "PLMR", "reportedCurrency": "USD", "cik": "0001761312", "fillingDate": "2017-12-31", "acceptedDate": "2017-12-30 19:00:00", "calendarYear": "2017", "period": "FY", "revenue": 59466000, "costOfRevenue": 0, "grossProfit": 59466000, "grossProfitRatio": 1, "researchAndDevelopmentExpenses": 0, "generalAndAdministrativeExpenses": 0, "sellingAndMarketingExpenses": 0, "sellingGeneralAndAdministrativeExpenses": 0, "otherExpenses": -52793000, "operatingExpenses": -52793000, "costAndExpenses": 54538000, "interestIncome": 2430000, "interestExpense": 1745000, "depreciationAndAmortization": 160000, "ebitda": 6833000, "ebitdaratio": 0.1149059967, "operatingIncome": 6673000, "operatingIncomeRatio": 0.1122153836, "totalOtherIncomeExpensesNet": -1745000, "incomeBeforeTax": 4928000, "incomeBeforeTaxRatio": 0.0828708842, "incomeTaxExpense": 1145000, "netIncome": 3783000, "netIncomeRatio": 0.063616184, "eps": 0.17, "epsdiluted": 0.17, "weightedAverageShsOut": 17195454, "weightedAverageShsOutDil": 22625000, "link": "", "finalLink": "", "calculatedOtherExpenses": 52793000, "calculatedOperatingExpenses": 52793000, "calculatedNetInterest": 685000, "calculatedOtherIncome": -2430000, "calculatedIncomeNonControlling": 0, "calculatedEbitda": 6833000}, {"date": "2016-12-31", "symbol": "PLMR", "reportedCurrency": "USD", "cik": "0001761312", "fillingDate": "2016-12-31", "acceptedDate": "2016-12-30 19:00:00", "calendarYear": "2016", "period": "FY", "revenue": 42696000, "costOfRevenue": 0, "grossProfit": 42696000, "grossProfitRatio": 1, "researchAndDevelopmentExpenses": 0, "generalAndAdministrativeExpenses": 0, "sellingAndMarketingExpenses": 0, "sellingGeneralAndAdministrativeExpenses": 0, "otherExpenses": -34785000, "operatingExpenses": -34785000, "costAndExpenses": 36419000, "interestIncome": 1897000, "interestExpense": 1634000, "depreciationAndAmortization": 88000, "ebitda": 7999000, "ebitdaratio": 0.1873477609, "operatingIncome": 7911000, "operatingIncomeRatio": 0.1852866779, "totalOtherIncomeExpensesNet": -1634000, "incomeBeforeTax": 6277000, "incomeBeforeTaxRatio": 0.1470161139, "incomeTaxExpense": -337000, "netIncome": 6614000, "netIncomeRatio": 0.154909125, "eps": 0.29, "epsdiluted": 0.29, "weightedAverageShsOut": 17000035, "weightedAverageShsOutDil": 22625000, "link": "", "finalLink": "", "calculatedOtherExpenses": 34785000, "calculatedOperatingExpenses": 34785000, "calculatedNetInterest": 263000, "calculatedOtherIncome": -1897000, "calculatedIncomeNonControlling": 0, "calculatedEbitda": 7999000}]}