{"originalCurrency": "USD", "convertedCurrency": "USD", "report": [{"date": "2023-12-31", "symbol": "PLNT", "reportedCurrency": "USD", "cik": "0001637207", "fillingDate": "2024-02-22", "acceptedDate": "2024-02-22 06:31:00", "calendarYear": "2023", "period": "FY", "revenue": 1071326000, "costOfRevenue": 663153000, "grossProfit": 408173000, "grossProfitRatio": 0.3809979409, "researchAndDevelopmentExpenses": 0, "generalAndAdministrativeExpenses": 100463000, "sellingAndMarketingExpenses": 42156000, "sellingGeneralAndAdministrativeExpenses": 142619000, "otherExpenses": 7310000, "operatingExpenses": 135309000, "costAndExpenses": 798462000, "interestIncome": 17741000, "interestExpense": 86576000, "depreciationAndAmortization": 149413000, "ebitda": 422277000, "ebitdaratio": 0.3941629345, "operatingIncome": 272864000, "operatingIncomeRatio": 0.2546974497, "totalOtherIncomeExpensesNet": -65323000, "incomeBeforeTax": 207541000, "incomeBeforeTaxRatio": 0.1937234791, "incomeTaxExpense": 58512000, "netIncome": 138313000, "netIncomeRatio": 0.1291044929, "eps": 1.63, "epsdiluted": 1.62, "weightedAverageShsOut": 84896397, "weightedAverageShsOutDil": 85184918, "link": "https://www.sec.gov/Archives/edgar/data/1637207/000163720724000014/0001637207-24-000014-index.htm", "finalLink": "https://www.sec.gov/Archives/edgar/data/1637207/000163720724000014/plntq42023pressreleaseex991.htm", "calculatedOtherExpenses": -7310000, "calculatedOperatingExpenses": 135309000, "calculatedNetInterest": -68835000, "calculatedOtherIncome": 3512000, "calculatedIncomeNonControlling": 10716000, "calculatedEbitda": 422277000}, {"date": "2022-12-31", "symbol": "PLNT", "reportedCurrency": "USD", "cik": "0001637207", "fillingDate": "2023-03-01", "acceptedDate": "2023-03-01 16:17:48", "calendarYear": "2022", "period": "FY", "revenue": 936772000, "costOfRevenue": 462738000, "grossProfit": 474034000, "grossProfitRatio": 0.5060292152, "researchAndDevelopmentExpenses": 0, "generalAndAdministrativeExpenses": 80288000, "sellingAndMarketingExpenses": 34565000, "sellingGeneralAndAdministrativeExpenses": 114853000, "otherExpenses": 129103000, "operatingExpenses": 243956000, "costAndExpenses": 706694000, "interestIncome": 5005000, "interestExpense": 88628000, "depreciationAndAmortization": 144010000, "ebitda": 374088000, "ebitdaratio": 0.3993372987, "operatingIncome": 230078000, "operatingIncomeRatio": 0.2456072556, "totalOtherIncomeExpensesNet": -68640000, "incomeBeforeTax": 161438000, "incomeBeforeTaxRatio": 0.1723343567, "incomeTaxExpense": 50515000, "netIncome": 99402000, "netIncomeRatio": 0.1061111989, "eps": 1.18, "epsdiluted": 1.18, "weightedAverageShsOut": 84136819, "weightedAverageShsOutDil": 84544098, "link": "https://www.sec.gov/Archives/edgar/data/1637207/000163720723000005/0001637207-23-000005-index.htm", "finalLink": "https://www.sec.gov/Archives/edgar/data/1637207/000163720723000005/plnt-20221231.htm", "calculatedOtherExpenses": 129103000, "calculatedOperatingExpenses": 243956000, "calculatedNetInterest": -83623000, "calculatedOtherIncome": 14983000, "calculatedIncomeNonControlling": 11521000, "calculatedEbitda": 374088000}, {"date": "2021-12-31", "symbol": "PLNT", "reportedCurrency": "USD", "cik": "0001637207", "fillingDate": "2022-03-01", "acceptedDate": "2022-03-01 16:08:19", "calendarYear": "2021", "period": "FY", "revenue": 587023000, "costOfRevenue": 271151000, "grossProfit": 315872000, "grossProfitRatio": 0.5380913525, "researchAndDevelopmentExpenses": 0, "generalAndAdministrativeExpenses": 71729000, "sellingAndMarketingExpenses": 22811000, "sellingGeneralAndAdministrativeExpenses": 94540000, "otherExpenses": 77937000, "operatingExpenses": 172477000, "costAndExpenses": 443628000, "interestIncome": 878000, "interestExpense": 81211000, "depreciationAndAmortization": 52576000, "ebitda": 195971000, "ebitdaratio": 0.3338387082, "operatingIncome": 143395000, "operatingIncomeRatio": 0.2442749262, "totalOtherIncomeExpensesNet": -91435000, "incomeBeforeTax": 51960000, "incomeBeforeTaxRatio": 0.0885144194, "incomeTaxExpense": 5659000, "netIncome": 42774000, "netIncomeRatio": 0.0728659695, "eps": 0.51, "epsdiluted": 0.51, "weightedAverageShsOut": 83295580, "weightedAverageShsOutDil": 83894149, "link": "https://www.sec.gov/Archives/edgar/data/1637207/000163720722000011/0001637207-22-000011-index.htm", "finalLink": "https://www.sec.gov/Archives/edgar/data/1637207/000163720722000011/plnt-20211231.htm", "calculatedOtherExpenses": 77937000, "calculatedOperatingExpenses": 172477000, "calculatedNetInterest": -80333000, "calculatedOtherIncome": -11102000, "calculatedIncomeNonControlling": 3527000, "calculatedEbitda": 195971000}, {"date": "2020-12-31", "symbol": "PLNT", "reportedCurrency": "USD", "cik": "0001637207", "fillingDate": "2021-03-01", "acceptedDate": "2021-03-01 16:15:55", "calendarYear": "2020", "period": "FY", "revenue": 406618000, "costOfRevenue": 220007000, "grossProfit": 186611000, "grossProfitRatio": 0.4589344299, "researchAndDevelopmentExpenses": 0, "generalAndAdministrativeExpenses": 0, "sellingAndMarketingExpenses": 0, "sellingGeneralAndAdministrativeExpenses": 68585000, "otherExpenses": 58266000, "operatingExpenses": 126851000, "costAndExpenses": 346858000, "interestIncome": 2937000, "interestExpense": 82117000, "depreciationAndAmortization": 61729000, "ebitda": 121489000, "ebitdaratio": 0.2987791982, "operatingIncome": 59760000, "operatingIncomeRatio": 0.1469684077, "totalOtherIncomeExpensesNet": -74277000, "incomeBeforeTax": -14517000, "incomeBeforeTaxRatio": -0.0357018135, "incomeTaxExpense": 687000, "netIncome": -15204000, "netIncomeRatio": -0.0373913599, "eps": -0.19, "epsdiluted": -0.19, "weightedAverageShsOut": 80303277, "weightedAverageShsOutDil": 80303277, "link": "https://www.sec.gov/Archives/edgar/data/1637207/000163720721000009/0001637207-21-000009-index.htm", "finalLink": "https://www.sec.gov/Archives/edgar/data/1637207/000163720721000009/plnt-20201231.htm", "calculatedOtherExpenses": 58266000, "calculatedOperatingExpenses": 126851000, "calculatedNetInterest": -79180000, "calculatedOtherIncome": 4903000, "calculatedIncomeNonControlling": 0, "calculatedEbitda": 121489000}, {"date": "2019-12-31", "symbol": "PLNT", "reportedCurrency": "USD", "cik": "0001637207", "fillingDate": "2020-02-28", "acceptedDate": "2020-02-28 16:19:35", "calendarYear": "2019", "period": "FY", "revenue": 688803000, "costOfRevenue": 330710000, "grossProfit": 358093000, "grossProfitRatio": 0.5198772363, "researchAndDevelopmentExpenses": 0, "generalAndAdministrativeExpenses": 0, "sellingAndMarketingExpenses": 0, "sellingGeneralAndAdministrativeExpenses": 78818000, "otherExpenses": 46192000, "operatingExpenses": 125010000, "costAndExpenses": 455720000, "interestIncome": 7053000, "interestExpense": 60852000, "depreciationAndAmortization": 45529000, "ebitda": 278612000, "ebitdaratio": 0.4044872046, "operatingIncome": 233083000, "operatingIncomeRatio": 0.3383884797, "totalOtherIncomeExpensesNet": -59906000, "incomeBeforeTax": 173177000, "incomeBeforeTaxRatio": 0.2514173138, "incomeTaxExpense": 37764000, "netIncome": 117695000, "netIncomeRatio": 0.1708688841, "eps": 1.42, "epsdiluted": 1.41, "weightedAverageShsOut": 82976620, "weightedAverageShsOutDil": 83619180, "link": "https://www.sec.gov/Archives/edgar/data/1637207/000163720720000008/0001637207-20-000008-index.htm", "finalLink": "https://www.sec.gov/Archives/edgar/data/1637207/000163720720000008/plnt10-k12312019docume.htm", "calculatedOtherExpenses": 46192000, "calculatedOperatingExpenses": 125010000, "calculatedNetInterest": -53799000, "calculatedOtherIncome": -6107000, "calculatedIncomeNonControlling": 17718000, "calculatedEbitda": 278612000}, {"date": "2018-12-31", "symbol": "PLNT", "reportedCurrency": "USD", "cik": "0001637207", "fillingDate": "2019-03-01", "acceptedDate": "2019-03-01 17:11:46", "calendarYear": "2018", "period": "FY", "revenue": 572898000, "costOfRevenue": 280270000, "grossProfit": 292628000, "grossProfitRatio": 0.510785515, "researchAndDevelopmentExpenses": 0, "generalAndAdministrativeExpenses": 72446000, "sellingAndMarketingExpenses": 0, "sellingGeneralAndAdministrativeExpenses": 72446000, "otherExpenses": -6175000, "operatingExpenses": 108584000, "costAndExpenses": 388854000, "interestIncome": 4681000, "interestExpense": 50746000, "depreciationAndAmortization": 35635000, "ebitda": 218185000, "ebitdaratio": 0.3808444086, "operatingIncome": 184044000, "operatingIncomeRatio": 0.3212509033, "totalOtherIncomeExpensesNet": -6175000, "incomeBeforeTax": 131804000, "incomeBeforeTaxRatio": 0.2300653869, "incomeTaxExpense": 28642000, "netIncome": 88021000, "netIncomeRatio": 0.1536416605, "eps": 1.01, "epsdiluted": 1, "weightedAverageShsOut": 87235021, "weightedAverageShsOutDil": 87674903, "link": "https://www.sec.gov/Archives/edgar/data/1637207/000163720719000009/0001637207-19-000009-index.htm", "finalLink": "https://www.sec.gov/Archives/edgar/data/1637207/000163720719000009/plnt10-k12312018document.htm", "calculatedOtherExpenses": 36138000, "calculatedOperatingExpenses": 108584000, "calculatedNetInterest": -46065000, "calculatedOtherIncome": -6175000, "calculatedIncomeNonControlling": 15141000, "calculatedEbitda": 219679000}, {"date": "2017-12-31", "symbol": "PLNT", "reportedCurrency": "USD", "cik": "0001637207", "fillingDate": "2018-03-01", "acceptedDate": "2018-03-01 16:12:23", "calendarYear": "2017", "period": "FY", "revenue": 429942000, "costOfRevenue": 189923000, "grossProfit": 240019000, "grossProfitRatio": 0.558259021, "researchAndDevelopmentExpenses": 0, "generalAndAdministrativeExpenses": 60369000, "sellingAndMarketingExpenses": 0, "sellingGeneralAndAdministrativeExpenses": 60369000, "otherExpenses": 316928000, "operatingExpenses": 92483000, "costAndExpenses": 282406000, "interestIncome": 0, "interestExpense": 35283000, "depreciationAndAmortization": 32095000, "ebitda": 496559000, "ebitdaratio": 1.1549441553, "operatingIncome": 147536000, "operatingIncomeRatio": 0.3431532625, "totalOtherIncomeExpensesNet": 316928000, "incomeBeforeTax": 429181000, "incomeBeforeTaxRatio": 0.9982299938, "incomeTaxExpense": 373580000, "netIncome": 33146000, "netIncomeRatio": 0.0770941197, "eps": 0.42, "epsdiluted": 0.42, "weightedAverageShsOut": 78910000, "weightedAverageShsOutDil": 78972000, "link": "https://www.sec.gov/Archives/edgar/data/1637207/000156459018004109/0001564590-18-004109-index.htm", "finalLink": "https://www.sec.gov/Archives/edgar/data/1637207/000156459018004109/plnt-10k_20171231.htm", "calculatedOtherExpenses": 32114000, "calculatedOperatingExpenses": 92483000, "calculatedNetInterest": -35283000, "calculatedOtherIncome": 316928000, "calculatedIncomeNonControlling": 22455000, "calculatedEbitda": 179631000}, {"date": "2016-12-31", "symbol": "PLNT", "reportedCurrency": "USD", "cik": "0001637207", "fillingDate": "2017-03-06", "acceptedDate": "2017-03-06 06:41:11", "calendarYear": "2016", "period": "FY", "revenue": 378241000, "costOfRevenue": 182438000, "grossProfit": 195803000, "grossProfitRatio": 0.5176673074, "researchAndDevelopmentExpenses": 0, "generalAndAdministrativeExpenses": 50008000, "sellingAndMarketingExpenses": 8270000, "sellingGeneralAndAdministrativeExpenses": 50008000, "otherExpenses": 1371000, "operatingExpenses": 80141000, "costAndExpenses": 262579000, "interestIncome": 0, "interestExpense": 27125000, "depreciationAndAmortization": 31894000, "ebitda": 148927000, "ebitdaratio": 0.3937357399, "operatingIncome": 115662000, "operatingIncomeRatio": 0.3057891662, "totalOtherIncomeExpensesNet": 1371000, "incomeBeforeTax": 89908000, "incomeBeforeTaxRatio": 0.2377003022, "incomeTaxExpense": 18661000, "netIncome": 21500000, "netIncomeRatio": 0.0568420663, "eps": 0.5, "epsdiluted": 0.5, "weightedAverageShsOut": 43300000, "weightedAverageShsOutDil": 43305000, "link": "https://www.sec.gov/Archives/edgar/data/1637207/000156459017003401/0001564590-17-003401-index.htm", "finalLink": "https://www.sec.gov/Archives/edgar/data/1637207/000156459017003401/plnt-10k_20161231.htm", "calculatedOtherExpenses": 30133000, "calculatedOperatingExpenses": 80141000, "calculatedNetInterest": -27125000, "calculatedOtherIncome": 1371000, "calculatedIncomeNonControlling": 49747000, "calculatedEbitda": 147556000}, {"date": "2015-12-31", "symbol": "PLNT", "reportedCurrency": "USD", "cik": "0001637207", "fillingDate": "2016-03-04", "acceptedDate": "2016-03-04 08:04:53", "calendarYear": "2015", "period": "FY", "revenue": 330537000, "costOfRevenue": 170977000, "grossProfit": 159560000, "grossProfitRatio": 0.4827296188, "researchAndDevelopmentExpenses": 0, "generalAndAdministrativeExpenses": 55573000, "sellingAndMarketingExpenses": 9349000, "sellingGeneralAndAdministrativeExpenses": 55573000, "otherExpenses": -275000, "operatingExpenses": 87458000, "costAndExpenses": 258435000, "interestIncome": 0, "interestExpense": 24549000, "depreciationAndAmortization": 32636000, "ebitda": 104463000, "ebitdaratio": 0.3160402618, "operatingIncome": 72102000, "operatingIncomeRatio": 0.2181359424, "totalOtherIncomeExpensesNet": -275000, "incomeBeforeTax": 47278000, "incomeBeforeTaxRatio": 0.1430339115, "incomeTaxExpense": 9148000, "netIncome": 18518000, "netIncomeRatio": 0.0560239852, "eps": 0.51, "epsdiluted": 0.51, "weightedAverageShsOut": 36243557, "weightedAverageShsOutDil": 36598000, "link": "https://www.sec.gov/Archives/edgar/data/1637207/000156459016014027/0001564590-16-014027-index.htm", "finalLink": "https://www.sec.gov/Archives/edgar/data/1637207/000156459016014027/plnt-10k_20151231.htm", "calculatedOtherExpenses": 31885000, "calculatedOperatingExpenses": 87458000, "calculatedNetInterest": -24549000, "calculatedOtherIncome": -275000, "calculatedIncomeNonControlling": 19612000, "calculatedEbitda": 104738000}, {"date": "2014-12-31", "symbol": "PLNT", "reportedCurrency": "USD", "cik": "0001637207", "fillingDate": "2014-12-31", "acceptedDate": "2014-12-30 19:00:00", "calendarYear": "2014", "period": "FY", "revenue": 279777000, "costOfRevenue": 149782000, "grossProfit": 129995000, "grossProfitRatio": 0.464637908, "researchAndDevelopmentExpenses": 0, "generalAndAdministrativeExpenses": 27849000, "sellingAndMarketingExpenses": 7272000, "sellingGeneralAndAdministrativeExpenses": 35121000, "otherExpenses": -1261000, "operatingExpenses": 68456000, "costAndExpenses": 218238000, "interestIncome": 377000, "interestExpense": 22177000, "depreciationAndAmortization": 32842000, "ebitda": 93497000, "ebitdaratio": 0.3341840108, "operatingIncome": 61539000, "operatingIncomeRatio": 0.2199573232, "totalOtherIncomeExpensesNet": -1261000, "incomeBeforeTax": 38478000, "incomeBeforeTaxRatio": 0.1375309622, "incomeTaxExpense": 1183000, "netIncome": 36808000, "netIncomeRatio": 0.1315619225, "eps": 1.04, "epsdiluted": 1.04, "weightedAverageShsOut": 35230000, "weightedAverageShsOutDil": 35230000, "link": "", "finalLink": "", "calculatedOtherExpenses": 33335000, "calculatedOperatingExpenses": 68456000, "calculatedNetInterest": -21800000, "calculatedOtherIncome": -1261000, "calculatedIncomeNonControlling": 487000, "calculatedEbitda": 94381000}, {"date": "2013-12-31", "symbol": "PLNT", "reportedCurrency": "USD", "cik": "0001637207", "fillingDate": "2013-12-31", "acceptedDate": "2013-12-30 19:00:00", "calendarYear": "2013", "period": "FY", "revenue": 211009000, "costOfRevenue": 123045000, "grossProfit": 87964000, "grossProfitRatio": 0.4168732139, "researchAndDevelopmentExpenses": 0, "generalAndAdministrativeExpenses": 17387000, "sellingAndMarketingExpenses": 5731000, "sellingGeneralAndAdministrativeExpenses": 23118000, "otherExpenses": -694000, "operatingExpenses": 51926000, "costAndExpenses": 174971000, "interestIncome": 0, "interestExpense": 8912000, "depreciationAndAmortization": 29054000, "ebitda": 64398000, "ebitdaratio": 0.3051907739, "operatingIncome": 36038000, "operatingIncomeRatio": 0.1707889237, "totalOtherIncomeExpensesNet": -694000, "incomeBeforeTax": 26432000, "incomeBeforeTaxRatio": 0.1252647991, "incomeTaxExpense": 633000, "netIncome": 25438000, "netIncomeRatio": 0.1205540996, "eps": 0.72, "epsdiluted": 0.72, "weightedAverageShsOut": 35230000, "weightedAverageShsOutDil": 35230000, "link": "", "finalLink": "", "calculatedOtherExpenses": 28808000, "calculatedOperatingExpenses": 51926000, "calculatedNetInterest": -8912000, "calculatedOtherIncome": -694000, "calculatedIncomeNonControlling": 361000, "calculatedEbitda": 65092000}, {"date": "2012-12-31", "symbol": "PLNT", "reportedCurrency": "USD", "cik": "0001637207", "fillingDate": "2012-12-31", "acceptedDate": "2012-12-30 19:00:00", "calendarYear": "2012", "period": "FY", "revenue": 159687000, "costOfRevenue": 87123000, "grossProfit": 72564000, "grossProfitRatio": 0.4544139473, "researchAndDevelopmentExpenses": 0, "generalAndAdministrativeExpenses": 20033000, "sellingAndMarketingExpenses": 5189000, "sellingGeneralAndAdministrativeExpenses": 25222000, "otherExpenses": 0, "operatingExpenses": 42669999, "costAndExpenses": 129792999, "interestIncome": 3782000, "interestExpense": 0, "depreciationAndAmortization": 12669000, "ebitda": 47376000, "ebitdaratio": 0.296680381, "operatingIncome": 34707000, "operatingIncomeRatio": 0.2173439291, "totalOtherIncomeExpensesNet": -8595000, "incomeBeforeTax": 26112000, "incomeBeforeTaxRatio": 0.1635198858, "incomeTaxExpense": 712000, "netIncome": 2122000, "netIncomeRatio": 0.0132884956, "eps": 0, "epsdiluted": 0, "weightedAverageShsOut": 0, "weightedAverageShsOutDil": 0, "link": null, "finalLink": null, "calculatedOtherExpenses": 12635000, "calculatedOperatingExpenses": 37857000, "calculatedNetInterest": 3782000, "calculatedOtherIncome": -12377000, "calculatedIncomeNonControlling": 23278000, "calculatedEbitda": 47376000}]}