{"originalCurrency": "USD", "convertedCurrency": "USD", "report": [{"date": "2023-12-31", "symbol": "PLUG", "reportedCurrency": "USD", "cik": "0001093691", "fillingDate": "2024-02-29", "acceptedDate": "2024-02-29 16:02:16", "calendarYear": "2023", "period": "FY", "revenue": 891340000, "costOfRevenue": 1399131000, "grossProfit": -507791000, "grossProfitRatio": -0.5696939439, "researchAndDevelopmentExpenses": 113745000, "generalAndAdministrativeExpenses": 0, "sellingAndMarketingExpenses": 0, "sellingGeneralAndAdministrativeExpenses": 422469000, "otherExpenses": -131000, "operatingExpenses": 536214000, "costAndExpenses": 1935345000, "interestIncome": 55829000, "interestExpense": 53401000, "depreciationAndAmortization": 71083000, "ebitda": -972922000, "ebitdaratio": -1.0915273633, "operatingIncome": -1044005000, "operatingIncomeRatio": -1.1712758319, "totalOtherIncomeExpensesNet": -332191999, "incomeBeforeTax": -1376197000, "incomeBeforeTaxRatio": -1.5439641439, "incomeTaxExpense": -7364000, "netIncome": -1368833000, "netIncomeRatio": -1.5357024256, "eps": -2.3, "epsdiluted": -2.3, "weightedAverageShsOut": 595468419, "weightedAverageShsOutDil": 595468419, "link": "https://www.sec.gov/Archives/edgar/data/1093691/000155837024002178/0001558370-24-002178-index.htm", "finalLink": "https://www.sec.gov/Archives/edgar/data/1093691/000155837024002178/plug-20231231x10k.htm", "calculatedOtherExpenses": 0, "calculatedOperatingExpenses": 536214000, "calculatedNetInterest": 2428000, "calculatedOtherIncome": -334620000, "calculatedIncomeNonControlling": 0, "calculatedEbitda": -972922000}, {"date": "2022-12-31", "symbol": "PLUG", "reportedCurrency": "USD", "cik": "0001093691", "fillingDate": "2023-03-01", "acceptedDate": "2023-03-01 16:44:19", "calendarYear": "2022", "period": "FY", "revenue": 701440000, "costOfRevenue": 895796000, "grossProfit": -194356000, "grossProfitRatio": -0.2770814325, "researchAndDevelopmentExpenses": 99579000, "generalAndAdministrativeExpenses": 0, "sellingAndMarketingExpenses": 0, "sellingGeneralAndAdministrativeExpenses": 363929000, "otherExpenses": -1135000, "operatingExpenses": 463508000, "costAndExpenses": 1359304000, "interestIncome": 37259000, "interestExpense": 39037000, "depreciationAndAmortization": 89241000, "ebitda": -590309000, "ebitdaratio": -0.8415673472, "operatingIncome": -679550000, "operatingIncomeRatio": -0.9687927692, "totalOtherIncomeExpensesNet": -43619000, "incomeBeforeTax": -723169000, "incomeBeforeTaxRatio": -1.030977703, "incomeTaxExpense": 839000, "netIncome": -724008000, "netIncomeRatio": -1.0321738139, "eps": -1.25, "epsdiluted": -1.25, "weightedAverageShsOut": 579716708, "weightedAverageShsOutDil": 579716708, "link": "https://www.sec.gov/Archives/edgar/data/1093691/000155837023002599/0001558370-23-002599-index.htm", "finalLink": "https://www.sec.gov/Archives/edgar/data/1093691/000155837023002599/plug-20221231x10k.htm", "calculatedOtherExpenses": 21686000, "calculatedOperatingExpenses": 485194000, "calculatedNetInterest": -1778000, "calculatedOtherIncome": -41841000, "calculatedIncomeNonControlling": 0, "calculatedEbitda": -590309000}, {"date": "2021-12-31", "symbol": "PLUG", "reportedCurrency": "USD", "cik": "0001093691", "fillingDate": "2022-03-01", "acceptedDate": "2022-03-01 17:23:11", "calendarYear": "2021", "period": "FY", "revenue": 502342000, "costOfRevenue": 673652000, "grossProfit": -171310000, "grossProfitRatio": -0.3410226499, "researchAndDevelopmentExpenses": 64762000, "generalAndAdministrativeExpenses": 0, "sellingAndMarketingExpenses": 0, "sellingGeneralAndAdministrativeExpenses": 179852000, "otherExpenses": -606000, "operatingExpenses": 244614000, "costAndExpenses": 918266000, "interestIncome": 4040000, "interestExpense": 43225000, "depreciationAndAmortization": 42499000, "ebitda": -394825000, "ebitdaratio": -0.7859685234, "operatingIncome": -437324000, "operatingIncomeRatio": -0.870570249, "totalOtherIncomeExpensesNet": -38838000, "incomeBeforeTax": -476162000, "incomeBeforeTaxRatio": -0.9478841108, "incomeTaxExpense": -16197000, "netIncome": -459965000, "netIncomeRatio": -0.9156411369, "eps": -0.82, "epsdiluted": -0.82, "weightedAverageShsOut": 558182177, "weightedAverageShsOutDil": 558182177, "link": "https://www.sec.gov/Archives/edgar/data/1093691/000155837022002620/0001558370-22-002620-index.htm", "finalLink": "https://www.sec.gov/Archives/edgar/data/1093691/000155837022002620/plug-20211231x10k.htm", "calculatedOtherExpenses": 21400000, "calculatedOperatingExpenses": 266014000, "calculatedNetInterest": -39185000, "calculatedOtherIncome": 347000, "calculatedIncomeNonControlling": 0, "calculatedEbitda": -394825000}, {"date": "2020-12-31", "symbol": "PLUG", "reportedCurrency": "USD", "cik": "0001093691", "fillingDate": "2021-05-14", "acceptedDate": "2021-05-14 06:20:25", "calendarYear": "2020", "period": "FY", "revenue": -100469000, "costOfRevenue": 423343000, "grossProfit": -523812000, "grossProfitRatio": 5.2136678976, "researchAndDevelopmentExpenses": 51018000, "generalAndAdministrativeExpenses": 0, "sellingAndMarketingExpenses": 0, "sellingGeneralAndAdministrativeExpenses": 75903000, "otherExpenses": -739000, "operatingExpenses": 126921000, "costAndExpenses": 449795000, "interestIncome": -58441000, "interestExpense": 60484000, "depreciationAndAmortization": -1435000, "ebitda": -551699000, "ebitdaratio": 5.4912361027, "operatingIncome": -550264000, "operatingIncomeRatio": 5.47695309, "totalOtherIncomeExpensesNet": -42211000, "incomeBeforeTax": -592475000, "incomeBeforeTaxRatio": 5.8970926355, "incomeTaxExpense": -30793000, "netIncome": -561682000, "netIncomeRatio": 5.5906000856, "eps": -1.58, "epsdiluted": -1.58, "weightedAverageShsOut": 354790106, "weightedAverageShsOutDil": 354790106, "link": "https://www.sec.gov/Archives/edgar/data/1093691/000155837021007147/0001558370-21-007147-index.htm", "finalLink": "https://www.sec.gov/Archives/edgar/data/1093691/000155837021007147/plug-20201231x10k.htm", "calculatedOtherExpenses": -100469000, "calculatedOperatingExpenses": 26452000, "calculatedNetInterest": -118925000, "calculatedOtherIncome": 76714000, "calculatedIncomeNonControlling": 0, "calculatedEbitda": -551699000}, {"date": "2019-12-31", "symbol": "PLUG", "reportedCurrency": "USD", "cik": "0001093691", "fillingDate": "2020-03-10", "acceptedDate": "2020-03-09 21:56:15", "calendarYear": "2019", "period": "FY", "revenue": 230239000, "costOfRevenue": 202273000, "grossProfit": 27966000, "grossProfitRatio": 0.1214650863, "researchAndDevelopmentExpenses": 33675000, "generalAndAdministrativeExpenses": 0, "sellingAndMarketingExpenses": 0, "sellingGeneralAndAdministrativeExpenses": 44333000, "otherExpenses": 79000, "operatingExpenses": 78008000, "costAndExpenses": 280281000, "interestIncome": 35531000, "interestExpense": 35502000, "depreciationAndAmortization": 12687000, "ebitda": -37355000, "ebitdaratio": -0.1622444503, "operatingIncome": -50042000, "operatingIncomeRatio": -0.2173480601, "totalOtherIncomeExpensesNet": -35423000, "incomeBeforeTax": -85465000, "incomeBeforeTaxRatio": -0.37120123, "incomeTaxExpense": 35502000, "netIncome": -120967000, "netIncomeRatio": -0.5253975217, "eps": -0.51, "epsdiluted": -0.51, "weightedAverageShsOut": 237152780, "weightedAverageShsOutDil": 237152780, "link": "https://www.sec.gov/Archives/edgar/data/1093691/000155837020002267/0001558370-20-002267-index.htm", "finalLink": "https://www.sec.gov/Archives/edgar/data/1093691/000155837020002267/plug-20191231x10k.htm", "calculatedOtherExpenses": 0, "calculatedOperatingExpenses": 78008000, "calculatedNetInterest": 29000, "calculatedOtherIncome": -35452000, "calculatedIncomeNonControlling": 0, "calculatedEbitda": -37355000}, {"date": "2018-12-31", "symbol": "PLUG", "reportedCurrency": "USD", "cik": "0001093691", "fillingDate": "2019-03-13", "acceptedDate": "2019-03-13 16:42:08", "calendarYear": "2018", "period": "FY", "revenue": 174632000, "costOfRevenue": 172010000, "grossProfit": 2622000, "grossProfitRatio": 0.0150144303, "researchAndDevelopmentExpenses": 33907000, "generalAndAdministrativeExpenses": 0, "sellingAndMarketingExpenses": 0, "sellingGeneralAndAdministrativeExpenses": 38198000, "otherExpenses": 4286000, "operatingExpenses": 72105000, "costAndExpenses": 244115000, "interestIncome": 0, "interestExpense": 22135000, "depreciationAndAmortization": 11707000, "ebitda": -57776000, "ebitdaratio": -0.3308442897, "operatingIncome": -69483000, "operatingIncomeRatio": -0.3978824041, "totalOtherIncomeExpensesNet": 4286000, "incomeBeforeTax": -87332000, "incomeBeforeTaxRatio": -0.5000916212, "incomeTaxExpense": -9217000, "netIncome": -78115000, "netIncomeRatio": -0.4473120619, "eps": -0.36, "epsdiluted": -0.36, "weightedAverageShsOut": 218882337, "weightedAverageShsOutDil": 218882337, "link": "https://www.sec.gov/Archives/edgar/data/1093691/000155837019001929/0001558370-19-001929-index.htm", "finalLink": "https://www.sec.gov/Archives/edgar/data/1093691/000155837019001929/plug-20181231x10k.htm", "calculatedOtherExpenses": 0, "calculatedOperatingExpenses": 72105000, "calculatedNetInterest": -22135000, "calculatedOtherIncome": 4286000, "calculatedIncomeNonControlling": 0, "calculatedEbitda": -57776000}, {"date": "2017-12-31", "symbol": "PLUG", "reportedCurrency": "USD", "cik": "0001093691", "fillingDate": "2018-03-12", "acceptedDate": "2018-03-09 18:26:57", "calendarYear": "2017", "period": "FY", "revenue": 132929000, "costOfRevenue": 131351000, "grossProfit": 1578000, "grossProfitRatio": 0.0118709988, "researchAndDevelopmentExpenses": 28693000, "generalAndAdministrativeExpenses": 45010000, "sellingAndMarketingExpenses": 0, "sellingGeneralAndAdministrativeExpenses": 45010000, "otherExpenses": -15188000, "operatingExpenses": 103370000, "costAndExpenses": 234721000, "interestIncome": 0, "interestExpense": 10100000, "depreciationAndAmortization": 9783000, "ebitda": -92009000, "ebitdaratio": -0.6921664949, "operatingIncome": -101792000, "operatingIncomeRatio": -0.7657621738, "totalOtherIncomeExpensesNet": -15188000, "incomeBeforeTax": -127080000, "incomeBeforeTaxRatio": -0.9559990672, "incomeTaxExpense": -392000, "netIncome": -127080000, "netIncomeRatio": -0.9559990672, "eps": -0.59, "epsdiluted": -0.59, "weightedAverageShsOut": 216343985, "weightedAverageShsOutDil": 216343985, "link": "https://www.sec.gov/Archives/edgar/data/1093691/000155837018001828/0001558370-18-001828-index.htm", "finalLink": "https://www.sec.gov/Archives/edgar/data/1093691/000155837018001828/plug-20171231x10k.htm", "calculatedOtherExpenses": 29667000, "calculatedOperatingExpenses": 103370000, "calculatedNetInterest": -10100000, "calculatedOtherIncome": -15188000, "calculatedIncomeNonControlling": 392000, "calculatedEbitda": -92009000}, {"date": "2016-12-31", "symbol": "PLUG", "reportedCurrency": "USD", "cik": "0001093691", "fillingDate": "2017-03-10", "acceptedDate": "2017-03-10 17:28:32", "calendarYear": "2016", "period": "FY", "revenue": 85928000, "costOfRevenue": 81982000, "grossProfit": 3946000, "grossProfitRatio": 0.0459221674, "researchAndDevelopmentExpenses": 21177000, "generalAndAdministrativeExpenses": 0, "sellingAndMarketingExpenses": 0, "sellingGeneralAndAdministrativeExpenses": 34288000, "otherExpenses": 4344000, "operatingExpenses": 55465000, "costAndExpenses": 137447000, "interestIncome": 0, "interestExpense": 10704000, "depreciationAndAmortization": 5240000, "ebitda": -46279000, "ebitdaratio": -0.5385788102, "operatingIncome": -51519000, "operatingIncomeRatio": -0.5995600968, "totalOtherIncomeExpensesNet": 4344000, "incomeBeforeTax": -57879000, "incomeBeforeTaxRatio": -0.6735755516, "incomeTaxExpense": -392000, "netIncome": -57487000, "netIncomeRatio": -0.6690135928, "eps": -0.32, "epsdiluted": -0.32, "weightedAverageShsOut": 180619860, "weightedAverageShsOutDil": 180619860, "link": "https://www.sec.gov/Archives/edgar/data/1093691/000155837017001631/0001558370-17-001631-index.htm", "finalLink": "https://www.sec.gov/Archives/edgar/data/1093691/000155837017001631/plug-20161231x10k.htm", "calculatedOtherExpenses": 0, "calculatedOperatingExpenses": 55465000, "calculatedNetInterest": -10704000, "calculatedOtherIncome": 4344000, "calculatedIncomeNonControlling": 0, "calculatedEbitda": -46279000}, {"date": "2015-12-31", "symbol": "PLUG", "reportedCurrency": "USD", "cik": "0001093691", "fillingDate": "2016-03-15", "acceptedDate": "2016-03-14 21:45:52", "calendarYear": "2015", "period": "FY", "revenue": 103288000, "costOfRevenue": 113178000, "grossProfit": -9890000, "grossProfitRatio": -0.0957516846, "researchAndDevelopmentExpenses": 14948000, "generalAndAdministrativeExpenses": 0, "sellingAndMarketingExpenses": 0, "sellingGeneralAndAdministrativeExpenses": 34164000, "otherExpenses": 3661000, "operatingExpenses": 49112000, "costAndExpenses": 162290000, "interestIncome": 157000, "interestExpense": 390000, "depreciationAndAmortization": 2987000, "ebitda": -55858000, "ebitdaratio": -0.5407985439, "operatingIncome": -59002000, "operatingIncomeRatio": -0.5712377043, "totalOtherIncomeExpensesNet": 3545000, "incomeBeforeTax": -55690000, "incomeBeforeTaxRatio": -0.5391720239, "incomeTaxExpense": 390000, "netIncome": -55690000, "netIncomeRatio": -0.5391720239, "eps": -0.32, "epsdiluted": -0.32, "weightedAverageShsOut": 176067231, "weightedAverageShsOutDil": 176067231, "link": "https://www.sec.gov/Archives/edgar/data/1093691/000104746916011132/0001047469-16-011132-index.htm", "finalLink": "https://www.sec.gov/Archives/edgar/data/1093691/000104746916011132/a2227737z10-k.htm", "calculatedOtherExpenses": 0, "calculatedOperatingExpenses": 49112000, "calculatedNetInterest": -233000, "calculatedOtherIncome": 3545000, "calculatedIncomeNonControlling": -390000, "calculatedEbitda": -56015000}, {"date": "2014-12-31", "symbol": "PLUG", "reportedCurrency": "USD", "cik": "0001093691", "fillingDate": "2015-03-17", "acceptedDate": "2015-03-17 15:27:46", "calendarYear": "2014", "period": "FY", "revenue": 64230000, "costOfRevenue": 69092000, "grossProfit": -4862000, "grossProfitRatio": -0.0756967149, "researchAndDevelopmentExpenses": 6468000, "generalAndAdministrativeExpenses": 0, "sellingAndMarketingExpenses": 0, "sellingGeneralAndAdministrativeExpenses": 21811000, "otherExpenses": -52260000, "operatingExpenses": 33070000, "costAndExpenses": 102162000, "interestIncome": 752000, "interestExpense": 387000, "depreciationAndAmortization": 4338000, "ebitda": -32842000, "ebitdaratio": -0.5113186984, "operatingIncome": -37932000, "operatingIncomeRatio": -0.5905651565, "totalOtherIncomeExpensesNet": -51246000, "incomeBeforeTax": -88813000, "incomeBeforeTaxRatio": -1.382733925, "incomeTaxExpense": -325000, "netIncome": -88488000, "netIncomeRatio": -1.3776739841, "eps": -0.56, "epsdiluted": -0.56, "weightedAverageShsOut": 159228815, "weightedAverageShsOutDil": 159228815, "link": "https://www.sec.gov/Archives/edgar/data/1093691/000104746915002340/0001047469-15-002340-index.htm", "finalLink": "https://www.sec.gov/Archives/edgar/data/1093691/000104746915002340/a2223676z10-k.htm", "calculatedOtherExpenses": 4791000, "calculatedOperatingExpenses": 33070000, "calculatedNetInterest": 365000, "calculatedOtherIncome": -51246000, "calculatedIncomeNonControlling": 0, "calculatedEbitda": -33594000}, {"date": "2013-12-31", "symbol": "PLUG", "reportedCurrency": "USD", "cik": "0001093691", "fillingDate": "2014-03-31", "acceptedDate": "2014-03-31 16:39:55", "calendarYear": "2013", "period": "FY", "revenue": 26601000, "costOfRevenue": 37849000, "grossProfit": -11248000, "grossProfitRatio": -0.4228412466, "researchAndDevelopmentExpenses": 3121000, "generalAndAdministrativeExpenses": 0, "sellingAndMarketingExpenses": 0, "sellingGeneralAndAdministrativeExpenses": 12325000, "otherExpenses": -37102000, "operatingExpenses": 17717000, "costAndExpenses": 55566000, "interestIncome": 150000, "interestExpense": 398000, "depreciationAndAmortization": 4179000, "ebitda": -24636000, "ebitdaratio": -0.9261305966, "operatingIncome": -28965000, "operatingIncomeRatio": -1.0888688395, "totalOtherIncomeExpensesNet": -33867000, "incomeBeforeTax": -63080000, "incomeBeforeTaxRatio": -2.3713394233, "incomeTaxExpense": -410000, "netIncome": -62670000, "netIncomeRatio": -2.3559264689, "eps": -0.82, "epsdiluted": -0.82, "weightedAverageShsOut": 76436408, "weightedAverageShsOutDil": 76436408, "link": "https://www.sec.gov/Archives/edgar/data/1093691/000100329714000159/0001003297-14-000159-index.htm", "finalLink": "https://www.sec.gov/Archives/edgar/data/1093691/000100329714000159/esplugpower10kr.htm", "calculatedOtherExpenses": 2271000, "calculatedOperatingExpenses": 17717000, "calculatedNetInterest": -248000, "calculatedOtherIncome": -33867000, "calculatedIncomeNonControlling": 0, "calculatedEbitda": -24786000}, {"date": "2012-12-31", "symbol": "PLUG", "reportedCurrency": "USD", "cik": "0001093691", "fillingDate": "2013-04-01", "acceptedDate": "2013-04-01 16:12:42", "calendarYear": "2012", "period": "FY", "revenue": 26108000, "costOfRevenue": 40462000, "grossProfit": -14354000, "grossProfitRatio": -0.5497931668, "researchAndDevelopmentExpenses": 5434000, "generalAndAdministrativeExpenses": 0, "sellingAndMarketingExpenses": 0, "sellingGeneralAndAdministrativeExpenses": 14577000, "otherExpenses": 4845000, "operatingExpenses": 22317000, "costAndExpenses": 62779000, "interestIncome": 226000, "interestExpense": 262000, "depreciationAndAmortization": 4376000, "ebitda": -32069000, "ebitdaratio": -1.2283208212, "operatingIncome": -36671000, "operatingIncomeRatio": -1.4045886318, "totalOtherIncomeExpensesNet": 4845000, "incomeBeforeTax": -31862000, "incomeBeforeTaxRatio": -1.2203922169, "incomeTaxExpense": 262000, "netIncome": -31862000, "netIncomeRatio": -1.2203922169, "eps": -0.93, "epsdiluted": -0.93, "weightedAverageShsOut": 34376427, "weightedAverageShsOutDil": 34376427, "link": "https://www.sec.gov/Archives/edgar/data/1093691/000100329713000101/0001003297-13-000101-index.htm", "finalLink": "https://www.sec.gov/Archives/edgar/data/1093691/000100329713000101/esplugpower10k1.htm", "calculatedOtherExpenses": 2306000, "calculatedOperatingExpenses": 22317000, "calculatedNetInterest": -36000, "calculatedOtherIncome": 4845000, "calculatedIncomeNonControlling": -262000, "calculatedEbitda": -32295000}, {"date": "2011-12-31", "symbol": "PLUG", "reportedCurrency": "USD", "cik": "0001093691", "fillingDate": "2012-03-30", "acceptedDate": "2012-03-30 14:49:53", "calendarYear": "2011", "period": "FY", "revenue": 27626000, "costOfRevenue": 36901000, "grossProfit": -9275000, "grossProfitRatio": -0.3357344531, "researchAndDevelopmentExpenses": 5656000, "generalAndAdministrativeExpenses": 0, "sellingAndMarketingExpenses": 0, "sellingGeneralAndAdministrativeExpenses": 14546000, "otherExpenses": 2322876, "operatingExpenses": 22525000, "costAndExpenses": 59426000, "interestIncome": 248000, "interestExpense": 305000, "depreciationAndAmortization": 4455000, "ebitda": -30792000, "ebitdaratio": -1.1146021863, "operatingIncome": -31127101, "operatingIncomeRatio": -1.1267321002, "totalOtherIncomeExpensesNet": 3447000, "incomeBeforeTax": -27453954, "incomeBeforeTaxRatio": -0.9937723159, "incomeTaxExpense": -4346000, "netIncome": -27454000, "netIncomeRatio": -0.993773981, "eps": -1.46, "epsdiluted": -1.46, "weightedAverageShsOut": 18778066, "weightedAverageShsOutDil": 18778066, "link": "https://www.sec.gov/Archives/edgar/data/1093691/000100329712000141/0001003297-12-000141-index.htm", "finalLink": "https://www.sec.gov/Archives/edgar/data/1093691/000100329712000141/plugpower10k.htm", "calculatedOtherExpenses": 1650101, "calculatedOperatingExpenses": 21852101, "calculatedNetInterest": -57000, "calculatedOtherIncome": 3730147, "calculatedIncomeNonControlling": 4346046, "calculatedEbitda": -26672101}, {"date": "2010-12-31", "symbol": "PLUG", "reportedCurrency": "USD", "cik": "0001093691", "fillingDate": "2011-03-31", "acceptedDate": "2011-03-31 17:01:51", "calendarYear": "2010", "period": "FY", "revenue": 19472649, "costOfRevenue": 29481948, "grossProfit": -10009299, "grossProfitRatio": -0.5140183547, "researchAndDevelopmentExpenses": 12901170, "generalAndAdministrativeExpenses": 0, "sellingAndMarketingExpenses": 0, "sellingGeneralAndAdministrativeExpenses": 25572364, "otherExpenses": 2263627, "operatingExpenses": 40737161, "costAndExpenses": 70219109, "interestIncome": 1056932, "interestExpense": 305000, "depreciationAndAmortization": 7232890, "ebitda": -42456638, "ebitdaratio": -2.1803216399, "operatingIncome": -47528866, "operatingIncomeRatio": -2.440801249, "totalOtherIncomeExpensesNet": 3035607, "incomeBeforeTax": -46958921, "incomeBeforeTaxRatio": -2.4115322471, "incomeTaxExpense": 305000, "netIncome": -46958921, "netIncomeRatio": -2.4115322471, "eps": -3.58, "epsdiluted": -3.58, "weightedAverageShsOut": 13123162, "weightedAverageShsOutDil": 13123162, "link": "https://www.sec.gov/Archives/edgar/data/1093691/000100329711000114/0001003297-11-000114-index.htm", "finalLink": "https://www.sec.gov/Archives/edgar/data/1093691/000100329711000114/es10k.htm", "calculatedOtherExpenses": -953967, "calculatedOperatingExpenses": 37519567, "calculatedNetInterest": 751932, "calculatedOtherIncome": -181987, "calculatedIncomeNonControlling": -305000, "calculatedEbitda": -40295976}, {"date": "2009-12-31", "symbol": "PLUG", "reportedCurrency": "USD", "cik": "0001093691", "fillingDate": "2010-03-16", "acceptedDate": "2010-03-16 16:07:22", "calendarYear": "2009", "period": "FY", "revenue": 12292556, "costOfRevenue": 19679814, "grossProfit": -7387258, "grossProfitRatio": -0.6009537805, "researchAndDevelopmentExpenses": 16324373, "generalAndAdministrativeExpenses": 0, "sellingAndMarketingExpenses": 0, "sellingGeneralAndAdministrativeExpenses": 15426806, "otherExpenses": 2132333, "operatingExpenses": 33883512, "costAndExpenses": 53563326, "interestIncome": 0, "interestExpense": 1127081, "depreciationAndAmortization": 5767001, "ebitda": -37193068, "ebitdaratio": -3.0256578046, "operatingIncome": -41270770, "operatingIncomeRatio": -3.3573790512, "totalOtherIncomeExpensesNet": 1689299, "incomeBeforeTax": -40708552, "incomeBeforeTaxRatio": -3.3116425908, "incomeTaxExpense": 40708552, "netIncome": -40708552, "netIncomeRatio": -3.3116425908, "eps": -3.15, "epsdiluted": -3.15, "weightedAverageShsOut": 12911066, "weightedAverageShsOutDil": 12911066, "link": "https://www.sec.gov/Archives/edgar/data/1093691/000100329710000066/0001003297-10-000066-index.htm", "finalLink": "https://www.sec.gov/Archives/edgar/data/1093691/000100329710000066/esplugpower10k.htm", "calculatedOtherExpenses": 2132333, "calculatedOperatingExpenses": 33883512, "calculatedNetInterest": -1127081, "calculatedOtherIncome": 1689299, "calculatedIncomeNonControlling": -40708552, "calculatedEbitda": -35503769}, {"date": "2008-12-31", "symbol": "PLUG", "reportedCurrency": "USD", "cik": "0001093691", "fillingDate": "2009-03-16", "acceptedDate": "2009-03-16 16:39:06", "calendarYear": "2008", "period": "FY", "revenue": 17901317, "costOfRevenue": 32947158, "grossProfit": -15045841, "grossProfitRatio": -0.8404879373, "researchAndDevelopmentExpenses": 34987207, "generalAndAdministrativeExpenses": 0, "sellingAndMarketingExpenses": 0, "sellingGeneralAndAdministrativeExpenses": 28333151, "otherExpenses": 48067610, "operatingExpenses": 111387968, "costAndExpenses": 144335126, "interestIncome": 5134442, "interestExpense": 400657, "depreciationAndAmortization": 6623101, "ebitda": -73968052, "ebitdaratio": -4.131989395, "operatingIncome": -126433809, "operatingIncomeRatio": -7.0628216349, "totalOtherIncomeExpensesNet": -45842656, "incomeBeforeTax": -121700024, "incomeBeforeTaxRatio": -6.7983838284, "incomeTaxExpense": 121700024, "netIncome": -121700024, "netIncomeRatio": -6.7983838284, "eps": -13.62, "epsdiluted": -13.62, "weightedAverageShsOut": 8938348, "weightedAverageShsOutDil": 8938348, "link": "https://www.sec.gov/Archives/edgar/data/1093691/000100329709000075/0001003297-09-000075-index.htm", "finalLink": "https://www.sec.gov/Archives/edgar/data/1093691/000100329709000075/esplugpower10k.htm", "calculatedOtherExpenses": 48067610, "calculatedOperatingExpenses": 111387968, "calculatedNetInterest": 4733785, "calculatedOtherIncome": 0, "calculatedIncomeNonControlling": -121700024, "calculatedEbitda": -119810708}, {"date": "2007-12-31", "symbol": "PLUG", "reportedCurrency": "USD", "cik": "0001093691", "fillingDate": "2008-03-17", "acceptedDate": "2008-03-17 15:39:30", "calendarYear": "2007", "period": "FY", "revenue": 16270623, "costOfRevenue": 28443621, "grossProfit": -12172998, "grossProfitRatio": -0.7481580761, "researchAndDevelopmentExpenses": 39218349, "generalAndAdministrativeExpenses": 0, "sellingAndMarketingExpenses": 0, "sellingGeneralAndAdministrativeExpenses": 19323158, "otherExpenses": 1614103, "operatingExpenses": 60155610, "costAndExpenses": 88599231, "interestIncome": 12337792, "interestExpense": 580000, "depreciationAndAmortization": 5461127, "ebitda": -66867481, "ebitdaratio": -4.1097062479, "operatingIncome": -72328608, "operatingIncomeRatio": -4.4453496341, "totalOtherIncomeExpensesNet": 72328608, "incomeBeforeTax": -60570816, "incomeBeforeTaxRatio": -3.7227103105, "incomeTaxExpense": 60570816, "netIncome": -60570816, "netIncomeRatio": -3.7227103105, "eps": -6.93, "epsdiluted": -6.93, "weightedAverageShsOut": 8734171, "weightedAverageShsOutDil": 8734171, "link": "https://www.sec.gov/Archives/edgar/data/1093691/000119312508058776/0001193125-08-058776-index.htm", "finalLink": "https://www.sec.gov/Archives/edgar/data/1093691/000119312508058776/d10k.htm", "calculatedOtherExpenses": 1614103, "calculatedOperatingExpenses": 60155610, "calculatedNetInterest": 11757792, "calculatedOtherIncome": 0, "calculatedIncomeNonControlling": -60570816, "calculatedEbitda": -66867481}, {"date": "2006-12-31", "symbol": "PLUG", "reportedCurrency": "USD", "cik": "0001093691", "fillingDate": "2007-03-16", "acceptedDate": "2007-03-16 16:19:22", "calendarYear": "2006", "period": "FY", "revenue": 7835750, "costOfRevenue": 12469656, "grossProfit": -4633906, "grossProfitRatio": -0.5913800211, "researchAndDevelopmentExpenses": 41577234, "generalAndAdministrativeExpenses": 8973000, "sellingAndMarketingExpenses": 3294862, "sellingGeneralAndAdministrativeExpenses": 12267862, "otherExpenses": 0, "operatingExpenses": 53845096, "costAndExpenses": 66314752, "interestIncome": 8340250, "interestExpense": 170835, "depreciationAndAmortization": 3219790, "ebitda": -55259212, "ebitdaratio": -7.0521918132, "operatingIncome": -58479002, "operatingIncomeRatio": -7.4631020643, "totalOtherIncomeExpensesNet": 58479002, "incomeBeforeTax": -50309587, "incomeBeforeTaxRatio": -6.4205196695, "incomeTaxExpense": 50309587, "netIncome": -50309587, "netIncomeRatio": -6.4205196695, "eps": -5.84, "epsdiluted": -5.84, "weightedAverageShsOut": 8610032, "weightedAverageShsOutDil": 8610032, "link": "https://www.sec.gov/Archives/edgar/data/1093691/000119312507057114/0001193125-07-057114-index.htm", "finalLink": "https://www.sec.gov/Archives/edgar/data/1093691/000119312507057114/d10k.htm", "calculatedOtherExpenses": 0, "calculatedOperatingExpenses": 53845096, "calculatedNetInterest": 8169415, "calculatedOtherIncome": 0, "calculatedIncomeNonControlling": -50309587, "calculatedEbitda": -55259212}, {"date": "2005-12-31", "symbol": "PLUG", "reportedCurrency": "USD", "cik": "0001093691", "fillingDate": "2006-03-14", "acceptedDate": "2006-03-14 17:02:27", "calendarYear": "2005", "period": "FY", "revenue": 13486405, "costOfRevenue": 16173378, "grossProfit": -2686973, "grossProfitRatio": -0.1992356747, "researchAndDevelopmentExpenses": 36319282, "generalAndAdministrativeExpenses": 8423000, "sellingAndMarketingExpenses": 550006, "sellingGeneralAndAdministrativeExpenses": 8973006, "otherExpenses": 0, "operatingExpenses": 45292288, "costAndExpenses": 61465666, "interestIncome": 2166740, "interestExpense": 145583, "depreciationAndAmortization": 4046438, "ebitda": -43932823, "ebitdaratio": -3.2575636725, "operatingIncome": -47979261, "operatingIncomeRatio": -3.5576019703, "totalOtherIncomeExpensesNet": -5785358, "incomeBeforeTax": -51743462, "incomeBeforeTaxRatio": -3.8367127489, "incomeTaxExpense": 51743462, "netIncome": -51743462, "netIncomeRatio": -3.8367127489, "eps": -6.59, "epsdiluted": -6.59, "weightedAverageShsOut": 7846323, "weightedAverageShsOutDil": 7846323, "link": "https://www.sec.gov/Archives/edgar/data/1093691/000119312506053806/0001193125-06-053806-index.htm", "finalLink": "https://www.sec.gov/Archives/edgar/data/1093691/000119312506053806/d10k.htm", "calculatedOtherExpenses": 0, "calculatedOperatingExpenses": 45292288, "calculatedNetInterest": 2021157, "calculatedOtherIncome": -5785358, "calculatedIncomeNonControlling": -51743462, "calculatedEbitda": -43932823}, {"date": "2004-12-31", "symbol": "PLUG", "reportedCurrency": "USD", "cik": "0001093691", "fillingDate": "2005-03-15", "acceptedDate": "2005-03-15 14:05:02", "calendarYear": "2004", "period": "FY", "revenue": 16141303, "costOfRevenue": 18841987, "grossProfit": -2700684, "grossProfitRatio": -0.167315117, "researchAndDevelopmentExpenses": 35202789, "generalAndAdministrativeExpenses": 7183000, "sellingAndMarketingExpenses": 1240440, "sellingGeneralAndAdministrativeExpenses": 8423440, "otherExpenses": 0, "operatingExpenses": 43626229, "costAndExpenses": 62468216, "interestIncome": 1452593, "interestExpense": 60974, "depreciationAndAmortization": 6756578, "ebitda": -39570335, "ebitdaratio": -2.4514957064, "operatingIncome": -46326913, "operatingIncomeRatio": -2.8700850854, "totalOtherIncomeExpensesNet": -1803533, "incomeBeforeTax": -46738827, "incomeBeforeTaxRatio": -2.8956043388, "incomeTaxExpense": 46738827, "netIncome": -46738827, "netIncomeRatio": -2.8956043388, "eps": -6.39, "epsdiluted": -6.39, "weightedAverageShsOut": 7312595, "weightedAverageShsOutDil": 7312595, "link": "https://www.sec.gov/Archives/edgar/data/1093691/000119312505050763/0001193125-05-050763-index.htm", "finalLink": "https://www.sec.gov/Archives/edgar/data/1093691/000119312505050763/d10k.htm", "calculatedOtherExpenses": 0, "calculatedOperatingExpenses": 43626229, "calculatedNetInterest": 1391619, "calculatedOtherIncome": -1803533, "calculatedIncomeNonControlling": -46738827, "calculatedEbitda": -39570335}, {"date": "2003-12-31", "symbol": "PLUG", "reportedCurrency": "USD", "cik": "0001093691", "fillingDate": "2004-03-11", "acceptedDate": "2004-03-11 17:23:38", "calendarYear": "2003", "period": "FY", "revenue": 12502217, "costOfRevenue": 14159944, "grossProfit": -1657727, "grossProfitRatio": -0.132594643, "researchAndDevelopmentExpenses": 40069738, "generalAndAdministrativeExpenses": 7183000, "sellingAndMarketingExpenses": -88, "sellingGeneralAndAdministrativeExpenses": 7182912, "otherExpenses": 0, "operatingExpenses": 47252650, "costAndExpenses": 61412594, "interestIncome": 833014, "interestExpense": 61568, "depreciationAndAmortization": 6469397, "ebitda": -39440980, "ebitdaratio": -3.1547188791, "operatingIncome": -51910377, "operatingIncomeRatio": -4.1520937447, "totalOtherIncomeExpensesNet": -4899871, "incomeBeforeTax": -53038802, "incomeBeforeTaxRatio": -4.2423517365, "incomeTaxExpense": 53038802, "netIncome": -53038802, "netIncomeRatio": -4.2423517365, "eps": -8.82, "epsdiluted": -8.82, "weightedAverageShsOut": 6014594, "weightedAverageShsOutDil": 6014594, "link": "https://www.sec.gov/Archives/edgar/data/1093691/000119312504039283/0001193125-04-039283-index.htm", "finalLink": "https://www.sec.gov/Archives/edgar/data/1093691/000119312504039283/d10k.htm", "calculatedOtherExpenses": 3000000, "calculatedOperatingExpenses": 50252650, "calculatedNetInterest": 771446, "calculatedOtherIncome": -1899871, "calculatedIncomeNonControlling": -53038802, "calculatedEbitda": -45440980}, {"date": "2002-12-31", "symbol": "PLUG", "reportedCurrency": "USD", "cik": "0001093691", "fillingDate": "2003-03-31", "acceptedDate": "2003-03-31 15:23:02", "calendarYear": "2002", "period": "FY", "revenue": 11818177, "costOfRevenue": 11340657, "grossProfit": 477520, "grossProfitRatio": 0.0404055549, "researchAndDevelopmentExpenses": 40289164, "generalAndAdministrativeExpenses": 6956000, "sellingAndMarketingExpenses": -116, "sellingGeneralAndAdministrativeExpenses": 6955884, "otherExpenses": 0, "operatingExpenses": 47245048, "costAndExpenses": 58585705, "interestIncome": 1655075, "interestExpense": 96635, "depreciationAndAmortization": 8234123, "ebitda": -38533405, "ebitdaratio": -3.2605202139, "operatingIncome": -46767528, "operatingIncomeRatio": -3.9572539826, "totalOtherIncomeExpensesNet": -2009238, "incomeBeforeTax": -47218326, "incomeBeforeTaxRatio": -3.9953984443, "incomeTaxExpense": 47218326, "netIncome": -47218326, "netIncomeRatio": -3.9953984443, "eps": -9.32, "epsdiluted": -9.32, "weightedAverageShsOut": 5064495, "weightedAverageShsOutDil": 5064495, "link": "https://www.sec.gov/Archives/edgar/data/1093691/000092701603001543/0000927016-03-001543-index.htm", "finalLink": "https://www.sec.gov/Archives/edgar/data/1093691/000092701603001543/d10k.htm", "calculatedOtherExpenses": 0, "calculatedOperatingExpenses": 47245048, "calculatedNetInterest": 1558440, "calculatedOtherIncome": -2009238, "calculatedIncomeNonControlling": -47218326, "calculatedEbitda": -38533405}, {"date": "2001-12-31", "symbol": "PLUG", "reportedCurrency": "USD", "cik": "0001093691", "fillingDate": "2002-03-29", "acceptedDate": "2002-03-29 00:00:00", "calendarYear": "2001", "period": "FY", "revenue": 5741525, "costOfRevenue": 11290891, "grossProfit": -5549366, "grossProfitRatio": -0.9665317141, "researchAndDevelopmentExpenses": 60599849, "generalAndAdministrativeExpenses": 0, "sellingAndMarketingExpenses": 0, "sellingGeneralAndAdministrativeExpenses": 7492489, "otherExpenses": 259958, "operatingExpenses": 68352296, "costAndExpenses": 79643187, "interestIncome": 4070419, "interestExpense": 259958, "depreciationAndAmortization": 7907437, "ebitda": -65994225, "ebitdaratio": -11.4941979701, "operatingIncome": -73901662, "operatingIncomeRatio": -12.8714343315, "totalOtherIncomeExpensesNet": -3280784, "incomeBeforeTax": -73112027, "incomeBeforeTaxRatio": -12.7339037973, "incomeTaxExpense": 73112027, "netIncome": -73112027, "netIncomeRatio": -12.7339037973, "eps": -15.61, "epsdiluted": -15.61, "weightedAverageShsOut": 4684009, "weightedAverageShsOutDil": 4684009, "link": "https://www.sec.gov/Archives/edgar/data/1093691/000092701602001777/0000927016-02-001777-index.htm", "finalLink": "https://www.sec.gov/Archives/edgar/data/1093691/000092701602001777/d10k.txt", "calculatedOtherExpenses": 259958, "calculatedOperatingExpenses": 68352296, "calculatedNetInterest": 3810461, "calculatedOtherIncome": -3020826, "calculatedIncomeNonControlling": -73112027, "calculatedEbitda": -65994225}, {"date": "2000-12-31", "symbol": "PLUG", "reportedCurrency": "USD", "cik": "0001093691", "fillingDate": "2001-03-30", "acceptedDate": "2001-03-30 00:00:00", "calendarYear": "2000", "period": "FY", "revenue": 8378200, "costOfRevenue": 7220185, "grossProfit": 1158015, "grossProfitRatio": 0.1382176362, "researchAndDevelopmentExpenses": 70888386, "generalAndAdministrativeExpenses": 0, "sellingAndMarketingExpenses": 0, "sellingGeneralAndAdministrativeExpenses": 16167329, "otherExpenses": 5835252, "operatingExpenses": 92890967, "costAndExpenses": 100111152, "interestIncome": 8181265, "interestExpense": 362996, "depreciationAndAmortization": 5835252, "ebitda": -83570484, "ebitdaratio": -9.9747540044, "operatingIncome": -91732952, "operatingIncomeRatio": -10.9490047982, "totalOtherIncomeExpensesNet": -2327216, "incomeBeforeTax": -86241899, "incomeBeforeTaxRatio": -10.2936070994, "incomeTaxExpense": 86241899, "netIncome": -86241899, "netIncomeRatio": -10.2936070994, "eps": -19.91, "epsdiluted": -19.91, "weightedAverageShsOut": 4330815, "weightedAverageShsOutDil": 4330815, "link": "https://www.sec.gov/Archives/edgar/data/1093691/000092701601001596/0000927016-01-001596-index.htm", "finalLink": "https://www.sec.gov/Archives/edgar/data/1093691/000092701601001596/0000927016-01-001596-0001.txt", "calculatedOtherExpenses": 5835252, "calculatedOperatingExpenses": 92890967, "calculatedNetInterest": 7818269, "calculatedOtherIncome": -2327216, "calculatedIncomeNonControlling": -86241899, "calculatedEbitda": -85897700}, {"date": "1999-12-31", "symbol": "PLUG", "reportedCurrency": "USD", "cik": "0001093691", "fillingDate": "2000-03-30", "acceptedDate": "2000-03-30 00:00:00", "calendarYear": "1999", "period": "FY", "revenue": 11000000, "costOfRevenue": 14046000, "grossProfit": -3046000, "grossProfitRatio": -0.2769090909, "researchAndDevelopmentExpenses": 20506000, "generalAndAdministrativeExpenses": 0, "sellingAndMarketingExpenses": 0, "sellingGeneralAndAdministrativeExpenses": 9928000, "otherExpenses": 1452000, "operatingExpenses": 31886000, "costAndExpenses": 45932000, "interestIncome": 0, "interestExpense": 0, "depreciationAndAmortization": 1452000, "ebitda": -32008000, "ebitdaratio": -2.9098181818, "operatingIncome": -34932000, "operatingIncomeRatio": -3.1756363636, "totalOtherIncomeExpensesNet": -1472000, "incomeBeforeTax": -33469000, "incomeBeforeTaxRatio": -3.0426363636, "incomeTaxExpense": 33469000, "netIncome": -33469000, "netIncomeRatio": -3.0426363636, "eps": -12.73, "epsdiluted": -12.73, "weightedAverageShsOut": 2628270, "weightedAverageShsOutDil": 2628270, "link": "https://www.sec.gov/Archives/edgar/data/1093691/000102140800001353/0001021408-00-001353-index.html", "finalLink": "https://www.sec.gov/Archives/edgar/data/1093691/000102140800001353/", "calculatedOtherExpenses": 1452000, "calculatedOperatingExpenses": 31886000, "calculatedNetInterest": 0, "calculatedOtherIncome": 1463000, "calculatedIncomeNonControlling": -33469000, "calculatedEbitda": -33480000}, {"date": "1998-12-31", "symbol": "PLUG", "reportedCurrency": "USD", "cik": "0001093691", "fillingDate": "1998-12-31", "acceptedDate": "1998-12-31 00:00:00", "calendarYear": "1998", "period": "FY", "revenue": 6500000, "costOfRevenue": 8300000, "grossProfit": -1800000, "grossProfitRatio": -0.2769230769, "researchAndDevelopmentExpenses": 4600000, "generalAndAdministrativeExpenses": 0, "sellingAndMarketingExpenses": 0, "sellingGeneralAndAdministrativeExpenses": 2800000, "otherExpenses": 600000, "operatingExpenses": 8000000, "costAndExpenses": 16300000, "interestIncome": 100000, "interestExpense": 0, "depreciationAndAmortization": 600000, "ebitda": -9200000, "ebitdaratio": -1.4153846154, "operatingIncome": -9800000, "operatingIncomeRatio": -1.5076923077, "totalOtherIncomeExpensesNet": 9800000, "incomeBeforeTax": -9600000, "incomeBeforeTaxRatio": -1.4769230769, "incomeTaxExpense": 9600000, "netIncome": -9600000, "netIncomeRatio": -1.4769230769, "eps": -7.05, "epsdiluted": -7.05, "weightedAverageShsOut": 1361698, "weightedAverageShsOutDil": 1361698, "link": null, "finalLink": null, "calculatedOtherExpenses": 600000, "calculatedOperatingExpenses": 8000000, "calculatedNetInterest": 100000, "calculatedOtherIncome": 100000, "calculatedIncomeNonControlling": -9600000, "calculatedEbitda": -9200000}]}