{"originalCurrency": "USD", "convertedCurrency": "USD", "report": [{"date": "2023-03-31", "symbol": "PLUS", "reportedCurrency": "USD", "cik": "0001022408", "fillingDate": "2023-05-25", "acceptedDate": "2023-05-24 18:07:26", "calendarYear": "2023", "period": "FY", "revenue": 2067718000, "costOfRevenue": 1550194000, "grossProfit": 517524000, "grossProfitRatio": 0.250287515, "researchAndDevelopmentExpenses": 0, "generalAndAdministrativeExpenses": 0, "sellingAndMarketingExpenses": 0, "sellingGeneralAndAdministrativeExpenses": 333520000, "otherExpenses": 13709000, "operatingExpenses": 347229000, "costAndExpenses": 1897423000, "interestIncome": 4133000, "interestExpense": 4133000, "depreciationAndAmortization": 19534000, "ebitda": 185696000, "ebitdaratio": 0.0898072174, "operatingIncome": 166162000, "operatingIncomeRatio": 0.0803600878, "totalOtherIncomeExpensesNet": -3188000, "incomeBeforeTax": 162974000, "incomeBeforeTaxRatio": 0.0788182915, "incomeTaxExpense": 43618000, "netIncome": 119356000, "netIncomeRatio": 0.0577235387, "eps": 4.49, "epsdiluted": 4.48, "weightedAverageShsOut": 26569000, "weightedAverageShsOutDil": 26654000, "link": "https://www.sec.gov/Archives/edgar/data/1022408/000114036123026454/0001140361-23-026454-index.htm", "finalLink": "https://www.sec.gov/Archives/edgar/data/1022408/000114036123026454/brhc20053157_10k.htm", "calculatedOtherExpenses": 17842000, "calculatedOperatingExpenses": 351362000, "calculatedNetInterest": 0, "calculatedOtherIncome": -3188000, "calculatedIncomeNonControlling": 0, "calculatedEbitda": 185696000}, {"date": "2022-03-31", "symbol": "PLUS", "reportedCurrency": "USD", "cik": "0001022408", "fillingDate": "2022-05-26", "acceptedDate": "2022-05-25 18:35:34", "calendarYear": "2022", "period": "FY", "revenue": 1821019000, "costOfRevenue": 1360037000, "grossProfit": 460982000, "grossProfitRatio": 0.2531450798, "researchAndDevelopmentExpenses": 0, "generalAndAdministrativeExpenses": 0, "sellingAndMarketingExpenses": 0, "sellingGeneralAndAdministrativeExpenses": 297117000, "otherExpenses": 14646000, "operatingExpenses": 311763000, "costAndExpenses": 1671800000, "interestIncome": 1903000, "interestExpense": 1903000, "depreciationAndAmortization": 16117000, "ebitda": 163433000, "ebitdaratio": 0.0897481026, "operatingIncome": 147316000, "operatingIncomeRatio": 0.0808975634, "totalOtherIncomeExpensesNet": -432000, "incomeBeforeTax": 146884000, "incomeBeforeTaxRatio": 0.0806603336, "incomeTaxExpense": 41284000, "netIncome": 105600000, "netIncomeRatio": 0.0579895103, "eps": 3.96, "epsdiluted": 3.93, "weightedAverageShsOut": 26638000, "weightedAverageShsOutDil": 26866000, "link": "https://www.sec.gov/Archives/edgar/data/1022408/000114036122020620/0001140361-22-020620-index.htm", "finalLink": "https://www.sec.gov/Archives/edgar/data/1022408/000114036122020620/brhc10037709_10k.htm", "calculatedOtherExpenses": 16549000, "calculatedOperatingExpenses": 313666000, "calculatedNetInterest": 0, "calculatedOtherIncome": -432000, "calculatedIncomeNonControlling": 0, "calculatedEbitda": 163433000}, {"date": "2021-03-31", "symbol": "PLUS", "reportedCurrency": "USD", "cik": "0001022408", "fillingDate": "2021-05-21", "acceptedDate": "2021-05-20 17:48:58", "calendarYear": "2021", "period": "FY", "revenue": 1568323000, "costOfRevenue": 1174769000, "grossProfit": 393554000, "grossProfitRatio": 0.2509393792, "researchAndDevelopmentExpenses": 0, "generalAndAdministrativeExpenses": 0, "sellingAndMarketingExpenses": 0, "sellingGeneralAndAdministrativeExpenses": 271263000, "otherExpenses": 13951000, "operatingExpenses": 285214000, "costAndExpenses": 1459983000, "interestIncome": 100000, "interestExpense": 2005000, "depreciationAndAmortization": 16527000, "ebitda": 122862000, "ebitdaratio": 0.0783397298, "operatingIncome": 106335000, "operatingIncomeRatio": 0.067801722, "totalOtherIncomeExpensesNet": 571000, "incomeBeforeTax": 106906000, "incomeBeforeTaxRatio": 0.0681658051, "incomeTaxExpense": 32509000, "netIncome": 74397000, "netIncomeRatio": 0.0474372945, "eps": 2.79, "epsdiluted": 2.77, "weightedAverageShsOut": 26674000, "weightedAverageShsOutDil": 26834000, "link": "https://www.sec.gov/Archives/edgar/data/1022408/000102240821000014/0001022408-21-000014-index.htm", "finalLink": "https://www.sec.gov/Archives/edgar/data/1022408/000102240821000014/brhc10024609_10k.htm", "calculatedOtherExpenses": 15956000, "calculatedOperatingExpenses": 287219000, "calculatedNetInterest": -1905000, "calculatedOtherIncome": 2476000, "calculatedIncomeNonControlling": 0, "calculatedEbitda": 122862000}, {"date": "2020-03-31", "symbol": "PLUS", "reportedCurrency": "USD", "cik": "0001022408", "fillingDate": "2020-05-22", "acceptedDate": "2020-05-21 18:05:48", "calendarYear": "2020", "period": "FY", "revenue": 1588404000, "costOfRevenue": 1197213000, "grossProfit": 391191000, "grossProfitRatio": 0.2462792841, "researchAndDevelopmentExpenses": 0, "generalAndAdministrativeExpenses": 0, "sellingAndMarketingExpenses": 0, "sellingGeneralAndAdministrativeExpenses": 279182000, "otherExpenses": 14156000, "operatingExpenses": 293338000, "costAndExpenses": 1490551000, "interestIncome": 294000, "interestExpense": 2574000, "depreciationAndAmortization": 17410000, "ebitda": 112689000, "ebitdaratio": 0.0709447974, "operatingIncome": 95279000, "operatingIncomeRatio": 0.0599841098, "totalOtherIncomeExpensesNet": 680000, "incomeBeforeTax": 95959000, "incomeBeforeTaxRatio": 0.0604122125, "incomeTaxExpense": 26877000, "netIncome": 69082000, "netIncomeRatio": 0.0434914543, "eps": 2.59, "epsdiluted": 2.57, "weightedAverageShsOut": 26654000, "weightedAverageShsOutDil": 26830000, "link": "https://www.sec.gov/Archives/edgar/data/1022408/000114036120012223/0001140361-20-012223-index.htm", "finalLink": "https://www.sec.gov/Archives/edgar/data/1022408/000114036120012223/form10k.htm", "calculatedOtherExpenses": 16730000, "calculatedOperatingExpenses": 295912000, "calculatedNetInterest": -2280000, "calculatedOtherIncome": 2960000, "calculatedIncomeNonControlling": 0, "calculatedEbitda": 112689000}, {"date": "2019-03-31", "symbol": "PLUS", "reportedCurrency": "USD", "cik": "0001022408", "fillingDate": "2019-05-23", "acceptedDate": "2019-05-22 18:58:51", "calendarYear": "2019", "period": "FY", "revenue": 1372673000, "costOfRevenue": 1042285000, "grossProfit": 330388000, "grossProfitRatio": 0.240689516, "researchAndDevelopmentExpenses": 0, "generalAndAdministrativeExpenses": 0, "sellingAndMarketingExpenses": 0, "sellingGeneralAndAdministrativeExpenses": 237082000, "otherExpenses": 6696000, "operatingExpenses": 248906000, "costAndExpenses": 1291191000, "interestIncome": 0, "interestExpense": 1948000, "depreciationAndAmortization": 11824000, "ebitda": 100002000, "ebitdaratio": 0.0728520194, "operatingIncome": 79534000, "operatingIncomeRatio": 0.0579409663, "totalOtherIncomeExpensesNet": 6696000, "incomeBeforeTax": 86230000, "incomeBeforeTaxRatio": 0.0628190399, "incomeTaxExpense": 23038000, "netIncome": 63192000, "netIncomeRatio": 0.0460357274, "eps": 2.35, "epsdiluted": 2.33, "weightedAverageShsOut": 26896000, "weightedAverageShsOutDil": 27156000, "link": "https://www.sec.gov/Archives/edgar/data/1022408/000102240819000012/0001022408-19-000012-index.htm", "finalLink": "https://www.sec.gov/Archives/edgar/data/1022408/000102240819000012/form10k.htm", "calculatedOtherExpenses": 13772000, "calculatedOperatingExpenses": 250854000, "calculatedNetInterest": -1948000, "calculatedOtherIncome": 8644000, "calculatedIncomeNonControlling": 0, "calculatedEbitda": 91358000}, {"date": "2018-03-31", "symbol": "PLUS", "reportedCurrency": "USD", "cik": "0001022408", "fillingDate": "2018-05-25", "acceptedDate": "2018-05-24 18:57:30", "calendarYear": "2018", "period": "FY", "revenue": 1410997000, "costOfRevenue": 1087515000, "grossProfit": 323482000, "grossProfitRatio": 0.2292577518, "researchAndDevelopmentExpenses": 0, "generalAndAdministrativeExpenses": 0, "sellingAndMarketingExpenses": 0, "sellingGeneralAndAdministrativeExpenses": 228127000, "otherExpenses": -348000, "operatingExpenses": 238048000, "costAndExpenses": 1325563000, "interestIncome": 0, "interestExpense": 1195000, "depreciationAndAmortization": 9921000, "ebitda": 95007000, "ebitdaratio": 0.0673332403, "operatingIncome": 84239000, "operatingIncomeRatio": 0.059701757, "totalOtherIncomeExpensesNet": -348000, "incomeBeforeTax": 83891000, "incomeBeforeTaxRatio": 0.0594551229, "incomeTaxExpense": 28769000, "netIncome": 55122000, "netIncomeRatio": 0.0390659938, "eps": 2, "epsdiluted": 1.97, "weightedAverageShsOut": 27580000, "weightedAverageShsOutDil": 27934000, "link": "https://www.sec.gov/Archives/edgar/data/1022408/000102240818000014/0001022408-18-000014-index.htm", "finalLink": "https://www.sec.gov/Archives/edgar/data/1022408/000102240818000014/form10k.htm", "calculatedOtherExpenses": 11116000, "calculatedOperatingExpenses": 239243000, "calculatedNetInterest": -1195000, "calculatedOtherIncome": 847000, "calculatedIncomeNonControlling": 0, "calculatedEbitda": 94160000}, {"date": "2017-03-31", "symbol": "PLUS", "reportedCurrency": "USD", "cik": "0001022408", "fillingDate": "2017-05-25", "acceptedDate": "2017-05-24 18:19:09", "calendarYear": "2017", "period": "FY", "revenue": 1329389000, "costOfRevenue": 1029630000, "grossProfit": 299759000, "grossProfitRatio": 0.2254862948, "researchAndDevelopmentExpenses": 0, "generalAndAdministrativeExpenses": 0, "sellingAndMarketingExpenses": 0, "sellingGeneralAndAdministrativeExpenses": 205232000, "otherExpenses": 380000, "operatingExpenses": 212484000, "costAndExpenses": 1242114000, "interestIncome": 0, "interestExpense": 1543000, "depreciationAndAmortization": 7252000, "ebitda": 94907000, "ebitdaratio": 0.0713914437, "operatingIncome": 85732000, "operatingIncomeRatio": 0.0644897769, "totalOtherIncomeExpensesNet": 380000, "incomeBeforeTax": 86112000, "incomeBeforeTaxRatio": 0.0647756225, "incomeTaxExpense": 35556000, "netIncome": 50556000, "netIncomeRatio": 0.0380295008, "eps": 1.83, "epsdiluted": 1.8, "weightedAverageShsOut": 27734000, "weightedAverageShsOutDil": 28056000, "link": "https://www.sec.gov/Archives/edgar/data/1022408/000102240817000009/0001022408-17-000009-index.htm", "finalLink": "https://www.sec.gov/Archives/edgar/data/1022408/000102240817000009/form10k.htm", "calculatedOtherExpenses": 8795000, "calculatedOperatingExpenses": 214027000, "calculatedNetInterest": -1543000, "calculatedOtherIncome": 1923000, "calculatedIncomeNonControlling": 0, "calculatedEbitda": 92984000}, {"date": "2016-03-31", "symbol": "PLUS", "reportedCurrency": "USD", "cik": "0001022408", "fillingDate": "2016-05-26", "acceptedDate": "2016-05-25 19:08:41", "calendarYear": "2016", "period": "FY", "revenue": 1204199000, "costOfRevenue": 942142000, "grossProfit": 262057000, "grossProfitRatio": 0.217619347, "researchAndDevelopmentExpenses": 0, "generalAndAdministrativeExpenses": 178980000, "sellingAndMarketingExpenses": 0, "sellingGeneralAndAdministrativeExpenses": 178980000, "otherExpenses": 5548000, "operatingExpenses": 184528000, "costAndExpenses": 1126670000, "interestIncome": 0, "interestExpense": 1778000, "depreciationAndAmortization": 5548000, "ebitda": 83077000, "ebitdaratio": 0.0689894278, "operatingIncome": 75751000, "operatingIncomeRatio": 0.0629057157, "totalOtherIncomeExpensesNet": 5253000, "incomeBeforeTax": 75751000, "incomeBeforeTaxRatio": 0.0629057157, "incomeTaxExpense": 31004000, "netIncome": 44747000, "netIncomeRatio": 0.0371591406, "eps": 1.54, "epsdiluted": 1.52, "weightedAverageShsOut": 29024000, "weightedAverageShsOutDil": 29376000, "link": "https://www.sec.gov/Archives/edgar/data/1022408/000102240816000072/0001022408-16-000072-index.htm", "finalLink": "https://www.sec.gov/Archives/edgar/data/1022408/000102240816000072/form10k.htm", "calculatedOtherExpenses": 7326000, "calculatedOperatingExpenses": 186306000, "calculatedNetInterest": -1778000, "calculatedOtherIncome": 1778000, "calculatedIncomeNonControlling": 0, "calculatedEbitda": 81299000}, {"date": "2015-03-31", "symbol": "PLUS", "reportedCurrency": "USD", "cik": "0001022408", "fillingDate": "2015-05-29", "acceptedDate": "2015-05-28 18:26:20", "calendarYear": "2015", "period": "FY", "revenue": 1143282000, "costOfRevenue": 898735000, "grossProfit": 244547000, "grossProfitRatio": 0.213899108, "researchAndDevelopmentExpenses": 0, "generalAndAdministrativeExpenses": 171458000, "sellingAndMarketingExpenses": 0, "sellingGeneralAndAdministrativeExpenses": 171458000, "otherExpenses": 7603000, "operatingExpenses": 171458000, "costAndExpenses": 1070193000, "interestIncome": 0, "interestExpense": 2379000, "depreciationAndAmortization": 15575000, "ebitda": 80692000, "ebitdaratio": 0.0705792622, "operatingIncome": 70710000, "operatingIncomeRatio": 0.0618482579, "totalOtherIncomeExpensesNet": 7603000, "incomeBeforeTax": 78313000, "incomeBeforeTaxRatio": 0.0684984107, "incomeTaxExpense": 32473000, "netIncome": 45840000, "netIncomeRatio": 0.0400950946, "eps": 1.57, "epsdiluted": 1.55, "weightedAverageShsOut": 29272000, "weightedAverageShsOutDil": 29572000, "link": "https://www.sec.gov/Archives/edgar/data/1022408/000102240815000017/0001022408-15-000017-index.htm", "finalLink": "https://www.sec.gov/Archives/edgar/data/1022408/000102240815000017/form10k.htm", "calculatedOtherExpenses": 2379000, "calculatedOperatingExpenses": 173837000, "calculatedNetInterest": -2379000, "calculatedOtherIncome": 9982000, "calculatedIncomeNonControlling": 0, "calculatedEbitda": 86285000}, {"date": "2014-03-31", "symbol": "PLUS", "reportedCurrency": "USD", "cik": "0001022408", "fillingDate": "2014-03-31", "acceptedDate": "2014-03-30 20:00:00", "calendarYear": "2014", "period": "FY", "revenue": 1057536000, "costOfRevenue": 840623000, "grossProfit": 216913000, "grossProfitRatio": 0.2051116936, "researchAndDevelopmentExpenses": 0, "generalAndAdministrativeExpenses": 154867000, "sellingAndMarketingExpenses": 0, "sellingGeneralAndAdministrativeExpenses": 154867000, "otherExpenses": 14696000, "operatingExpenses": 154867000, "costAndExpenses": 995490000, "interestIncome": 0, "interestExpense": 1948000, "depreciationAndAmortization": 14755000, "ebitda": 76801000, "ebitdaratio": 0.0726225868, "operatingIncome": 60098000, "operatingIncomeRatio": 0.0568283255, "totalOtherIncomeExpensesNet": -1948000, "incomeBeforeTax": 60098000, "incomeBeforeTaxRatio": 0.0568283255, "incomeTaxExpense": 24825000, "netIncome": 35273000, "netIncomeRatio": 0.0333539473, "eps": 1.1, "epsdiluted": 1.09, "weightedAverageShsOut": 31708000, "weightedAverageShsOutDil": 31996000, "link": "", "finalLink": "", "calculatedOtherExpenses": 1948000, "calculatedOperatingExpenses": 156815000, "calculatedNetInterest": -1948000, "calculatedOtherIncome": 1948000, "calculatedIncomeNonControlling": 0, "calculatedEbitda": 74853000}, {"date": "2013-03-31", "symbol": "PLUS", "reportedCurrency": "USD", "cik": "0001022408", "fillingDate": "2013-06-06", "acceptedDate": "2013-06-05 20:20:31", "calendarYear": "2013", "period": "FY", "revenue": 983112000, "costOfRevenue": 778339000, "grossProfit": 204773000, "grossProfitRatio": 0.2082906119, "researchAndDevelopmentExpenses": 0, "generalAndAdministrativeExpenses": 144160000, "sellingAndMarketingExpenses": 0, "sellingGeneralAndAdministrativeExpenses": 144160000, "otherExpenses": 12760000, "operatingExpenses": 144160000, "costAndExpenses": 922499000, "interestIncome": 0, "interestExpense": 1868000, "depreciationAndAmortization": 12168000, "ebitda": 60613000, "ebitdaratio": 0.0616542164, "operatingIncome": 58745000, "operatingIncomeRatio": 0.0597541277, "totalOtherIncomeExpensesNet": -1868000, "incomeBeforeTax": 58745000, "incomeBeforeTaxRatio": 0.0597541277, "incomeTaxExpense": 23915000, "netIncome": 34830000, "netIncomeRatio": 0.0354283134, "eps": 1.09, "epsdiluted": 1.08, "weightedAverageShsOut": 31239752, "weightedAverageShsOutDil": 31611484, "link": "https://www.sec.gov/Archives/edgar/data/1022408/000102240813000025/0001022408-13-000025-index.htm", "finalLink": "https://www.sec.gov/Archives/edgar/data/1022408/000102240813000025/form10k.htm", "calculatedOtherExpenses": 1868000, "calculatedOperatingExpenses": 146028000, "calculatedNetInterest": -1868000, "calculatedOtherIncome": 1868000, "calculatedIncomeNonControlling": 0, "calculatedEbitda": 70913000}, {"date": "2012-03-31", "symbol": "PLUS", "reportedCurrency": "USD", "cik": "0001022408", "fillingDate": "2012-06-14", "acceptedDate": "2012-06-14 09:31:21", "calendarYear": "2012", "period": "FY", "revenue": 825581000, "costOfRevenue": 654066000, "grossProfit": 171515000, "grossProfitRatio": 0.2077506629, "researchAndDevelopmentExpenses": 0, "generalAndAdministrativeExpenses": 130511000, "sellingAndMarketingExpenses": 0, "sellingGeneralAndAdministrativeExpenses": 130511000, "otherExpenses": 9938000, "operatingExpenses": 784577000, "costAndExpenses": 1438643000, "interestIncome": 0, "interestExpense": 1430000, "depreciationAndAmortization": 9365000, "ebitda": 41004000, "ebitdaratio": 0.0496668407, "operatingIncome": 39574000, "operatingIncomeRatio": 0.0479347272, "totalOtherIncomeExpensesNet": -1430000, "incomeBeforeTax": 39574000, "incomeBeforeTaxRatio": 0.0479347272, "incomeTaxExpense": 16207000, "netIncome": 23367000, "netIncomeRatio": 0.0283037037, "eps": 0.73, "epsdiluted": 0.71, "weightedAverageShsOut": 32008764, "weightedAverageShsOutDil": 32858480, "link": "https://www.sec.gov/Archives/edgar/data/1022408/000102240812000020/0001022408-12-000020-index.htm", "finalLink": "https://www.sec.gov/Archives/edgar/data/1022408/000102240812000020/form10k.htm", "calculatedOtherExpenses": 1430000, "calculatedOperatingExpenses": 131941000, "calculatedNetInterest": -1430000, "calculatedOtherIncome": 1430000, "calculatedIncomeNonControlling": 0, "calculatedEbitda": 48939000}, {"date": "2011-03-31", "symbol": "PLUS", "reportedCurrency": "USD", "cik": "0001022408", "fillingDate": "2011-06-10", "acceptedDate": "2011-06-09 19:52:41", "calendarYear": "2011", "period": "FY", "revenue": 863025000, "costOfRevenue": 705582000, "grossProfit": 157443000, "grossProfitRatio": 0.1824315634, "researchAndDevelopmentExpenses": 0, "generalAndAdministrativeExpenses": 114311000, "sellingAndMarketingExpenses": 0, "sellingGeneralAndAdministrativeExpenses": 114311000, "otherExpenses": 11776000, "operatingExpenses": 114311000, "costAndExpenses": 819893000, "interestIncome": 0, "interestExpense": 2564000, "depreciationAndAmortization": 9972000, "ebitda": 53104000, "ebitdaratio": 0.0615324006, "operatingIncome": 40568000, "operatingIncomeRatio": 0.0470067495, "totalOtherIncomeExpensesNet": -2564000, "incomeBeforeTax": 40568000, "incomeBeforeTaxRatio": 0.0470067495, "incomeTaxExpense": 16841000, "netIncome": 23727000, "netIncomeRatio": 0.0274928305, "eps": 0.71, "epsdiluted": 0.7, "weightedAverageShsOut": 32802308, "weightedAverageShsOutDil": 33411684, "link": "https://www.sec.gov/Archives/edgar/data/1022408/000102240811000019/0001022408-11-000019-index.htm", "finalLink": "https://www.sec.gov/Archives/edgar/data/1022408/000102240811000019/form10k.htm", "calculatedOtherExpenses": 2564000, "calculatedOperatingExpenses": 116875000, "calculatedNetInterest": -2564000, "calculatedOtherIncome": 2564000, "calculatedIncomeNonControlling": 0, "calculatedEbitda": 50540000}, {"date": "2010-03-31", "symbol": "PLUS", "reportedCurrency": "USD", "cik": "0001022408", "fillingDate": "2010-06-15", "acceptedDate": "2010-06-15 09:29:32", "calendarYear": "2010", "period": "FY", "revenue": 684251000, "costOfRevenue": 555195000, "grossProfit": 129056000, "grossProfitRatio": 0.1886091507, "researchAndDevelopmentExpenses": 0, "generalAndAdministrativeExpenses": 99810000, "sellingAndMarketingExpenses": 0, "sellingGeneralAndAdministrativeExpenses": 99810000, "otherExpenses": 18840000, "operatingExpenses": 99810000, "costAndExpenses": 655005000, "interestIncome": 0, "interestExpense": 4135000, "depreciationAndAmortization": 11393000, "ebitda": 40639000, "ebitdaratio": 0.0593919483, "operatingIncome": 25111000, "operatingIncomeRatio": 0.0366985214, "totalOtherIncomeExpensesNet": -4029000, "incomeBeforeTax": 21082000, "incomeBeforeTaxRatio": 0.0308103313, "incomeTaxExpense": 8337000, "netIncome": 12745000, "netIncomeRatio": 0.0186262059, "eps": 0.39, "epsdiluted": 0.38, "weightedAverageShsOut": 33069496, "weightedAverageShsOutDil": 33876904, "link": "https://www.sec.gov/Archives/edgar/data/1022408/000102240810000024/0001022408-10-000024-index.htm", "finalLink": "https://www.sec.gov/Archives/edgar/data/1022408/000102240810000024/form10k.htm", "calculatedOtherExpenses": 4135000, "calculatedOperatingExpenses": 103945000, "calculatedNetInterest": -4135000, "calculatedOtherIncome": 106000, "calculatedIncomeNonControlling": 0, "calculatedEbitda": 36504000}, {"date": "2009-03-31", "symbol": "PLUS", "reportedCurrency": "USD", "cik": "0001022408", "fillingDate": "2009-06-16", "acceptedDate": "2009-06-16 17:27:55", "calendarYear": "2009", "period": "FY", "revenue": 698027000, "costOfRevenue": 566628000, "grossProfit": 131399000, "grossProfitRatio": 0.1882434347, "researchAndDevelopmentExpenses": 0, "generalAndAdministrativeExpenses": 98899000, "sellingAndMarketingExpenses": 0, "sellingGeneralAndAdministrativeExpenses": 98899000, "otherExpenses": 24672000, "operatingExpenses": 98899000, "costAndExpenses": 665527000, "interestIncome": 0, "interestExpense": 5808000, "depreciationAndAmortization": 15181000, "ebitda": 32500000, "ebitdaratio": 0.0465598036, "operatingIncome": 26692000, "operatingIncomeRatio": 0.0382392085, "totalOtherIncomeExpensesNet": -4644000, "incomeBeforeTax": 22048000, "incomeBeforeTaxRatio": 0.0315861707, "incomeTaxExpense": 9219000, "netIncome": 12829000, "netIncomeRatio": 0.0183789452, "eps": 0.39, "epsdiluted": 0.38, "weightedAverageShsOut": 32877272, "weightedAverageShsOutDil": 33813332, "link": "https://www.sec.gov/Archives/edgar/data/1022408/000102240809000017/0001022408-09-000017-index.htm", "finalLink": "https://www.sec.gov/Archives/edgar/data/1022408/000102240809000017/form10k.htm", "calculatedOtherExpenses": 5808000, "calculatedOperatingExpenses": 104707000, "calculatedNetInterest": -5808000, "calculatedOtherIncome": 1164000, "calculatedIncomeNonControlling": 0, "calculatedEbitda": 41873000}, {"date": "2008-03-31", "symbol": "PLUS", "reportedCurrency": "USD", "cik": "0001022408", "fillingDate": "2008-07-03", "acceptedDate": "2008-07-02 20:47:50", "calendarYear": "2008", "period": "FY", "revenue": 849305000, "costOfRevenue": 689095000, "grossProfit": 160210000, "grossProfitRatio": 0.1886365911, "researchAndDevelopmentExpenses": 0, "generalAndAdministrativeExpenses": 28905000, "sellingAndMarketingExpenses": 93240000, "sellingGeneralAndAdministrativeExpenses": 122145000, "otherExpenses": 122145000, "operatingExpenses": 122145000, "costAndExpenses": 811240000, "interestIncome": 0, "interestExpense": 0, "depreciationAndAmortization": 21851000, "ebitda": 59916000, "ebitdaratio": 0.0705470944, "operatingIncome": 38065000, "operatingIncomeRatio": 0.0448189991, "totalOtherIncomeExpensesNet": -8123000, "incomeBeforeTax": 29942000, "incomeBeforeTaxRatio": 0.0352547083, "incomeTaxExpense": 13582000, "netIncome": 16360000, "netIncomeRatio": 0.019262809, "eps": 0.5, "epsdiluted": 0.49, "weightedAverageShsOut": 32926964, "weightedAverageShsOutDil": 33514732, "link": "https://www.sec.gov/Archives/edgar/data/1022408/000102240808000030/0001022408-08-000030-index.htm", "finalLink": "https://www.sec.gov/Archives/edgar/data/1022408/000102240808000030/form10k.htm", "calculatedOtherExpenses": 0, "calculatedOperatingExpenses": 122145000, "calculatedNetInterest": 0, "calculatedOtherIncome": -8123000, "calculatedIncomeNonControlling": 0, "calculatedEbitda": 59916000}, {"date": "2007-03-31", "symbol": "PLUS", "reportedCurrency": "USD", "cik": "0001022408", "fillingDate": "2008-02-08", "acceptedDate": "2008-02-07 18:00:58", "calendarYear": "2007", "period": "FY", "revenue": 791611000, "costOfRevenue": 626861000, "grossProfit": 164750000, "grossProfitRatio": 0.2081198973, "researchAndDevelopmentExpenses": 0, "generalAndAdministrativeExpenses": 33340000, "sellingAndMarketingExpenses": 91179000, "sellingGeneralAndAdministrativeExpenses": 124519000, "otherExpenses": 124519000, "operatingExpenses": 124519000, "costAndExpenses": 751380000, "interestIncome": 0, "interestExpense": 0, "depreciationAndAmortization": 21837000, "ebitda": 62068000, "ebitdaratio": 0.0784071975, "operatingIncome": 40231000, "operatingIncomeRatio": 0.0508216788, "totalOtherIncomeExpensesNet": -10125000, "incomeBeforeTax": 30106000, "incomeBeforeTaxRatio": 0.0380313058, "incomeTaxExpense": 12729000, "netIncome": 17377000, "netIncomeRatio": 0.0219514383, "eps": 0.53, "epsdiluted": 0.51, "weightedAverageShsOut": 32899716, "weightedAverageShsOutDil": 34138432, "link": "https://www.sec.gov/Archives/edgar/data/1022408/000102240808000003/0001022408-08-000003-index.htm", "finalLink": "https://www.sec.gov/Archives/edgar/data/1022408/000102240808000003/form10k.htm", "calculatedOtherExpenses": 0, "calculatedOperatingExpenses": 124519000, "calculatedNetInterest": 0, "calculatedOtherIncome": -10125000, "calculatedIncomeNonControlling": 0, "calculatedEbitda": 62068000}, {"date": "2006-03-31", "symbol": "PLUS", "reportedCurrency": "USD", "cik": "0001022408", "fillingDate": "2007-08-16", "acceptedDate": "2007-08-15 18:03:06", "calendarYear": "2006", "period": "FY", "revenue": 647318232, "costOfRevenue": 526656575, "grossProfit": 120661657, "grossProfitRatio": 0.1864023768, "researchAndDevelopmentExpenses": 0, "generalAndAdministrativeExpenses": 25299000, "sellingAndMarketingExpenses": 79003246, "sellingGeneralAndAdministrativeExpenses": 104302246, "otherExpenses": 104302246, "operatingExpenses": 104302246, "costAndExpenses": 630958821, "interestIncome": 0, "interestExpense": 0, "depreciationAndAmortization": 17162002, "ebitda": 43697110, "ebitdaratio": 0.0675048343, "operatingIncome": 16359411, "operatingIncomeRatio": 0.0252725942, "totalOtherIncomeExpensesNet": -10175697, "incomeBeforeTax": -1066486, "incomeBeforeTaxRatio": -0.0016475451, "incomeTaxExpense": -545048, "netIncome": -521438, "netIncomeRatio": -0.0008055358, "eps": -0.0156, "epsdiluted": -0.0156, "weightedAverageShsOut": 33390908, "weightedAverageShsOutDil": 33390908, "link": "https://www.sec.gov/Archives/edgar/data/1022408/000102240807000037/0001022408-07-000037-index.htm", "finalLink": "https://www.sec.gov/Archives/edgar/data/1022408/000102240807000037/form10-k.htm", "calculatedOtherExpenses": 0, "calculatedOperatingExpenses": 104302246, "calculatedNetInterest": 0, "calculatedOtherIncome": -17425897, "calculatedIncomeNonControlling": 0, "calculatedEbitda": 33521413}, {"date": "2005-03-31", "symbol": "PLUS", "reportedCurrency": "USD", "cik": "0001022408", "fillingDate": "2005-06-29", "acceptedDate": "2005-06-29 16:05:08", "calendarYear": "2005", "period": "FY", "revenue": 575798522, "costOfRevenue": 444283009, "grossProfit": 131515513, "grossProfitRatio": 0.2284054369, "researchAndDevelopmentExpenses": 0, "generalAndAdministrativeExpenses": 0, "sellingAndMarketingExpenses": 0, "sellingGeneralAndAdministrativeExpenses": 82528297, "otherExpenses": 82528297, "operatingExpenses": 82528297, "costAndExpenses": 526811306, "interestIncome": 0, "interestExpense": 0, "depreciationAndAmortization": 12784225, "ebitda": 61771441, "ebitdaratio": 0.1072796102, "operatingIncome": 48987216, "operatingIncomeRatio": 0.0850770089, "totalOtherIncomeExpensesNet": -5981054, "incomeBeforeTax": 43006162, "incomeBeforeTaxRatio": 0.0746896012, "incomeTaxExpense": 17718539, "netIncome": 25287623, "netIncomeRatio": 0.0439174851, "eps": 0.71, "epsdiluted": 0.67, "weightedAverageShsOut": 35592448, "weightedAverageShsOutDil": 37733000, "link": "https://www.sec.gov/Archives/edgar/data/1022408/000102240805000050/0001022408-05-000050-index.htm", "finalLink": "https://www.sec.gov/Archives/edgar/data/1022408/000102240805000050/f_10k03312005.txt", "calculatedOtherExpenses": 0, "calculatedOperatingExpenses": 82528297, "calculatedNetInterest": 0, "calculatedOtherIncome": -5981054, "calculatedIncomeNonControlling": 0, "calculatedEbitda": 61771441}, {"date": "2004-03-31", "symbol": "PLUS", "reportedCurrency": "USD", "cik": "0001022408", "fillingDate": "2004-06-15", "acceptedDate": "2004-06-15 16:46:00", "calendarYear": "2004", "period": "FY", "revenue": 330557488, "costOfRevenue": 246843936, "grossProfit": 83713552, "grossProfitRatio": 0.2532496012, "researchAndDevelopmentExpenses": 0, "generalAndAdministrativeExpenses": 0, "sellingAndMarketingExpenses": 0, "sellingGeneralAndAdministrativeExpenses": 59656749, "otherExpenses": 59656749, "operatingExpenses": 59656749, "costAndExpenses": 306500685, "interestIncome": 0, "interestExpense": 0, "depreciationAndAmortization": 10487439, "ebitda": 34544242, "ebitdaratio": 0.1045029783, "operatingIncome": 24056803, "operatingIncomeRatio": 0.0727764576, "totalOtherIncomeExpensesNet": -6847073, "incomeBeforeTax": 17209730, "incomeBeforeTaxRatio": 0.0520627444, "incomeTaxExpense": 7055989, "netIncome": 10153741, "netIncomeRatio": 0.0307170201, "eps": 0.26, "epsdiluted": 0.24, "weightedAverageShsOut": 37333552, "weightedAverageShsOutDil": 39907288, "link": "https://www.sec.gov/Archives/edgar/data/1022408/000102240804000050/0001022408-04-000050-index.htm", "finalLink": "https://www.sec.gov/Archives/edgar/data/1022408/000102240804000050/f_10k20040614.txt", "calculatedOtherExpenses": 0, "calculatedOperatingExpenses": 59656749, "calculatedNetInterest": 0, "calculatedOtherIncome": -6847073, "calculatedIncomeNonControlling": 0, "calculatedEbitda": 34544242}, {"date": "2003-03-31", "symbol": "PLUS", "reportedCurrency": "USD", "cik": "0001022408", "fillingDate": "2003-06-30", "acceptedDate": "2003-06-30 14:03:55", "calendarYear": "2003", "period": "FY", "revenue": 299646146, "costOfRevenue": 213449901, "grossProfit": 86196245, "grossProfitRatio": 0.2876601156, "researchAndDevelopmentExpenses": 0, "generalAndAdministrativeExpenses": 0, "sellingAndMarketingExpenses": 0, "sellingGeneralAndAdministrativeExpenses": 61415603, "otherExpenses": 61415603, "operatingExpenses": 61415603, "costAndExpenses": 274865504, "interestIncome": 0, "interestExpense": 0, "depreciationAndAmortization": 4510705, "ebitda": 29291347, "ebitdaratio": 0.0977531244, "operatingIncome": 24780642, "operatingIncomeRatio": 0.0826996854, "totalOtherIncomeExpensesNet": -8308382, "incomeBeforeTax": 16472260, "incomeBeforeTaxRatio": 0.054972374, "incomeTaxExpense": 6759551, "netIncome": 9712709, "netIncomeRatio": 0.0324139293, "eps": 0.24, "epsdiluted": 0.24, "weightedAverageShsOut": 40244352, "weightedAverageShsOutDil": 40439236, "link": "https://www.sec.gov/Archives/edgar/data/1022408/000102240803000008/0001022408-03-000008-index.htm", "finalLink": "https://www.sec.gov/Archives/edgar/data/1022408/000102240803000008/f_10k33103.txt", "calculatedOtherExpenses": 0, "calculatedOperatingExpenses": 61415603, "calculatedNetInterest": 0, "calculatedOtherIncome": -8308382, "calculatedIncomeNonControlling": 0, "calculatedEbitda": 29291347}, {"date": "2002-03-31", "symbol": "PLUS", "reportedCurrency": "USD", "cik": "0001022408", "fillingDate": "2002-07-01", "acceptedDate": "2002-06-28 17:31:21", "calendarYear": "2002", "period": "FY", "revenue": 204985346, "costOfRevenue": 120642163, "grossProfit": 84343183, "grossProfitRatio": 0.4114595733, "researchAndDevelopmentExpenses": 0, "generalAndAdministrativeExpenses": 57611248, "sellingAndMarketingExpenses": 0, "sellingGeneralAndAdministrativeExpenses": 57611248, "otherExpenses": 0, "operatingExpenses": 57611248, "costAndExpenses": 178253411, "interestIncome": 0, "interestExpense": 0, "depreciationAndAmortization": 5644713, "ebitda": 32376648, "ebitdaratio": 0.1579461587, "operatingIncome": 26731935, "operatingIncomeRatio": 0.1304090049, "totalOtherIncomeExpensesNet": -11810414, "incomeBeforeTax": 14921521, "incomeBeforeTaxRatio": 0.0727931108, "incomeTaxExpense": 6009798, "netIncome": 8911723, "netIncomeRatio": 0.0434749272, "eps": 0.22, "epsdiluted": 0.21, "weightedAverageShsOut": 40940516, "weightedAverageShsOutDil": 41832940, "link": "https://www.sec.gov/Archives/edgar/data/1022408/000102240802000020/0001022408-02-000020-index.htm", "finalLink": "https://www.sec.gov/Archives/edgar/data/1022408/000102240802000020/f10k_33102.txt", "calculatedOtherExpenses": 0, "calculatedOperatingExpenses": 57611248, "calculatedNetInterest": 0, "calculatedOtherIncome": -11810414, "calculatedIncomeNonControlling": 0, "calculatedEbitda": 32376648}, {"date": "2001-03-31", "symbol": "PLUS", "reportedCurrency": "USD", "cik": "0001022408", "fillingDate": "2001-06-29", "acceptedDate": "2001-06-29 00:00:00", "calendarYear": "2001", "period": "FY", "revenue": 306585896, "costOfRevenue": 204554328, "grossProfit": 102031568, "grossProfitRatio": 0.3327992883, "researchAndDevelopmentExpenses": 0, "generalAndAdministrativeExpenses": 61275086, "sellingAndMarketingExpenses": 0, "sellingGeneralAndAdministrativeExpenses": 61275086, "otherExpenses": 11248760, "operatingExpenses": 72523846, "costAndExpenses": 277078174, "interestIncome": 0, "interestExpense": 0, "depreciationAndAmortization": 11248760, "ebitda": 40756482, "ebitdaratio": 0.1329365849, "operatingIncome": 29507722, "operatingIncomeRatio": 0.0962461822, "totalOtherIncomeExpensesNet": -15522897, "incomeBeforeTax": 13984825, "incomeBeforeTaxRatio": 0.0456147043, "incomeTaxExpense": 5666625, "netIncome": 8318200, "netIncomeRatio": 0.0271317112, "eps": 0.22, "epsdiluted": 0.2, "weightedAverageShsOut": 38503564, "weightedAverageShsOutDil": 41533868, "link": "https://www.sec.gov/Archives/edgar/data/1022408/000102240801500006/0001022408-01-500006-index.htm", "finalLink": "https://www.sec.gov/Archives/edgar/data/1022408/000102240801500006/f10k_062901.txt", "calculatedOtherExpenses": 11248760, "calculatedOperatingExpenses": 72523846, "calculatedNetInterest": 0, "calculatedOtherIncome": -15522897, "calculatedIncomeNonControlling": 0, "calculatedEbitda": 40756482}, {"date": "2000-03-31", "symbol": "PLUS", "reportedCurrency": "USD", "cik": "0001022408", "fillingDate": "2000-06-29", "acceptedDate": "2000-06-29 00:00:00", "calendarYear": "2000", "period": "FY", "revenue": 264733804, "costOfRevenue": 195304173, "grossProfit": 69429631, "grossProfitRatio": 0.2622620532, "researchAndDevelopmentExpenses": 0, "generalAndAdministrativeExpenses": 36430207, "sellingAndMarketingExpenses": 0, "sellingGeneralAndAdministrativeExpenses": 36430207, "otherExpenses": 7359180, "operatingExpenses": 43789387, "costAndExpenses": 239093560, "interestIncome": 0, "interestExpense": 0, "depreciationAndAmortization": 7359180, "ebitda": 32999424, "ebitdaratio": 0.1246513422, "operatingIncome": 25640244, "operatingIncomeRatio": 0.0968529278, "totalOtherIncomeExpensesNet": -11389682, "incomeBeforeTax": 14250562, "incomeBeforeTaxRatio": 0.0538297784, "incomeTaxExpense": 5875194, "netIncome": 8375368, "netIncomeRatio": 0.031636942, "eps": 0.27, "epsdiluted": 0.23, "weightedAverageShsOut": 30793148, "weightedAverageShsOutDil": 36620224, "link": "https://www.sec.gov/Archives/edgar/data/1022408/000102240800000012/0001022408-00-000012-index.htm", "finalLink": "https://www.sec.gov/Archives/edgar/data/1022408/000102240800000012/0001022408-00-000012-0001.txt", "calculatedOtherExpenses": 7359180, "calculatedOperatingExpenses": 43789387, "calculatedNetInterest": 0, "calculatedOtherIncome": -11389682, "calculatedIncomeNonControlling": 0, "calculatedEbitda": 32999424}, {"date": "1999-03-31", "symbol": "PLUS", "reportedCurrency": "USD", "cik": "0001022408", "fillingDate": "1999-06-29", "acceptedDate": "1999-06-29 00:00:00", "calendarYear": "1999", "period": "FY", "revenue": 194000000, "costOfRevenue": 149900000, "grossProfit": 44100000, "grossProfitRatio": 0.2273195876, "researchAndDevelopmentExpenses": 0, "generalAndAdministrativeExpenses": 24500000, "sellingAndMarketingExpenses": 0, "sellingGeneralAndAdministrativeExpenses": 24500000, "otherExpenses": 4700000, "operatingExpenses": 29200000, "costAndExpenses": 179100000, "interestIncome": 0, "interestExpense": 0, "depreciationAndAmortization": 4700000, "ebitda": 19600000, "ebitdaratio": 0.1010309278, "operatingIncome": 14900000, "operatingIncomeRatio": 0.0768041237, "totalOtherIncomeExpensesNet": -3600000, "incomeBeforeTax": 11300000, "incomeBeforeTaxRatio": 0.0582474227, "incomeTaxExpense": 4600000, "netIncome": 6700000, "netIncomeRatio": 0.0345360825, "eps": 0.25, "epsdiluted": 0.25, "weightedAverageShsOut": 27078928, "weightedAverageShsOutDil": 27298532, "link": "https://www.sec.gov/Archives/edgar/data/1022408/000102240899000007/0001022408-99-000007-index.html", "finalLink": "https://www.sec.gov/Archives/edgar/data/1022408/000102240899000007/", "calculatedOtherExpenses": 4700000, "calculatedOperatingExpenses": 29200000, "calculatedNetInterest": 0, "calculatedOtherIncome": -3600000, "calculatedIncomeNonControlling": 0, "calculatedEbitda": 19600000}, {"date": "1998-03-31", "symbol": "PLUS", "reportedCurrency": "USD", "cik": "0001022408", "fillingDate": "1998-06-29", "acceptedDate": "1998-06-29 00:00:00", "calendarYear": "1998", "period": "FY", "revenue": 118400000, "costOfRevenue": 87900000, "grossProfit": 30500000, "grossProfitRatio": 0.2576013514, "researchAndDevelopmentExpenses": 0, "generalAndAdministrativeExpenses": 15200000, "sellingAndMarketingExpenses": 0, "sellingGeneralAndAdministrativeExpenses": 15200000, "otherExpenses": 4600000, "operatingExpenses": 19800000, "costAndExpenses": 107700000, "interestIncome": 0, "interestExpense": 0, "depreciationAndAmortization": 4600000, "ebitda": 15300000, "ebitdaratio": 0.129222973, "operatingIncome": 10700000, "operatingIncomeRatio": 0.0903716216, "totalOtherIncomeExpensesNet": -2000000, "incomeBeforeTax": 8700000, "incomeBeforeTaxRatio": 0.0734797297, "incomeTaxExpense": 2700000, "netIncome": 6000000, "netIncomeRatio": 0.0506756757, "eps": 0.25, "epsdiluted": 0.25, "weightedAverageShsOut": 24124352, "weightedAverageShsOutDil": 24572068, "link": "https://www.sec.gov/Archives/edgar/data/1022408/000095013398002454/0000950133-98-002454-index.html", "finalLink": "https://www.sec.gov/Archives/edgar/data/1022408/", "calculatedOtherExpenses": 4600000, "calculatedOperatingExpenses": 19800000, "calculatedNetInterest": 0, "calculatedOtherIncome": -2000000, "calculatedIncomeNonControlling": 0, "calculatedEbitda": 15300000}, {"date": "1997-03-31", "symbol": "PLUS", "reportedCurrency": "USD", "cik": "0001022408", "fillingDate": "1997-06-30", "acceptedDate": "1997-06-30 00:00:00", "calendarYear": "1997", "period": "FY", "revenue": 56100000, "costOfRevenue": 36600000, "grossProfit": 19500000, "grossProfitRatio": 0.3475935829, "researchAndDevelopmentExpenses": 0, "generalAndAdministrativeExpenses": 10600000, "sellingAndMarketingExpenses": 0, "sellingGeneralAndAdministrativeExpenses": 10600000, "otherExpenses": 3500000, "operatingExpenses": 14100000, "costAndExpenses": 50700000, "interestIncome": 0, "interestExpense": 0, "depreciationAndAmortization": 3500000, "ebitda": 8900000, "ebitdaratio": 0.1586452763, "operatingIncome": 5400000, "operatingIncomeRatio": 0.0962566845, "totalOtherIncomeExpensesNet": -1500000, "incomeBeforeTax": 3900000, "incomeBeforeTaxRatio": 0.0695187166, "incomeTaxExpense": 1400000, "netIncome": 2500000, "netIncomeRatio": 0.0445632799, "eps": 0.17, "epsdiluted": 0.17, "weightedAverageShsOut": 20895522, "weightedAverageShsOutDil": 21212121, "link": "https://www.sec.gov/Archives/edgar/data/1022408/000095013397002378/0000950133-97-002378-index.html", "finalLink": "https://www.sec.gov/Archives/edgar/data/1022408/", "calculatedOtherExpenses": 3500000, "calculatedOperatingExpenses": 14100000, "calculatedNetInterest": 0, "calculatedOtherIncome": -1500000, "calculatedIncomeNonControlling": 0, "calculatedEbitda": 8900000}, {"date": "1996-03-31", "symbol": "PLUS", "reportedCurrency": "USD", "cik": "0001022408", "fillingDate": "1996-03-31", "acceptedDate": "1996-03-30 19:00:00", "calendarYear": "1996", "period": "FY", "revenue": 42800000, "costOfRevenue": 32000000, "grossProfit": 10800000, "grossProfitRatio": 0.2523364486, "researchAndDevelopmentExpenses": 0, "generalAndAdministrativeExpenses": 0, "sellingAndMarketingExpenses": 0, "sellingGeneralAndAdministrativeExpenses": 4700000, "otherExpenses": 6800000, "operatingExpenses": 6800000, "costAndExpenses": 38800000, "interestIncome": 0, "interestExpense": 0, "depreciationAndAmortization": 2100000, "ebitda": 6100000, "ebitdaratio": 0.1425233645, "operatingIncome": 4000000, "operatingIncomeRatio": 0.0934579439, "totalOtherIncomeExpensesNet": -1500000, "incomeBeforeTax": 2500000, "incomeBeforeTaxRatio": 0.058411215, "incomeTaxExpense": 900000, "netIncome": 1600000, "netIncomeRatio": 0.0373831776, "eps": 0.16, "epsdiluted": 0.16, "weightedAverageShsOut": 10322581, "weightedAverageShsOutDil": 10322581, "link": "", "finalLink": "", "calculatedOtherExpenses": 2100000, "calculatedOperatingExpenses": 6800000, "calculatedNetInterest": 0, "calculatedOtherIncome": -1500000, "calculatedIncomeNonControlling": 0, "calculatedEbitda": 6100000}]}