{"originalCurrency": "USD", "convertedCurrency": "USD", "report": [{"date": "2023-09-30", "symbol": "PLXS", "reportedCurrency": "USD", "cik": "0000785786", "fillingDate": "2023-11-17", "acceptedDate": "2023-11-17 08:39:18", "calendarYear": "2023", "period": "FY", "revenue": 4210305000, "costOfRevenue": 3815751000, "grossProfit": 394554000, "grossProfitRatio": 0.0937115007, "researchAndDevelopmentExpenses": 0, "generalAndAdministrativeExpenses": 0, "sellingAndMarketingExpenses": 0, "sellingGeneralAndAdministrativeExpenses": 175640000, "otherExpenses": -6403000, "operatingExpenses": 175640000, "costAndExpenses": 3991391000, "interestIncome": 3138000, "interestExpense": 31542000, "depreciationAndAmortization": 19829000, "ebitda": 215649000, "ebitdaratio": 0.0512193297, "operatingIncome": 195820000, "operatingIncomeRatio": 0.0465096947, "totalOtherIncomeExpensesNet": -29497000, "incomeBeforeTax": 161013000, "incomeBeforeTaxRatio": 0.0382425976, "incomeTaxExpense": 21919000, "netIncome": 139094000, "netIncomeRatio": 0.0330365615, "eps": 5.04, "epsdiluted": 4.95, "weightedAverageShsOut": 27582000, "weightedAverageShsOutDil": 28114000, "link": "https://www.sec.gov/Archives/edgar/data/785786/000078578623000066/0000785786-23-000066-index.htm", "finalLink": "https://www.sec.gov/Archives/edgar/data/785786/000078578623000066/plxs-20230930.htm", "calculatedOtherExpenses": 23094000, "calculatedOperatingExpenses": 198734000, "calculatedNetInterest": -28404000, "calculatedOtherIncome": -6403000, "calculatedIncomeNonControlling": 0, "calculatedEbitda": 215649000}, {"date": "2022-10-01", "symbol": "PLXS", "reportedCurrency": "USD", "cik": "0000785786", "fillingDate": "2022-11-18", "acceptedDate": "2022-11-18 08:23:59", "calendarYear": "2022", "period": "FY", "revenue": 3811368000, "costOfRevenue": 3464139000, "grossProfit": 347229000, "grossProfitRatio": 0.0911035093, "researchAndDevelopmentExpenses": 0, "generalAndAdministrativeExpenses": 0, "sellingAndMarketingExpenses": 0, "sellingGeneralAndAdministrativeExpenses": 167023000, "otherExpenses": -5329000, "operatingExpenses": 167023000, "costAndExpenses": 3631162000, "interestIncome": 1305000, "interestExpense": 15858000, "depreciationAndAmortization": 62689000, "ebitda": 176182000, "ebitdaratio": 0.0462253973, "operatingIncome": 113493000, "operatingIncomeRatio": 0.0297774972, "totalOtherIncomeExpensesNet": 44810000, "incomeBeforeTax": 158303000, "incomeBeforeTaxRatio": 0.0415344307, "incomeTaxExpense": 20060000, "netIncome": 138243000, "netIncomeRatio": 0.0362712286, "eps": 4.96, "epsdiluted": 4.86, "weightedAverageShsOut": 27862000, "weightedAverageShsOutDil": 28439000, "link": "https://www.sec.gov/Archives/edgar/data/785786/000078578622000085/0000785786-22-000085-index.htm", "finalLink": "https://www.sec.gov/Archives/edgar/data/785786/000078578622000085/plxs-20221001.htm", "calculatedOtherExpenses": 66713000, "calculatedOperatingExpenses": 233736000, "calculatedNetInterest": -14553000, "calculatedOtherIncome": 59363000, "calculatedIncomeNonControlling": 0, "calculatedEbitda": 176182000}, {"date": "2021-10-02", "symbol": "PLXS", "reportedCurrency": "USD", "cik": "0000785786", "fillingDate": "2021-11-19", "acceptedDate": "2021-11-19 08:16:19", "calendarYear": "2021", "period": "FY", "revenue": 3368865000, "costOfRevenue": 3045569000, "grossProfit": 323296000, "grossProfitRatio": 0.095965852, "researchAndDevelopmentExpenses": 0, "generalAndAdministrativeExpenses": 0, "sellingAndMarketingExpenses": 0, "sellingGeneralAndAdministrativeExpenses": 143761000, "otherExpenses": -2976000, "operatingExpenses": 143761000, "costAndExpenses": 3189330000, "interestIncome": 1372000, "interestExpense": 14253000, "depreciationAndAmortization": 61014000, "ebitda": 177931000, "ebitdaratio": 0.0528163046, "operatingIncome": 116917000, "operatingIncomeRatio": 0.0347051603, "totalOtherIncomeExpensesNet": 43494000, "incomeBeforeTax": 160411000, "incomeBeforeTaxRatio": 0.04761574, "incomeTaxExpense": 21499000, "netIncome": 138912000, "netIncomeRatio": 0.0412340655, "eps": 4.86, "epsdiluted": 4.76, "weightedAverageShsOut": 28575000, "weightedAverageShsOutDil": 29167000, "link": "https://www.sec.gov/Archives/edgar/data/785786/000078578621000082/0000785786-21-000082-index.htm", "finalLink": "https://www.sec.gov/Archives/edgar/data/785786/000078578621000082/plxs-20211002.htm", "calculatedOtherExpenses": 62618000, "calculatedOperatingExpenses": 206379000, "calculatedNetInterest": -12881000, "calculatedOtherIncome": 56375000, "calculatedIncomeNonControlling": 0, "calculatedEbitda": 177931000}, {"date": "2020-10-03", "symbol": "PLXS", "reportedCurrency": "USD", "cik": "0000785786", "fillingDate": "2020-11-20", "acceptedDate": "2020-11-20 08:22:45", "calendarYear": "2020", "period": "FY", "revenue": 3390394000, "costOfRevenue": 3077688000, "grossProfit": 312706000, "grossProfitRatio": 0.0922329381, "researchAndDevelopmentExpenses": 0, "generalAndAdministrativeExpenses": 0, "sellingAndMarketingExpenses": 0, "sellingGeneralAndAdministrativeExpenses": 153331000, "otherExpenses": -3691000, "operatingExpenses": 153331000, "costAndExpenses": 3231019000, "interestIncome": 1878000, "interestExpense": 16162000, "depreciationAndAmortization": 56690000, "ebitda": 157562000, "ebitdaratio": 0.0464730648, "operatingIncome": 100872000, "operatingIncomeRatio": 0.0297522943, "totalOtherIncomeExpensesNet": 34525000, "incomeBeforeTax": 135397000, "incomeBeforeTaxRatio": 0.0399354765, "incomeTaxExpense": 17918000, "netIncome": 117479000, "netIncomeRatio": 0.034650545, "eps": 4.02, "epsdiluted": 3.93, "weightedAverageShsOut": 29195000, "weightedAverageShsOutDil": 29916000, "link": "https://www.sec.gov/Archives/edgar/data/785786/000078578620000102/0000785786-20-000102-index.htm", "finalLink": "https://www.sec.gov/Archives/edgar/data/785786/000078578620000102/plxs-20201003.htm", "calculatedOtherExpenses": 58503000, "calculatedOperatingExpenses": 211834000, "calculatedNetInterest": -14284000, "calculatedOtherIncome": 48809000, "calculatedIncomeNonControlling": 0, "calculatedEbitda": 157562000}, {"date": "2019-09-28", "symbol": "PLXS", "reportedCurrency": "USD", "cik": "0000785786", "fillingDate": "2019-11-15", "acceptedDate": "2019-11-15 07:35:34", "calendarYear": "2019", "period": "FY", "revenue": 3164434000, "costOfRevenue": 2872596000, "grossProfit": 291838000, "grossProfitRatio": 0.0922243915, "researchAndDevelopmentExpenses": 0, "generalAndAdministrativeExpenses": 0, "sellingAndMarketingExpenses": 0, "sellingGeneralAndAdministrativeExpenses": 148105000, "otherExpenses": -5196000, "operatingExpenses": 148105000, "costAndExpenses": 3020701000, "interestIncome": 1949000, "interestExpense": 12853000, "depreciationAndAmortization": 52206000, "ebitda": 140486000, "ebitdaratio": 0.044395301, "operatingIncome": 88280000, "operatingIncomeRatio": 0.027897564, "totalOtherIncomeExpensesNet": 37675000, "incomeBeforeTax": 125955000, "incomeBeforeTaxRatio": 0.0398033266, "incomeTaxExpense": 17339000, "netIncome": 108616000, "netIncomeRatio": 0.0343239897, "eps": 3.59, "epsdiluted": 3.5, "weightedAverageShsOut": 30271000, "weightedAverageShsOutDil": 31074000, "link": "https://www.sec.gov/Archives/edgar/data/785786/000078578619000059/0000785786-19-000059-index.htm", "finalLink": "https://www.sec.gov/Archives/edgar/data/785786/000078578619000059/plxsf1910-k.htm", "calculatedOtherExpenses": 55453000, "calculatedOperatingExpenses": 203558000, "calculatedNetInterest": -10904000, "calculatedOtherIncome": 48579000, "calculatedIncomeNonControlling": 0, "calculatedEbitda": 140486000}, {"date": "2018-09-29", "symbol": "PLXS", "reportedCurrency": "USD", "cik": "0000785786", "fillingDate": "2018-11-16", "acceptedDate": "2018-11-16 11:41:26", "calendarYear": "2018", "period": "FY", "revenue": 2873508000, "costOfRevenue": 2615908000, "grossProfit": 257600000, "grossProfitRatio": 0.0896465226, "researchAndDevelopmentExpenses": 0, "generalAndAdministrativeExpenses": 0, "sellingAndMarketingExpenses": 0, "sellingGeneralAndAdministrativeExpenses": 139317000, "otherExpenses": -3143000, "operatingExpenses": 139317000, "costAndExpenses": 2755225000, "interestIncome": 4696000, "interestExpense": 12226000, "depreciationAndAmortization": 48296000, "ebitda": 119836000, "ebitdaratio": 0.0417037294, "operatingIncome": 118283000, "operatingIncomeRatio": 0.041163275, "totalOtherIncomeExpensesNet": -3143000, "incomeBeforeTax": 107610000, "incomeBeforeTaxRatio": 0.0374489996, "incomeTaxExpense": 94570000, "netIncome": 13040000, "netIncomeRatio": 0.0045380072, "eps": 0.4, "epsdiluted": 0.38, "weightedAverageShsOut": 33003000, "weightedAverageShsOutDil": 33919000, "link": "https://www.sec.gov/Archives/edgar/data/785786/000078578618000051/0000785786-18-000051-index.htm", "finalLink": "https://www.sec.gov/Archives/edgar/data/785786/000078578618000051/plxsf1810-k.htm", "calculatedOtherExpenses": 0, "calculatedOperatingExpenses": 139317000, "calculatedNetInterest": -7530000, "calculatedOtherIncome": -3143000, "calculatedIncomeNonControlling": 0, "calculatedEbitda": 166579000}, {"date": "2017-09-30", "symbol": "PLXS", "reportedCurrency": "USD", "cik": "0000785786", "fillingDate": "2017-11-17", "acceptedDate": "2017-11-17 12:10:28", "calendarYear": "2017", "period": "FY", "revenue": 2528052000, "costOfRevenue": 2272197000, "grossProfit": 255855000, "grossProfitRatio": 0.1012063834, "researchAndDevelopmentExpenses": 0, "generalAndAdministrativeExpenses": 0, "sellingAndMarketingExpenses": 0, "sellingGeneralAndAdministrativeExpenses": 125947000, "otherExpenses": 451000, "operatingExpenses": 125947000, "costAndExpenses": 2398144000, "interestIncome": 5042000, "interestExpense": 13578000, "depreciationAndAmortization": 45330000, "ebitda": 135401000, "ebitdaratio": 0.0535594205, "operatingIncome": 129908000, "operatingIncomeRatio": 0.0513866012, "totalOtherIncomeExpensesNet": 451000, "incomeBeforeTax": 121823000, "incomeBeforeTaxRatio": 0.0481884866, "incomeTaxExpense": 9761000, "netIncome": 112062000, "netIncomeRatio": 0.044327411, "eps": 3.33, "epsdiluted": 3.24, "weightedAverageShsOut": 33612000, "weightedAverageShsOutDil": 34553000, "link": "https://www.sec.gov/Archives/edgar/data/785786/000078578617000049/0000785786-17-000049-index.htm", "finalLink": "https://www.sec.gov/Archives/edgar/data/785786/000078578617000049/plxsf1710-k.htm", "calculatedOtherExpenses": 0, "calculatedOperatingExpenses": 125947000, "calculatedNetInterest": -8536000, "calculatedOtherIncome": 451000, "calculatedIncomeNonControlling": 0, "calculatedEbitda": 175238000}, {"date": "2016-10-01", "symbol": "PLXS", "reportedCurrency": "USD", "cik": "0000785786", "fillingDate": "2016-11-18", "acceptedDate": "2016-11-18 16:42:45", "calendarYear": "2016", "period": "FY", "revenue": 2556004000, "costOfRevenue": 2328645000, "grossProfit": 227359000, "grossProfitRatio": 0.0889509563, "researchAndDevelopmentExpenses": 0, "generalAndAdministrativeExpenses": 0, "sellingAndMarketingExpenses": 0, "sellingGeneralAndAdministrativeExpenses": 120886000, "otherExpenses": -1652000, "operatingExpenses": 120886000, "costAndExpenses": 2449531000, "interestIncome": 4242000, "interestExpense": 14635000, "depreciationAndAmortization": 47414000, "ebitda": 109063000, "ebitdaratio": 0.0426693385, "operatingIncome": 99439000, "operatingIncomeRatio": 0.0389040862, "totalOtherIncomeExpensesNet": -8686000, "incomeBeforeTax": 87394000, "incomeBeforeTaxRatio": 0.0341916523, "incomeTaxExpense": 10967000, "netIncome": 76427000, "netIncomeRatio": 0.0299009704, "eps": 2.29, "epsdiluted": 2.24, "weightedAverageShsOut": 33374000, "weightedAverageShsOutDil": 34098000, "link": "https://www.sec.gov/Archives/edgar/data/785786/000078578616000110/0000785786-16-000110-index.htm", "finalLink": "https://www.sec.gov/Archives/edgar/data/785786/000078578616000110/plxsf1610-k.htm", "calculatedOtherExpenses": 7034000, "calculatedOperatingExpenses": 127920000, "calculatedNetInterest": -10393000, "calculatedOtherIncome": -1652000, "calculatedIncomeNonControlling": 0, "calculatedEbitda": 146853000}, {"date": "2015-10-03", "symbol": "PLXS", "reportedCurrency": "USD", "cik": "0000785786", "fillingDate": "2015-11-20", "acceptedDate": "2015-11-20 11:40:31", "calendarYear": "2015", "period": "FY", "revenue": 2654290000, "costOfRevenue": 2414740000, "grossProfit": 239550000, "grossProfitRatio": 0.0902501234, "researchAndDevelopmentExpenses": 0, "generalAndAdministrativeExpenses": 0, "sellingAndMarketingExpenses": 0, "sellingGeneralAndAdministrativeExpenses": 122423000, "otherExpenses": 1324000, "operatingExpenses": 122423000, "costAndExpenses": 2537163000, "interestIncome": 3499000, "interestExpense": 13964000, "depreciationAndAmortization": 48378000, "ebitda": 121950000, "ebitdaratio": 0.0459444899, "operatingIncome": 115436000, "operatingIncomeRatio": 0.0434903496, "totalOtherIncomeExpensesNet": -367000, "incomeBeforeTax": 106295000, "incomeBeforeTaxRatio": 0.0400464908, "incomeTaxExpense": 11963000, "netIncome": 94332000, "netIncomeRatio": 0.0355394475, "eps": 2.81, "epsdiluted": 2.74, "weightedAverageShsOut": 33618000, "weightedAverageShsOutDil": 34379000, "link": "https://www.sec.gov/Archives/edgar/data/785786/000078578615000044/0000785786-15-000044-index.htm", "finalLink": "https://www.sec.gov/Archives/edgar/data/785786/000078578615000044/plxsf1510-k.htm", "calculatedOtherExpenses": 1691000, "calculatedOperatingExpenses": 124114000, "calculatedNetInterest": -10465000, "calculatedOtherIncome": 1324000, "calculatedIncomeNonControlling": 0, "calculatedEbitda": 163814000}, {"date": "2014-09-27", "symbol": "PLXS", "reportedCurrency": "USD", "cik": "0000785786", "fillingDate": "2014-11-17", "acceptedDate": "2014-11-17 11:09:47", "calendarYear": "2014", "period": "FY", "revenue": 2378249000, "costOfRevenue": 2152680000, "grossProfit": 225569000, "grossProfitRatio": 0.0948466708, "researchAndDevelopmentExpenses": 0, "generalAndAdministrativeExpenses": 0, "sellingAndMarketingExpenses": 0, "sellingGeneralAndAdministrativeExpenses": 113682000, "otherExpenses": 2079000, "operatingExpenses": 113682000, "costAndExpenses": 2266362000, "interestIncome": 2934000, "interestExpense": 12295000, "depreciationAndAmortization": 47864000, "ebitda": 116900000, "ebitdaratio": 0.0491538102, "operatingIncome": 100607000, "operatingIncomeRatio": 0.0423029716, "totalOtherIncomeExpensesNet": -9201000, "incomeBeforeTax": 93325000, "incomeBeforeTaxRatio": 0.0392410551, "incomeTaxExpense": 6112000, "netIncome": 87213000, "netIncomeRatio": 0.0366710971, "eps": 2.58, "epsdiluted": 2.52, "weightedAverageShsOut": 33785000, "weightedAverageShsOutDil": 34655000, "link": "https://www.sec.gov/Archives/edgar/data/785786/000078578614000044/0000785786-14-000044-index.htm", "finalLink": "https://www.sec.gov/Archives/edgar/data/785786/000078578614000044/plxsf1410-k.htm", "calculatedOtherExpenses": 11280000, "calculatedOperatingExpenses": 124962000, "calculatedNetInterest": -9361000, "calculatedOtherIncome": 2079000, "calculatedIncomeNonControlling": 0, "calculatedEbitda": 148471000}, {"date": "2013-09-28", "symbol": "PLXS", "reportedCurrency": "USD", "cik": "0000785786", "fillingDate": "2013-11-22", "acceptedDate": "2013-11-22 10:02:05", "calendarYear": "2013", "period": "FY", "revenue": 2228031000, "costOfRevenue": 2014846000, "grossProfit": 213185000, "grossProfitRatio": 0.0956831391, "researchAndDevelopmentExpenses": 0, "generalAndAdministrativeExpenses": 0, "sellingAndMarketingExpenses": 0, "sellingGeneralAndAdministrativeExpenses": 116562000, "otherExpenses": -642000, "operatingExpenses": 116562000, "costAndExpenses": 2131408000, "interestIncome": 1640000, "interestExpense": 12638000, "depreciationAndAmortization": 49476000, "ebitda": 97621000, "ebitdaratio": 0.04381492, "operatingIncome": 96623000, "operatingIncomeRatio": 0.0433669909, "totalOtherIncomeExpensesNet": -642000, "incomeBeforeTax": 84983000, "incomeBeforeTaxRatio": 0.038142647, "incomeTaxExpense": 2724000, "netIncome": 82259000, "netIncomeRatio": 0.0369200429, "eps": 2.4, "epsdiluted": 2.36, "weightedAverageShsOut": 34330000, "weightedAverageShsOutDil": 34892000, "link": "https://www.sec.gov/Archives/edgar/data/785786/000078578613000043/0000785786-13-000043-index.htm", "finalLink": "https://www.sec.gov/Archives/edgar/data/785786/000078578613000043/plxsf1310-k.htm", "calculatedOtherExpenses": 0, "calculatedOperatingExpenses": 116562000, "calculatedNetInterest": -10998000, "calculatedOtherIncome": -642000, "calculatedIncomeNonControlling": 0, "calculatedEbitda": 146099000}, {"date": "2012-09-29", "symbol": "PLXS", "reportedCurrency": "USD", "cik": "0000785786", "fillingDate": "2012-11-19", "acceptedDate": "2012-11-19 15:55:25", "calendarYear": "2012", "period": "FY", "revenue": 2306732000, "costOfRevenue": 2086819000, "grossProfit": 219913000, "grossProfitRatio": 0.0953353055, "researchAndDevelopmentExpenses": 0, "generalAndAdministrativeExpenses": 0, "sellingAndMarketingExpenses": 0, "sellingGeneralAndAdministrativeExpenses": 115754000, "otherExpenses": 1375000, "operatingExpenses": 115754000, "costAndExpenses": 2202573000, "interestIncome": 1761000, "interestExpense": 16064000, "depreciationAndAmortization": 49214000, "ebitda": 107295000, "ebitdaratio": 0.046513856, "operatingIncome": 104159000, "operatingIncomeRatio": 0.0451543569, "totalOtherIncomeExpensesNet": 1375000, "incomeBeforeTax": 91231000, "incomeBeforeTaxRatio": 0.0395498914, "incomeTaxExpense": 29142000, "netIncome": 62089000, "netIncomeRatio": 0.0269164342, "eps": 1.78, "epsdiluted": 1.75, "weightedAverageShsOut": 34874000, "weightedAverageShsOutDil": 35529000, "link": "https://www.sec.gov/Archives/edgar/data/785786/000078578612000018/0000785786-12-000018-index.htm", "finalLink": "https://www.sec.gov/Archives/edgar/data/785786/000078578612000018/plxsf1210-k.htm", "calculatedOtherExpenses": 0, "calculatedOperatingExpenses": 115754000, "calculatedNetInterest": -14303000, "calculatedOtherIncome": 1375000, "calculatedIncomeNonControlling": 0, "calculatedEbitda": 153373000}, {"date": "2011-10-01", "symbol": "PLXS", "reportedCurrency": "USD", "cik": "0000785786", "fillingDate": "2011-11-17", "acceptedDate": "2011-11-17 15:00:52", "calendarYear": "2011", "period": "FY", "revenue": 2231232000, "costOfRevenue": 2016490000, "grossProfit": 214742000, "grossProfitRatio": 0.0962436896, "researchAndDevelopmentExpenses": 0, "generalAndAdministrativeExpenses": 0, "sellingAndMarketingExpenses": 0, "sellingGeneralAndAdministrativeExpenses": 113563000, "otherExpenses": 0, "operatingExpenses": 113563000, "costAndExpenses": 2130053000, "interestIncome": 1367000, "interestExpense": 11649000, "depreciationAndAmortization": 47026000, "ebitda": 102546000, "ebitdaratio": 0.0459593624, "operatingIncome": 101179000, "operatingIncomeRatio": 0.0453466964, "totalOtherIncomeExpensesNet": 1206000, "incomeBeforeTax": 92103000, "incomeBeforeTaxRatio": 0.0412789885, "incomeTaxExpense": 2847000, "netIncome": 89256000, "netIncomeRatio": 0.0400030118, "eps": 2.34, "epsdiluted": 2.3, "weightedAverageShsOut": 38063000, "weightedAverageShsOutDil": 38800000, "link": "https://www.sec.gov/Archives/edgar/data/785786/000119312511315563/0001193125-11-315563-index.htm", "finalLink": "https://www.sec.gov/Archives/edgar/data/785786/000119312511315563/d255138d10k.htm", "calculatedOtherExpenses": 0, "calculatedOperatingExpenses": 113563000, "calculatedNetInterest": -10282000, "calculatedOtherIncome": 1206000, "calculatedIncomeNonControlling": 0, "calculatedEbitda": 148205000}, {"date": "2010-10-02", "symbol": "PLXS", "reportedCurrency": "USD", "cik": "0000785786", "fillingDate": "2010-11-19", "acceptedDate": "2010-11-18 20:11:31", "calendarYear": "2010", "period": "FY", "revenue": 2013393000, "costOfRevenue": 1806471000, "grossProfit": 206922000, "grossProfitRatio": 0.1027727821, "researchAndDevelopmentExpenses": 0, "generalAndAdministrativeExpenses": 0, "sellingAndMarketingExpenses": 0, "sellingGeneralAndAdministrativeExpenses": 107270000, "otherExpenses": 0, "operatingExpenses": 107270000, "costAndExpenses": 1913741000, "interestIncome": 1436000, "interestExpense": 9589000, "depreciationAndAmortization": 40152000, "ebitda": 101088000, "ebitdaratio": 0.0502077836, "operatingIncome": 99652000, "operatingIncomeRatio": 0.0494945597, "totalOtherIncomeExpensesNet": -1062000, "incomeBeforeTax": 90437000, "incomeBeforeTaxRatio": 0.0449177086, "incomeTaxExpense": 904000, "netIncome": 89533000, "netIncomeRatio": 0.0444687152, "eps": 2.24, "epsdiluted": 2.19, "weightedAverageShsOut": 40051000, "weightedAverageShsOutDil": 40831000, "link": "https://www.sec.gov/Archives/edgar/data/785786/000095012310107157/0000950123-10-107157-index.htm", "finalLink": "https://www.sec.gov/Archives/edgar/data/785786/000095012310107157/c61247e10vk.htm", "calculatedOtherExpenses": 0, "calculatedOperatingExpenses": 107270000, "calculatedNetInterest": -8153000, "calculatedOtherIncome": -1062000, "calculatedIncomeNonControlling": 0, "calculatedEbitda": 139804000}, {"date": "2009-10-03", "symbol": "PLXS", "reportedCurrency": "USD", "cik": "0000785786", "fillingDate": "2009-11-18", "acceptedDate": "2009-11-18 17:12:22", "calendarYear": "2009", "period": "FY", "revenue": 1616622000, "costOfRevenue": 1461846000, "grossProfit": 154776000, "grossProfitRatio": 0.0957403772, "researchAndDevelopmentExpenses": 0, "generalAndAdministrativeExpenses": 0, "sellingAndMarketingExpenses": 0, "sellingGeneralAndAdministrativeExpenses": 93138000, "otherExpenses": 0, "operatingExpenses": 93138000, "costAndExpenses": 1554984000, "interestIncome": 2323000, "interestExpense": 10875000, "depreciationAndAmortization": 34468000, "ebitda": 63961000, "ebitdaratio": 0.0395645983, "operatingIncome": 61638000, "operatingIncomeRatio": 0.0381276514, "totalOtherIncomeExpensesNet": -7667000, "incomeBeforeTax": 45419000, "incomeBeforeTaxRatio": 0.028095003, "incomeTaxExpense": -908000, "netIncome": 46327000, "netIncomeRatio": 0.028656668, "eps": 1.18, "epsdiluted": 1.17, "weightedAverageShsOut": 39411000, "weightedAverageShsOutDil": 39654000, "link": "https://www.sec.gov/Archives/edgar/data/785786/000095012309063978/0000950123-09-063978-index.htm", "finalLink": "https://www.sec.gov/Archives/edgar/data/785786/000095012309063978/c54669e10vk.htm", "calculatedOtherExpenses": 0, "calculatedOperatingExpenses": 93138000, "calculatedNetInterest": -8552000, "calculatedOtherIncome": -7667000, "calculatedIncomeNonControlling": 0, "calculatedEbitda": 96106000}, {"date": "2008-09-27", "symbol": "PLXS", "reportedCurrency": "USD", "cik": "0000785786", "fillingDate": "2008-11-18", "acceptedDate": "2008-11-18 17:09:03", "calendarYear": "2008", "period": "FY", "revenue": 1841622000, "costOfRevenue": 1635861000, "grossProfit": 205761000, "grossProfitRatio": 0.1117281397, "researchAndDevelopmentExpenses": 0, "generalAndAdministrativeExpenses": 0, "sellingAndMarketingExpenses": 0, "sellingGeneralAndAdministrativeExpenses": 100815000, "otherExpenses": 0, "operatingExpenses": 100815000, "costAndExpenses": 1736676000, "interestIncome": 0, "interestExpense": 0, "depreciationAndAmortization": 29219000, "ebitda": 137614000, "ebitdaratio": 0.0747243463, "operatingIncome": 104946000, "operatingIncomeRatio": 0.0569856355, "totalOtherIncomeExpensesNet": -3449000, "incomeBeforeTax": 102615000, "incomeBeforeTaxRatio": 0.0557199034, "incomeTaxExpense": 18471000, "netIncome": 84144000, "netIncomeRatio": 0.0456901579, "eps": 1.94, "epsdiluted": 1.92, "weightedAverageShsOut": 43340000, "weightedAverageShsOutDil": 43850000, "link": "https://www.sec.gov/Archives/edgar/data/785786/000095013708013796/0000950137-08-013796-index.htm", "finalLink": "https://www.sec.gov/Archives/edgar/data/785786/000095013708013796/c47723e10vk.htm", "calculatedOtherExpenses": 0, "calculatedOperatingExpenses": 100815000, "calculatedNetInterest": 0, "calculatedOtherIncome": -2331000, "calculatedIncomeNonControlling": 0, "calculatedEbitda": 134165000}, {"date": "2007-09-29", "symbol": "PLXS", "reportedCurrency": "USD", "cik": "0000785786", "fillingDate": "2007-11-21", "acceptedDate": "2007-11-21 10:46:27", "calendarYear": "2007", "period": "FY", "revenue": 1546264000, "costOfRevenue": 1382725000, "grossProfit": 163539000, "grossProfitRatio": 0.1057639575, "researchAndDevelopmentExpenses": 0, "generalAndAdministrativeExpenses": 0, "sellingAndMarketingExpenses": 0, "sellingGeneralAndAdministrativeExpenses": 82263000, "otherExpenses": 0, "operatingExpenses": 82263000, "costAndExpenses": 1464988000, "interestIncome": 0, "interestExpense": 0, "depreciationAndAmortization": 26588000, "ebitda": 110817000, "ebitdaratio": 0.0716675807, "operatingIncome": 81276000, "operatingIncomeRatio": 0.0525628224, "totalOtherIncomeExpensesNet": -2953000, "incomeBeforeTax": 84254000, "incomeBeforeTaxRatio": 0.0544887548, "incomeTaxExpense": 18536000, "netIncome": 65718000, "netIncomeRatio": 0.0425011512, "eps": 1.42, "epsdiluted": 1.41, "weightedAverageShsOut": 46312000, "weightedAverageShsOutDil": 46739000, "link": "https://www.sec.gov/Archives/edgar/data/785786/000095013707017644/0000950137-07-017644-index.htm", "finalLink": "https://www.sec.gov/Archives/edgar/data/785786/000095013707017644/c21739e10vk.htm", "calculatedOtherExpenses": 0, "calculatedOperatingExpenses": 82263000, "calculatedNetInterest": 0, "calculatedOtherIncome": 2978000, "calculatedIncomeNonControlling": 0, "calculatedEbitda": 107864000}, {"date": "2006-09-30", "symbol": "PLXS", "reportedCurrency": "USD", "cik": "0000785786", "fillingDate": "2006-12-01", "acceptedDate": "2006-12-01 15:04:37", "calendarYear": "2006", "period": "FY", "revenue": 1460557000, "costOfRevenue": 1301857000, "grossProfit": 158700000, "grossProfitRatio": 0.1086571767, "researchAndDevelopmentExpenses": 0, "generalAndAdministrativeExpenses": 0, "sellingAndMarketingExpenses": 0, "sellingGeneralAndAdministrativeExpenses": 78438000, "otherExpenses": 0, "operatingExpenses": 78438000, "costAndExpenses": 1380295000, "interestIncome": 0, "interestExpense": 0, "depreciationAndAmortization": 23310000, "ebitda": 103138000, "ebitdaratio": 0.0706155254, "operatingIncome": 80262000, "operatingIncomeRatio": 0.0549530077, "totalOtherIncomeExpensesNet": 434000, "incomeBeforeTax": 83352000, "incomeBeforeTaxRatio": 0.0570686389, "incomeTaxExpense": -17178000, "netIncome": 100025000, "netIncomeRatio": 0.0684841468, "eps": 2.22, "epsdiluted": 2.15, "weightedAverageShsOut": 45146000, "weightedAverageShsOutDil": 46490000, "link": "https://www.sec.gov/Archives/edgar/data/785786/000095013706013086/0000950137-06-013086-index.htm", "finalLink": "https://www.sec.gov/Archives/edgar/data/785786/000095013706013086/c10411e10vk.htm", "calculatedOtherExpenses": 0, "calculatedOperatingExpenses": 78438000, "calculatedNetInterest": 0, "calculatedOtherIncome": 3090000, "calculatedIncomeNonControlling": 505000, "calculatedEbitda": 103572000}, {"date": "2005-10-01", "symbol": "PLXS", "reportedCurrency": "USD", "cik": "0000785786", "fillingDate": "2005-12-15", "acceptedDate": "2005-12-15 15:24:56", "calendarYear": "2005", "period": "FY", "revenue": 1228882000, "costOfRevenue": 1123146000, "grossProfit": 105736000, "grossProfitRatio": 0.0860424353, "researchAndDevelopmentExpenses": 0, "generalAndAdministrativeExpenses": 0, "sellingAndMarketingExpenses": 0, "sellingGeneralAndAdministrativeExpenses": 76319000, "otherExpenses": 0, "operatingExpenses": 76319000, "costAndExpenses": 1199465000, "interestIncome": 0, "interestExpense": 0, "depreciationAndAmortization": 23890000, "ebitda": 90251000, "ebitdaratio": 0.0734415509, "operatingIncome": 29417000, "operatingIncomeRatio": 0.0239380185, "totalOtherIncomeExpensesNet": -36944000, "incomeBeforeTax": -10998000, "incomeBeforeTaxRatio": -0.0089495981, "incomeTaxExpense": 1419000, "netIncome": -12417000, "netIncomeRatio": -0.0101043062, "eps": -0.29, "epsdiluted": -0.29, "weightedAverageShsOut": 43373000, "weightedAverageShsOutDil": 43373000, "link": "https://www.sec.gov/Archives/edgar/data/785786/000095013705014986/0000950137-05-014986-index.htm", "finalLink": "https://www.sec.gov/Archives/edgar/data/785786/000095013705014986/c00726e10vk.htm", "calculatedOtherExpenses": 0, "calculatedOperatingExpenses": 76319000, "calculatedNetInterest": 0, "calculatedOtherIncome": -40415000, "calculatedIncomeNonControlling": 0, "calculatedEbitda": 53307000}, {"date": "2004-09-30", "symbol": "PLXS", "reportedCurrency": "USD", "cik": "0000785786", "fillingDate": "2004-12-08", "acceptedDate": "2004-12-08 17:13:42", "calendarYear": "2004", "period": "FY", "revenue": 1040858000, "costOfRevenue": 954080000, "grossProfit": 86778000, "grossProfitRatio": 0.083371603, "researchAndDevelopmentExpenses": 0, "generalAndAdministrativeExpenses": 0, "sellingAndMarketingExpenses": 0, "sellingGeneralAndAdministrativeExpenses": 68259000, "otherExpenses": 0, "operatingExpenses": 68259000, "costAndExpenses": 1022339000, "interestIncome": 0, "interestExpense": 0, "depreciationAndAmortization": 25449000, "ebitda": 51796000, "ebitdaratio": 0.0497627919, "operatingIncome": 18519000, "operatingIncomeRatio": 0.0177920523, "totalOtherIncomeExpensesNet": -7828000, "incomeBeforeTax": 7611000, "incomeBeforeTaxRatio": 0.0073122366, "incomeTaxExpense": 39191000, "netIncome": -31580000, "netIncomeRatio": -0.0303403538, "eps": -0.74, "epsdiluted": -0.74, "weightedAverageShsOut": 42890000, "weightedAverageShsOutDil": 42890000, "link": "https://www.sec.gov/Archives/edgar/data/785786/000095013704010867/0000950137-04-010867-index.htm", "finalLink": "https://www.sec.gov/Archives/edgar/data/785786/000095013704010867/c90300e10vk.txt", "calculatedOtherExpenses": 0, "calculatedOperatingExpenses": 68259000, "calculatedNetInterest": 0, "calculatedOtherIncome": -10908000, "calculatedIncomeNonControlling": 0, "calculatedEbitda": 43968000}, {"date": "2003-09-30", "symbol": "PLXS", "reportedCurrency": "USD", "cik": "0000785786", "fillingDate": "2003-12-15", "acceptedDate": "2003-12-15 17:23:54", "calendarYear": "2003", "period": "FY", "revenue": 807837000, "costOfRevenue": 754872000, "grossProfit": 52965000, "grossProfitRatio": 0.065563969, "researchAndDevelopmentExpenses": 0, "generalAndAdministrativeExpenses": 0, "sellingAndMarketingExpenses": 0, "sellingGeneralAndAdministrativeExpenses": 65152000, "otherExpenses": 0, "operatingExpenses": 65152000, "costAndExpenses": 820024000, "interestIncome": 0, "interestExpense": 0, "depreciationAndAmortization": 27135000, "ebitda": 71668000, "ebitdaratio": 0.0887159167, "operatingIncome": -12187000, "operatingIncomeRatio": -0.0150859641, "totalOtherIncomeExpensesNet": -56720000, "incomeBeforeTax": -71724000, "incomeBeforeTaxRatio": -0.0887852376, "incomeTaxExpense": -27228000, "netIncome": -67978000, "netIncomeRatio": -0.0841481636, "eps": -1.61, "epsdiluted": -1.61, "weightedAverageShsOut": 42284000, "weightedAverageShsOutDil": 42284000, "link": "https://www.sec.gov/Archives/edgar/data/785786/000095013703006327/0000950137-03-006327-index.htm", "finalLink": "https://www.sec.gov/Archives/edgar/data/785786/000095013703006327/c81438e10vk.txt", "calculatedOtherExpenses": 0, "calculatedOperatingExpenses": 65152000, "calculatedNetInterest": 0, "calculatedOtherIncome": -59537000, "calculatedIncomeNonControlling": 23482000, "calculatedEbitda": 14948000}, {"date": "2002-09-30", "symbol": "PLXS", "reportedCurrency": "USD", "cik": "0000785786", "fillingDate": "2002-12-20", "acceptedDate": "2002-12-20 11:57:32", "calendarYear": "2002", "period": "FY", "revenue": 883603000, "costOfRevenue": 802283000, "grossProfit": 81320000, "grossProfitRatio": 0.0920322815, "researchAndDevelopmentExpenses": 0, "generalAndAdministrativeExpenses": 0, "sellingAndMarketingExpenses": 0, "sellingGeneralAndAdministrativeExpenses": 66921000, "otherExpenses": 5454000, "operatingExpenses": 72375000, "costAndExpenses": 874658000, "interestIncome": 0, "interestExpense": 0, "depreciationAndAmortization": 36604000, "ebitda": 56750000, "ebitdaratio": 0.064225676, "operatingIncome": 8945000, "operatingIncomeRatio": 0.0101233246, "totalOtherIncomeExpensesNet": -11201000, "incomeBeforeTax": -5826000, "incomeBeforeTaxRatio": -0.0065934588, "incomeTaxExpense": -1753000, "netIncome": -4073000, "netIncomeRatio": -0.0046095362, "eps": -0.0972, "epsdiluted": -0.0972, "weightedAverageShsOut": 41895000, "weightedAverageShsOutDil": 41895000, "link": "https://www.sec.gov/Archives/edgar/data/785786/000095013402015895/0000950134-02-015895-index.htm", "finalLink": "https://www.sec.gov/Archives/edgar/data/785786/000095013402015895/c73502e10vk.txt", "calculatedOtherExpenses": 5454000, "calculatedOperatingExpenses": 72375000, "calculatedNetInterest": 0, "calculatedOtherIncome": -14771000, "calculatedIncomeNonControlling": 0, "calculatedEbitda": 45549000}, {"date": "2001-09-30", "symbol": "PLXS", "reportedCurrency": "USD", "cik": "0000785786", "fillingDate": "2001-12-27", "acceptedDate": "2001-12-27 00:00:00", "calendarYear": "2001", "period": "FY", "revenue": 1062304000, "costOfRevenue": 930514000, "grossProfit": 131790000, "grossProfitRatio": 0.1240605326, "researchAndDevelopmentExpenses": 0, "generalAndAdministrativeExpenses": 0, "sellingAndMarketingExpenses": 0, "sellingGeneralAndAdministrativeExpenses": 55844000, "otherExpenses": 4022000, "operatingExpenses": 59866000, "costAndExpenses": 990380000, "interestIncome": 0, "interestExpense": 0, "depreciationAndAmortization": 29890000, "ebitda": 101924000, "ebitdaratio": 0.0959461698, "operatingIncome": 71924000, "operatingIncomeRatio": 0.0677056662, "totalOtherIncomeExpensesNet": -110000, "incomeBeforeTax": 65366000, "incomeBeforeTaxRatio": 0.0615322921, "incomeTaxExpense": 26216000, "netIncome": 39150000, "netIncomeRatio": 0.0368538573, "eps": 0.95, "epsdiluted": 0.91, "weightedAverageShsOut": 41129000, "weightedAverageShsOutDil": 43230000, "link": "https://www.sec.gov/Archives/edgar/data/785786/000095012401504450/0000950124-01-504450-index.htm", "finalLink": "https://www.sec.gov/Archives/edgar/data/785786/000095012401504450/c66562e10-k405.txt", "calculatedOtherExpenses": 4022000, "calculatedOperatingExpenses": 59866000, "calculatedNetInterest": 0, "calculatedOtherIncome": -6558000, "calculatedIncomeNonControlling": 0, "calculatedEbitda": 101814000}, {"date": "2000-09-30", "symbol": "PLXS", "reportedCurrency": "USD", "cik": "0000785786", "fillingDate": "2000-12-19", "acceptedDate": "2000-12-19 00:00:00", "calendarYear": "2000", "period": "FY", "revenue": 751639000, "costOfRevenue": 644475000, "grossProfit": 107164000, "grossProfitRatio": 0.1425737621, "researchAndDevelopmentExpenses": 0, "generalAndAdministrativeExpenses": 0, "sellingAndMarketingExpenses": 0, "sellingGeneralAndAdministrativeExpenses": 35049000, "otherExpenses": 1114000, "operatingExpenses": 36163000, "costAndExpenses": 680638000, "interestIncome": 0, "interestExpense": 0, "depreciationAndAmortization": 16307000, "ebitda": 87101000, "ebitdaratio": 0.1158814271, "operatingIncome": 71001000, "operatingIncomeRatio": 0.09446157, "totalOtherIncomeExpensesNet": 207000, "incomeBeforeTax": 68629000, "incomeBeforeTaxRatio": 0.0913057997, "incomeTaxExpense": 28433000, "netIncome": 40196000, "netIncomeRatio": 0.0534777998, "eps": 1.12, "epsdiluted": 1.04, "weightedAverageShsOut": 36026000, "weightedAverageShsOutDil": 38732000, "link": "https://www.sec.gov/Archives/edgar/data/785786/000095012400007557/0000950124-00-007557-index.htm", "finalLink": "https://www.sec.gov/Archives/edgar/data/785786/000095012400007557/c58814e10-k405.txt", "calculatedOtherExpenses": 1114000, "calculatedOperatingExpenses": 36163000, "calculatedNetInterest": 0, "calculatedOtherIncome": -2372000, "calculatedIncomeNonControlling": 0, "calculatedEbitda": 87308000}, {"date": "1999-09-30", "symbol": "PLXS", "reportedCurrency": "USD", "cik": "0000785786", "fillingDate": "1999-12-22", "acceptedDate": "1999-12-22 00:00:00", "calendarYear": "1999", "period": "FY", "revenue": 492414000, "costOfRevenue": 426005000, "grossProfit": 66409000, "grossProfitRatio": 0.134864159, "researchAndDevelopmentExpenses": 0, "generalAndAdministrativeExpenses": 0, "sellingAndMarketingExpenses": 0, "sellingGeneralAndAdministrativeExpenses": 26443000, "otherExpenses": -984000, "operatingExpenses": 25459000, "costAndExpenses": 451464000, "interestIncome": 0, "interestExpense": 0, "depreciationAndAmortization": 9993000, "ebitda": 54486000, "ebitdaratio": 0.1106507938, "operatingIncome": 40950000, "operatingIncomeRatio": 0.0831617298, "totalOtherIncomeExpensesNet": -3543000, "incomeBeforeTax": 36149000, "incomeBeforeTaxRatio": 0.0734118039, "incomeTaxExpense": 15838000, "netIncome": 20311000, "netIncomeRatio": 0.0412478118, "eps": 0.3, "epsdiluted": 0.28, "weightedAverageShsOut": 69292000, "weightedAverageShsOutDil": 74042000, "link": "https://www.sec.gov/Archives/edgar/data/785786/000095012499006575/0000950124-99-006575-index.html", "finalLink": "https://www.sec.gov/Archives/edgar/data/785786/000095012499006575/", "calculatedOtherExpenses": -984000, "calculatedOperatingExpenses": 25459000, "calculatedNetInterest": 0, "calculatedOtherIncome": -4801000, "calculatedIncomeNonControlling": 0, "calculatedEbitda": 50943000}, {"date": "1998-09-30", "symbol": "PLXS", "reportedCurrency": "USD", "cik": "0000785786", "fillingDate": "1998-12-28", "acceptedDate": "1998-12-28 00:00:00", "calendarYear": "1998", "period": "FY", "revenue": 396815000, "costOfRevenue": 346869000, "grossProfit": 49946000, "grossProfitRatio": 0.1258672177, "researchAndDevelopmentExpenses": 0, "generalAndAdministrativeExpenses": 0, "sellingAndMarketingExpenses": 0, "sellingGeneralAndAdministrativeExpenses": 19024000, "otherExpenses": 0, "operatingExpenses": 19024000, "costAndExpenses": 365893000, "interestIncome": 0, "interestExpense": 0, "depreciationAndAmortization": 6582000, "ebitda": 36729000, "ebitdaratio": 0.0925595051, "operatingIncome": 30922000, "operatingIncomeRatio": 0.0779254816, "totalOtherIncomeExpensesNet": 775000, "incomeBeforeTax": 31684000, "incomeBeforeTaxRatio": 0.079845772, "incomeTaxExpense": 12449000, "netIncome": 19235000, "netIncomeRatio": 0.04847347, "eps": 0.68, "epsdiluted": 0.64, "weightedAverageShsOut": 33688000, "weightedAverageShsOutDil": 36196000, "link": "https://www.sec.gov/Archives/edgar/data/785786/000095012498007720/0000950124-98-007720-index.html", "finalLink": "https://www.sec.gov/Archives/edgar/data/785786/", "calculatedOtherExpenses": 0, "calculatedOperatingExpenses": 19024000, "calculatedNetInterest": 0, "calculatedOtherIncome": 762000, "calculatedIncomeNonControlling": 0, "calculatedEbitda": 37504000}, {"date": "1997-09-30", "symbol": "PLXS", "reportedCurrency": "USD", "cik": "0000785786", "fillingDate": "1997-12-29", "acceptedDate": "1997-12-29 00:00:00", "calendarYear": "1997", "period": "FY", "revenue": 386431000, "costOfRevenue": 342415000, "grossProfit": 44016000, "grossProfitRatio": 0.1139039052, "researchAndDevelopmentExpenses": 0, "generalAndAdministrativeExpenses": 0, "sellingAndMarketingExpenses": 0, "sellingGeneralAndAdministrativeExpenses": 17199000, "otherExpenses": 0, "operatingExpenses": 17199000, "costAndExpenses": 359614000, "interestIncome": 0, "interestExpense": 0, "depreciationAndAmortization": 4487000, "ebitda": 30254000, "ebitdaratio": 0.0782908204, "operatingIncome": 26817000, "operatingIncomeRatio": 0.0693966064, "totalOtherIncomeExpensesNet": 1050000, "incomeBeforeTax": 27080000, "incomeBeforeTaxRatio": 0.0700771936, "incomeTaxExpense": 10680000, "netIncome": 16400000, "netIncomeRatio": 0.0424396593, "eps": 0.29, "epsdiluted": 0.27, "weightedAverageShsOut": 55950000, "weightedAverageShsOutDil": 62312000, "link": "https://www.sec.gov/Archives/edgar/data/785786/000095012497006656/0000950124-97-006656-index.html", "finalLink": "https://www.sec.gov/Archives/edgar/data/785786/", "calculatedOtherExpenses": 0, "calculatedOperatingExpenses": 17199000, "calculatedNetInterest": 0, "calculatedOtherIncome": 263000, "calculatedIncomeNonControlling": 0, "calculatedEbitda": 31304000}, {"date": "1996-09-30", "symbol": "PLXS", "reportedCurrency": "USD", "cik": "0000785786", "fillingDate": "1996-12-26", "acceptedDate": "1996-12-26 00:00:00", "calendarYear": "1996", "period": "FY", "revenue": 316124000, "costOfRevenue": 288791000, "grossProfit": 27333000, "grossProfitRatio": 0.086462907, "researchAndDevelopmentExpenses": 0, "generalAndAdministrativeExpenses": 0, "sellingAndMarketingExpenses": 0, "sellingGeneralAndAdministrativeExpenses": 13346000, "otherExpenses": 0, "operatingExpenses": 13346000, "costAndExpenses": 302137000, "interestIncome": 0, "interestExpense": 0, "depreciationAndAmortization": 3653000, "ebitda": 17326000, "ebitdaratio": 0.0548076071, "operatingIncome": 13987000, "operatingIncomeRatio": 0.0442452961, "totalOtherIncomeExpensesNet": 314000, "incomeBeforeTax": 12377000, "incomeBeforeTaxRatio": 0.0391523579, "incomeTaxExpense": 4946000, "netIncome": 7431000, "netIncomeRatio": 0.0235065987, "eps": 0.0675, "epsdiluted": 0.065, "weightedAverageShsOut": 106117808, "weightedAverageShsOutDil": 115011424, "link": "https://www.sec.gov/Archives/edgar/data/785786/000095012496005577/0000950124-96-005577-index.html", "finalLink": "https://www.sec.gov/Archives/edgar/data/785786/", "calculatedOtherExpenses": 0, "calculatedOperatingExpenses": 13346000, "calculatedNetInterest": 0, "calculatedOtherIncome": -1610000, "calculatedIncomeNonControlling": 0, "calculatedEbitda": 17640000}, {"date": "1995-09-30", "symbol": "PLXS", "reportedCurrency": "USD", "cik": "0000785786", "fillingDate": "1995-12-27", "acceptedDate": "1995-12-27 00:00:00", "calendarYear": "1995", "period": "FY", "revenue": 283100000, "costOfRevenue": 256200000, "grossProfit": 26900000, "grossProfitRatio": 0.0950194278, "researchAndDevelopmentExpenses": 0, "generalAndAdministrativeExpenses": 0, "sellingAndMarketingExpenses": 0, "sellingGeneralAndAdministrativeExpenses": 11300000, "otherExpenses": 3200000, "operatingExpenses": 14500000, "costAndExpenses": 270700000, "interestIncome": 0, "interestExpense": 0, "depreciationAndAmortization": 3200000, "ebitda": 15300000, "ebitdaratio": 0.0540445072, "operatingIncome": 12400000, "operatingIncomeRatio": 0.0438007771, "totalOtherIncomeExpensesNet": 300000, "incomeBeforeTax": 10200000, "incomeBeforeTaxRatio": 0.0360296715, "incomeTaxExpense": 3900000, "netIncome": 6300000, "netIncomeRatio": 0.0222536206, "eps": 0.0575, "epsdiluted": 0.0575, "weightedAverageShsOut": 103861312, "weightedAverageShsOutDil": 103861312, "link": "https://www.sec.gov/Archives/edgar/data/785786/000095012495004243/0000950124-95-004243-index.html", "finalLink": "https://www.sec.gov/Archives/edgar/data/785786/", "calculatedOtherExpenses": 3200000, "calculatedOperatingExpenses": 14500000, "calculatedNetInterest": 0, "calculatedOtherIncome": -2200000, "calculatedIncomeNonControlling": 0, "calculatedEbitda": 15600000}, {"date": "1994-09-30", "symbol": "PLXS", "reportedCurrency": "USD", "cik": "0000785786", "fillingDate": "1994-09-30", "acceptedDate": "1994-09-29 20:00:00", "calendarYear": "1994", "period": "FY", "revenue": 242500000, "costOfRevenue": 223200000, "grossProfit": 19300000, "grossProfitRatio": 0.0795876289, "researchAndDevelopmentExpenses": 0, "generalAndAdministrativeExpenses": 0, "sellingAndMarketingExpenses": 0, "sellingGeneralAndAdministrativeExpenses": 8200000, "otherExpenses": 3100000, "operatingExpenses": 11300000, "costAndExpenses": 234500000, "interestIncome": 0, "interestExpense": 0, "depreciationAndAmortization": 3100000, "ebitda": 10900000, "ebitdaratio": 0.0449484536, "operatingIncome": 8000000, "operatingIncomeRatio": 0.0329896907, "totalOtherIncomeExpensesNet": 200000, "incomeBeforeTax": 5000000, "incomeBeforeTaxRatio": 0.0206185567, "incomeTaxExpense": 1900000, "netIncome": 3100000, "netIncomeRatio": 0.0127835052, "eps": 0.03, "epsdiluted": 0.03, "weightedAverageShsOut": 103360000, "weightedAverageShsOutDil": 103360000, "link": "", "finalLink": "", "calculatedOtherExpenses": 3100000, "calculatedOperatingExpenses": 11300000, "calculatedNetInterest": 0, "calculatedOtherIncome": -3000000, "calculatedIncomeNonControlling": 0, "calculatedEbitda": 11100000}, {"date": "1993-09-30", "symbol": "PLXS", "reportedCurrency": "USD", "cik": "0000785786", "fillingDate": "1993-09-30", "acceptedDate": "1993-09-29 20:00:00", "calendarYear": "1993", "period": "FY", "revenue": 159600000, "costOfRevenue": 143900000, "grossProfit": 15700000, "grossProfitRatio": 0.0983709273, "researchAndDevelopmentExpenses": 0, "generalAndAdministrativeExpenses": 0, "sellingAndMarketingExpenses": 0, "sellingGeneralAndAdministrativeExpenses": 6800000, "otherExpenses": 2600000, "operatingExpenses": 9400000, "costAndExpenses": 153300000, "interestIncome": 0, "interestExpense": 0, "depreciationAndAmortization": 2600000, "ebitda": 9500000, "ebitdaratio": 0.0595238095, "operatingIncome": 6300000, "operatingIncomeRatio": 0.0394736842, "totalOtherIncomeExpensesNet": -600000, "incomeBeforeTax": 4200000, "incomeBeforeTaxRatio": 0.0263157895, "incomeTaxExpense": 1600000, "netIncome": 2600000, "netIncomeRatio": 0.0162907268, "eps": 0.025, "epsdiluted": 0.025, "weightedAverageShsOut": 25792000, "weightedAverageShsOutDil": 25792000, "link": "", "finalLink": "", "calculatedOtherExpenses": 2600000, "calculatedOperatingExpenses": 9400000, "calculatedNetInterest": 0, "calculatedOtherIncome": -2100000, "calculatedIncomeNonControlling": 0, "calculatedEbitda": 8900000}, {"date": "1992-09-30", "symbol": "PLXS", "reportedCurrency": "USD", "cik": "0000785786", "fillingDate": "1992-09-30", "acceptedDate": "1992-09-29 20:00:00", "calendarYear": "1992", "period": "FY", "revenue": 157400000, "costOfRevenue": 138300000, "grossProfit": 19100000, "grossProfitRatio": 0.1213468869, "researchAndDevelopmentExpenses": 0, "generalAndAdministrativeExpenses": 0, "sellingAndMarketingExpenses": 0, "sellingGeneralAndAdministrativeExpenses": 7200000, "otherExpenses": 2400000, "operatingExpenses": 9600000, "costAndExpenses": 147900000, "interestIncome": 0, "interestExpense": 0, "depreciationAndAmortization": 2400000, "ebitda": 11800000, "ebitdaratio": 0.0749682338, "operatingIncome": 9500000, "operatingIncomeRatio": 0.0603557814, "totalOtherIncomeExpensesNet": 100000, "incomeBeforeTax": 8300000, "incomeBeforeTaxRatio": 0.0527318933, "incomeTaxExpense": 3200000, "netIncome": 5100000, "netIncomeRatio": 0.0324015248, "eps": 0.05, "epsdiluted": 0.05, "weightedAverageShsOut": 24032000, "weightedAverageShsOutDil": 24032000, "link": "", "finalLink": "", "calculatedOtherExpenses": 2400000, "calculatedOperatingExpenses": 9600000, "calculatedNetInterest": 0, "calculatedOtherIncome": -1200000, "calculatedIncomeNonControlling": 0, "calculatedEbitda": 11900000}, {"date": "1991-09-30", "symbol": "PLXS", "reportedCurrency": "USD", "cik": "0000785786", "fillingDate": "1991-09-30", "acceptedDate": "1991-09-29 20:00:00", "calendarYear": "1991", "period": "FY", "revenue": 120400000, "costOfRevenue": 105000000, "grossProfit": 15400000, "grossProfitRatio": 0.1279069767, "researchAndDevelopmentExpenses": 0, "generalAndAdministrativeExpenses": 0, "sellingAndMarketingExpenses": 0, "sellingGeneralAndAdministrativeExpenses": 5800000, "otherExpenses": 2100000, "operatingExpenses": 7900000, "costAndExpenses": 112900000, "interestIncome": 0, "interestExpense": 0, "depreciationAndAmortization": 2100000, "ebitda": 9500000, "ebitdaratio": 0.0789036545, "operatingIncome": 7500000, "operatingIncomeRatio": 0.0622923588, "totalOtherIncomeExpensesNet": 100000, "incomeBeforeTax": 5700000, "incomeBeforeTaxRatio": 0.0473421927, "incomeTaxExpense": 2100000, "netIncome": 3600000, "netIncomeRatio": 0.0299003322, "eps": 0.025, "epsdiluted": 0.025, "weightedAverageShsOut": 24840000, "weightedAverageShsOutDil": 24840000, "link": "", "finalLink": "", "calculatedOtherExpenses": 2100000, "calculatedOperatingExpenses": 7900000, "calculatedNetInterest": 0, "calculatedOtherIncome": -1800000, "calculatedIncomeNonControlling": 0, "calculatedEbitda": 9600000}, {"date": "1990-09-30", "symbol": "PLXS", "reportedCurrency": "USD", "cik": "0000785786", "fillingDate": "1990-09-30", "acceptedDate": "1990-09-29 20:00:00", "calendarYear": "1990", "period": "FY", "revenue": 78700000, "costOfRevenue": 69000000, "grossProfit": 9700000, "grossProfitRatio": 0.123252859, "researchAndDevelopmentExpenses": 0, "generalAndAdministrativeExpenses": 0, "sellingAndMarketingExpenses": 0, "sellingGeneralAndAdministrativeExpenses": 3900000, "otherExpenses": 1900000, "operatingExpenses": 5800000, "costAndExpenses": 74800000, "interestIncome": 0, "interestExpense": 0, "depreciationAndAmortization": 1900000, "ebitda": 5600000, "ebitdaratio": 0.0711562897, "operatingIncome": 3900000, "operatingIncomeRatio": 0.0495552732, "totalOtherIncomeExpensesNet": 200000, "incomeBeforeTax": 2600000, "incomeBeforeTaxRatio": 0.0330368488, "incomeTaxExpense": 1000000, "netIncome": 1600000, "netIncomeRatio": 0.0203303685, "eps": 0.0117, "epsdiluted": 0.0117, "weightedAverageShsOut": 24796000, "weightedAverageShsOutDil": 24796000, "link": "", "finalLink": "", "calculatedOtherExpenses": 1900000, "calculatedOperatingExpenses": 5800000, "calculatedNetInterest": 0, "calculatedOtherIncome": -1300000, "calculatedIncomeNonControlling": 0, "calculatedEbitda": 5800000}, {"date": "1989-09-30", "symbol": "PLXS", "reportedCurrency": "USD", "cik": "0000785786", "fillingDate": "1989-09-30", "acceptedDate": "1989-09-29 20:00:00", "calendarYear": "1989", "period": "FY", "revenue": 78100000, "costOfRevenue": 65600000, "grossProfit": 12500000, "grossProfitRatio": 0.1600512164, "researchAndDevelopmentExpenses": 0, "generalAndAdministrativeExpenses": 0, "sellingAndMarketingExpenses": 0, "sellingGeneralAndAdministrativeExpenses": 4700000, "otherExpenses": 1800000, "operatingExpenses": 6500000, "costAndExpenses": 72100000, "interestIncome": 0, "interestExpense": 0, "depreciationAndAmortization": 1800000, "ebitda": 7500000, "ebitdaratio": 0.0960307298, "operatingIncome": 6000000, "operatingIncomeRatio": 0.0768245839, "totalOtherIncomeExpensesNet": 300000, "incomeBeforeTax": 4700000, "incomeBeforeTaxRatio": 0.0601792574, "incomeTaxExpense": 1800000, "netIncome": 1500000, "netIncomeRatio": 0.019206146, "eps": 0.01, "epsdiluted": 0.01, "weightedAverageShsOut": 24700000, "weightedAverageShsOutDil": 24700000, "link": "", "finalLink": "", "calculatedOtherExpenses": 1800000, "calculatedOperatingExpenses": 6500000, "calculatedNetInterest": 0, "calculatedOtherIncome": -1300000, "calculatedIncomeNonControlling": 1400000, "calculatedEbitda": 7800000}, {"date": "1988-09-30", "symbol": "PLXS", "reportedCurrency": "USD", "cik": "0000785786", "fillingDate": "1988-09-30", "acceptedDate": "1988-09-29 20:00:00", "calendarYear": "1988", "period": "FY", "revenue": 51100000, "costOfRevenue": 42900000, "grossProfit": 8200000, "grossProfitRatio": 0.1604696673, "researchAndDevelopmentExpenses": 0, "generalAndAdministrativeExpenses": 0, "sellingAndMarketingExpenses": 0, "sellingGeneralAndAdministrativeExpenses": 3900000, "otherExpenses": 1700000, "operatingExpenses": 5600000, "costAndExpenses": 48500000, "interestIncome": 0, "interestExpense": 0, "depreciationAndAmortization": 1700000, "ebitda": 4100000, "ebitdaratio": 0.0802348337, "operatingIncome": 2600000, "operatingIncomeRatio": 0.0508806262, "totalOtherIncomeExpensesNet": 200000, "incomeBeforeTax": 1500000, "incomeBeforeTaxRatio": 0.0293542074, "incomeTaxExpense": 600000, "netIncome": 300000, "netIncomeRatio": 0.0058708415, "eps": 0.0017, "epsdiluted": 0.0017, "weightedAverageShsOut": 24696000, "weightedAverageShsOutDil": 24696000, "link": "", "finalLink": "", "calculatedOtherExpenses": 1700000, "calculatedOperatingExpenses": 5600000, "calculatedNetInterest": 0, "calculatedOtherIncome": -1100000, "calculatedIncomeNonControlling": 600000, "calculatedEbitda": 4300000}, {"date": "1987-09-30", "symbol": "PLXS", "reportedCurrency": "USD", "cik": "0000785786", "fillingDate": "1987-09-30", "acceptedDate": "1987-09-29 20:00:00", "calendarYear": "1987", "period": "FY", "revenue": 24500000, "costOfRevenue": 20500000, "grossProfit": 4000000, "grossProfitRatio": 0.1632653061, "researchAndDevelopmentExpenses": 0, "generalAndAdministrativeExpenses": 0, "sellingAndMarketingExpenses": 0, "sellingGeneralAndAdministrativeExpenses": 3900000, "otherExpenses": 1400000, "operatingExpenses": 5300000, "costAndExpenses": 25800000, "interestIncome": 0, "interestExpense": 0, "depreciationAndAmortization": 1400000, "ebitda": 1100000, "ebitdaratio": 0.0448979592, "operatingIncome": -1300000, "operatingIncomeRatio": -0.0530612245, "totalOtherIncomeExpensesNet": -1000000, "incomeBeforeTax": -2300000, "incomeBeforeTaxRatio": -0.093877551, "incomeTaxExpense": -1000000, "netIncome": -1300000, "netIncomeRatio": -0.0530612245, "eps": -0.0556, "epsdiluted": -0.0556, "weightedAverageShsOut": 23396000, "weightedAverageShsOutDil": 23396000, "link": "", "finalLink": "", "calculatedOtherExpenses": 1400000, "calculatedOperatingExpenses": 5300000, "calculatedNetInterest": 0, "calculatedOtherIncome": -1000000, "calculatedIncomeNonControlling": 0, "calculatedEbitda": 100000}, {"date": "1986-09-30", "symbol": "PLXS", "reportedCurrency": "USD", "cik": "0000785786", "fillingDate": "1986-09-30", "acceptedDate": "1986-09-29 20:00:00", "calendarYear": "1986", "period": "FY", "revenue": 23900000, "costOfRevenue": 17700000, "grossProfit": 6200000, "grossProfitRatio": 0.2594142259, "researchAndDevelopmentExpenses": 0, "generalAndAdministrativeExpenses": 0, "sellingAndMarketingExpenses": 0, "sellingGeneralAndAdministrativeExpenses": 3100000, "otherExpenses": 900000, "operatingExpenses": 4000000, "costAndExpenses": 21700000, "interestIncome": 0, "interestExpense": 0, "depreciationAndAmortization": 900000, "ebitda": 3400000, "ebitdaratio": 0.1422594142, "operatingIncome": 2200000, "operatingIncomeRatio": 0.0920502092, "totalOtherIncomeExpensesNet": -300000, "incomeBeforeTax": 1700000, "incomeBeforeTaxRatio": 0.0711297071, "incomeTaxExpense": 800000, "netIncome": 900000, "netIncomeRatio": 0.0376569038, "eps": 0.0083, "epsdiluted": 0.0083, "weightedAverageShsOut": 23396000, "weightedAverageShsOutDil": 23396000, "link": "", "finalLink": "", "calculatedOtherExpenses": 900000, "calculatedOperatingExpenses": 4000000, "calculatedNetInterest": 0, "calculatedOtherIncome": -500000, "calculatedIncomeNonControlling": 0, "calculatedEbitda": 3100000}, {"date": "1985-09-30", "symbol": "PLXS", "reportedCurrency": "USD", "cik": "0000785786", "fillingDate": "1985-09-30", "acceptedDate": "1985-09-29 20:00:00", "calendarYear": "1985", "period": "FY", "revenue": 19300000, "costOfRevenue": 15600000, "grossProfit": 3700000, "grossProfitRatio": 0.1917098446, "researchAndDevelopmentExpenses": 0, "generalAndAdministrativeExpenses": 0, "sellingAndMarketingExpenses": 0, "sellingGeneralAndAdministrativeExpenses": 0, "otherExpenses": 400000, "operatingExpenses": 400000, "costAndExpenses": 16000000, "interestIncome": 0, "interestExpense": 0, "depreciationAndAmortization": 400000, "ebitda": 3700000, "ebitdaratio": 0.1917098446, "operatingIncome": 3300000, "operatingIncomeRatio": 0.170984456, "totalOtherIncomeExpensesNet": -100000, "incomeBeforeTax": 3200000, "incomeBeforeTaxRatio": 0.1658031088, "incomeTaxExpense": 1500000, "netIncome": 1700000, "netIncomeRatio": 0.0880829016, "eps": 0.015, "epsdiluted": 0.015, "weightedAverageShsOut": 19664000, "weightedAverageShsOutDil": 19664000, "link": "", "finalLink": "", "calculatedOtherExpenses": 400000, "calculatedOperatingExpenses": 400000, "calculatedNetInterest": 0, "calculatedOtherIncome": -100000, "calculatedIncomeNonControlling": 0, "calculatedEbitda": 3700000}]}