{"originalCurrency": "USD", "convertedCurrency": "USD", "report": [{"date": "2023-12-31", "symbol": "PM", "reportedCurrency": "USD", "cik": "0001413329", "fillingDate": "2024-02-08", "acceptedDate": "2024-02-08 07:10:55", "calendarYear": "2023", "period": "FY", "revenue": 35174000000, "costOfRevenue": 12893000000, "grossProfit": 22281000000, "grossProfitRatio": 0.6334508444, "researchAndDevelopmentExpenses": 709000000, "generalAndAdministrativeExpenses": 10105000000, "sellingAndMarketingExpenses": 0, "sellingGeneralAndAdministrativeExpenses": 10105000000, "otherExpenses": 0, "operatingExpenses": 10105000000, "costAndExpenses": 22998000000, "interestIncome": 465000000, "interestExpense": 1526000000, "depreciationAndAmortization": 1398000000, "ebitda": 14039000000, "ebitdaratio": 0.3991300392, "operatingIncome": 11556000000, "operatingIncomeRatio": 0.3285381248, "totalOtherIncomeExpensesNet": -665000000, "incomeBeforeTax": 10450000000, "incomeBeforeTaxRatio": 0.2970944448, "incomeTaxExpense": 2339000000, "netIncome": 7813000000, "netIncomeRatio": 0.2221242964, "eps": 5.02, "epsdiluted": 5.02, "weightedAverageShsOut": 1552000000, "weightedAverageShsOutDil": 1553000000, "link": "https://www.sec.gov/Archives/edgar/data/1413329/000141332924000013/0001413329-24-000013-index.htm", "finalLink": "https://www.sec.gov/Archives/edgar/data/1413329/000141332924000013/pm-20231231.htm", "calculatedOtherExpenses": -89000000, "calculatedOperatingExpenses": 10725000000, "calculatedNetInterest": -1061000000, "calculatedOtherIncome": -45000000, "calculatedIncomeNonControlling": 298000000, "calculatedEbitda": 12954000000}, {"date": "2022-12-31", "symbol": "PM", "reportedCurrency": "USD", "cik": "0001413329", "fillingDate": "2023-02-10", "acceptedDate": "2023-02-10 08:20:35", "calendarYear": "2022", "period": "FY", "revenue": 31762000000, "costOfRevenue": 11402000000, "grossProfit": 20360000000, "grossProfitRatio": 0.6410175682, "researchAndDevelopmentExpenses": 642000000, "generalAndAdministrativeExpenses": 8138000000, "sellingAndMarketingExpenses": 0, "sellingGeneralAndAdministrativeExpenses": 8138000000, "otherExpenses": 0, "operatingExpenses": 8138000000, "costAndExpenses": 19540000000, "interestIncome": 180000000, "interestExpense": 588000000, "depreciationAndAmortization": -24000000, "ebitda": 12222000000, "ebitdaratio": 0.3847994459, "operatingIncome": 12246000000, "operatingIncomeRatio": 0.3855550658, "totalOtherIncomeExpensesNet": -612000000, "incomeBeforeTax": 11634000000, "incomeBeforeTaxRatio": 0.3662867578, "incomeTaxExpense": 2244000000, "netIncome": 9048000000, "netIncomeRatio": 0.284868711, "eps": 5.82, "epsdiluted": 5.81, "weightedAverageShsOut": 1550000000, "weightedAverageShsOutDil": 1552000000, "link": "https://www.sec.gov/Archives/edgar/data/1413329/000141332923000025/0001413329-23-000025-index.htm", "finalLink": "https://www.sec.gov/Archives/edgar/data/1413329/000141332923000025/pm-20221231.htm", "calculatedOtherExpenses": -666000000, "calculatedOperatingExpenses": 8114000000, "calculatedNetInterest": -408000000, "calculatedOtherIncome": -204000000, "calculatedIncomeNonControlling": 342000000, "calculatedEbitda": 12222000000}, {"date": "2021-12-31", "symbol": "PM", "reportedCurrency": "USD", "cik": "0001413329", "fillingDate": "2022-02-11", "acceptedDate": "2022-02-11 08:29:22", "calendarYear": "2021", "period": "FY", "revenue": 31405000000, "costOfRevenue": 10030000000, "grossProfit": 21375000000, "grossProfitRatio": 0.6806241044, "researchAndDevelopmentExpenses": 617000000, "generalAndAdministrativeExpenses": 8419000000, "sellingAndMarketingExpenses": 8304000000, "sellingGeneralAndAdministrativeExpenses": 8419000000, "otherExpenses": 96000000, "operatingExpenses": 8515000000, "costAndExpenses": 18545000000, "interestIncome": 109000000, "interestExpense": 628000000, "depreciationAndAmortization": -19000000, "ebitda": 12956000000, "ebitdaratio": 0.412545773, "operatingIncome": 12975000000, "operatingIncomeRatio": 0.4131507722, "totalOtherIncomeExpensesNet": -743000000, "incomeBeforeTax": 12232000000, "incomeBeforeTaxRatio": 0.3894921191, "incomeTaxExpense": 2671000000, "netIncome": 9109000000, "netIncomeRatio": 0.2900493552, "eps": 5.83, "epsdiluted": 5.83, "weightedAverageShsOut": 1558000000, "weightedAverageShsOutDil": 1559000000, "link": "https://www.sec.gov/Archives/edgar/data/1413329/000141332922000011/0001413329-22-000011-index.htm", "finalLink": "https://www.sec.gov/Archives/edgar/data/1413329/000141332922000011/pm-20211231.htm", "calculatedOtherExpenses": -636000000, "calculatedOperatingExpenses": 8400000000, "calculatedNetInterest": -519000000, "calculatedOtherIncome": -224000000, "calculatedIncomeNonControlling": 452000000, "calculatedEbitda": 12956000000}, {"date": "2020-12-31", "symbol": "PM", "reportedCurrency": "USD", "cik": "0001413329", "fillingDate": "2021-02-09", "acceptedDate": "2021-02-09 16:20:37", "calendarYear": "2020", "period": "FY", "revenue": 28694000000, "costOfRevenue": 9569000000, "grossProfit": 19125000000, "grossProfitRatio": 0.6665156479, "researchAndDevelopmentExpenses": 495000000, "generalAndAdministrativeExpenses": 7481000000, "sellingAndMarketingExpenses": 7384000000, "sellingGeneralAndAdministrativeExpenses": 7481000000, "otherExpenses": 73000000, "operatingExpenses": 7554000000, "costAndExpenses": 17123000000, "interestIncome": 110000000, "interestExpense": 618000000, "depreciationAndAmortization": -24000000, "ebitda": 11644000000, "ebitdaratio": 0.4057991218, "operatingIncome": 11668000000, "operatingIncomeRatio": 0.4066355336, "totalOtherIncomeExpensesNet": -715000000, "incomeBeforeTax": 10953000000, "incomeBeforeTaxRatio": 0.3817174322, "incomeTaxExpense": 2377000000, "netIncome": 8056000000, "netIncomeRatio": 0.2807555587, "eps": 5.16, "epsdiluted": 5.16, "weightedAverageShsOut": 1557000000, "weightedAverageShsOutDil": 1558000000, "link": "https://www.sec.gov/Archives/edgar/data/1413329/000141332921000007/0001413329-21-000007-index.htm", "finalLink": "https://www.sec.gov/Archives/edgar/data/1413329/000141332921000007/pm-20201231.htm", "calculatedOtherExpenses": -519000000, "calculatedOperatingExpenses": 7457000000, "calculatedNetInterest": -508000000, "calculatedOtherIncome": -207000000, "calculatedIncomeNonControlling": 520000000, "calculatedEbitda": 11644000000}, {"date": "2019-12-31", "symbol": "PM", "reportedCurrency": "USD", "cik": "0001413329", "fillingDate": "2020-02-07", "acceptedDate": "2020-02-07 06:47:13", "calendarYear": "2019", "period": "FY", "revenue": 29805000000, "costOfRevenue": 10513000000, "grossProfit": 19292000000, "grossProfitRatio": 0.6472739473, "researchAndDevelopmentExpenses": 465000000, "generalAndAdministrativeExpenses": 8784000000, "sellingAndMarketingExpenses": 8695000000, "sellingGeneralAndAdministrativeExpenses": 8784000000, "otherExpenses": 66000000, "operatingExpenses": 8850000000, "costAndExpenses": 19363000000, "interestIncome": 226000000, "interestExpense": 570000000, "depreciationAndAmortization": -23000000, "ebitda": 10508000000, "ebitdaratio": 0.3525582956, "operatingIncome": 10531000000, "operatingIncomeRatio": 0.3533299782, "totalOtherIncomeExpensesNet": -659000000, "incomeBeforeTax": 9872000000, "incomeBeforeTaxRatio": 0.331219594, "incomeTaxExpense": 2293000000, "netIncome": 7185000000, "netIncomeRatio": 0.2410669351, "eps": 4.61, "epsdiluted": 4.61, "weightedAverageShsOut": 1555000000, "weightedAverageShsOutDil": 1556000000, "link": "https://www.sec.gov/Archives/edgar/data/1413329/000141332920000007/0001413329-20-000007-index.htm", "finalLink": "https://www.sec.gov/Archives/edgar/data/1413329/000141332920000007/pm123119form10kwrapinc.htm", "calculatedOtherExpenses": -488000000, "calculatedOperatingExpenses": 8761000000, "calculatedNetInterest": -344000000, "calculatedOtherIncome": -315000000, "calculatedIncomeNonControlling": 394000000, "calculatedEbitda": 10508000000}, {"date": "2018-12-31", "symbol": "PM", "reportedCurrency": "USD", "cik": "0001413329", "fillingDate": "2019-02-07", "acceptedDate": "2019-02-07 15:09:20", "calendarYear": "2018", "period": "FY", "revenue": 29625000000, "costOfRevenue": 10758000000, "grossProfit": 18867000000, "grossProfitRatio": 0.6368607595, "researchAndDevelopmentExpenses": 383000000, "generalAndAdministrativeExpenses": 7449000000, "sellingAndMarketingExpenses": 7408000000, "sellingGeneralAndAdministrativeExpenses": 7449000000, "otherExpenses": -41000000, "operatingExpenses": 7531000000, "costAndExpenses": 18289000000, "interestIncome": 190000000, "interestExpense": 665000000, "depreciationAndAmortization": 82000000, "ebitda": 11418000000, "ebitdaratio": 0.3854177215, "operatingIncome": 11377000000, "operatingIncomeRatio": 0.3840337553, "totalOtherIncomeExpensesNet": -41000000, "incomeBeforeTax": 10671000000, "incomeBeforeTaxRatio": 0.3602025316, "incomeTaxExpense": 2445000000, "netIncome": 7911000000, "netIncomeRatio": 0.2670379747, "eps": 5.09, "epsdiluted": 5.09, "weightedAverageShsOut": 1555000000, "weightedAverageShsOutDil": 1555000000, "link": "https://www.sec.gov/Archives/edgar/data/1413329/000141332919000007/0001413329-19-000007-index.htm", "finalLink": "https://www.sec.gov/Archives/edgar/data/1413329/000141332919000007/pm123118form10kwrapinclfsm.htm", "calculatedOtherExpenses": -342000000, "calculatedOperatingExpenses": 7490000000, "calculatedNetInterest": -475000000, "calculatedOtherIncome": -231000000, "calculatedIncomeNonControlling": 315000000, "calculatedEbitda": 11459000000}, {"date": "2017-12-31", "symbol": "PM", "reportedCurrency": "USD", "cik": "0001413329", "fillingDate": "2018-02-13", "acceptedDate": "2018-02-13 08:07:16", "calendarYear": "2017", "period": "FY", "revenue": 28748000000, "costOfRevenue": 10432000000, "grossProfit": 18316000000, "grossProfitRatio": 0.6371225824, "researchAndDevelopmentExpenses": 453000000, "generalAndAdministrativeExpenses": 6725000000, "sellingAndMarketingExpenses": 6725000000, "sellingGeneralAndAdministrativeExpenses": 6725000000, "otherExpenses": 88000000, "operatingExpenses": 6813000000, "costAndExpenses": 17245000000, "interestIncome": 182000000, "interestExpense": 914000000, "depreciationAndAmortization": 88000000, "ebitda": 11591000000, "ebitdaratio": 0.4031932656, "operatingIncome": 11503000000, "operatingIncomeRatio": 0.4001321831, "totalOtherIncomeExpensesNet": -914000000, "incomeBeforeTax": 10589000000, "incomeBeforeTaxRatio": 0.368338667, "incomeTaxExpense": 4307000000, "netIncome": 6035000000, "netIncomeRatio": 0.2099276471, "eps": 3.88, "epsdiluted": 3.88, "weightedAverageShsOut": 1552000000, "weightedAverageShsOutDil": 1553000000, "link": "https://www.sec.gov/Archives/edgar/data/1413329/000141332918000007/0001413329-18-000007-index.htm", "finalLink": "https://www.sec.gov/Archives/edgar/data/1413329/000141332918000007/pm123117form10kwrapinclfsm.htm", "calculatedOtherExpenses": -365000000, "calculatedOperatingExpenses": 6813000000, "calculatedNetInterest": -732000000, "calculatedOtherIncome": -182000000, "calculatedIncomeNonControlling": 247000000, "calculatedEbitda": 11591000000}, {"date": "2016-12-31", "symbol": "PM", "reportedCurrency": "USD", "cik": "0001413329", "fillingDate": "2017-02-14", "acceptedDate": "2017-02-14 08:22:52", "calendarYear": "2016", "period": "FY", "revenue": 26685000000, "costOfRevenue": 9391000000, "grossProfit": 17294000000, "grossProfitRatio": 0.6480794454, "researchAndDevelopmentExpenses": 429000000, "generalAndAdministrativeExpenses": 6405000000, "sellingAndMarketingExpenses": 6405000000, "sellingGeneralAndAdministrativeExpenses": 6405000000, "otherExpenses": 74000000, "operatingExpenses": 6479000000, "costAndExpenses": 15870000000, "interestIncome": 178000000, "interestExpense": 891000000, "depreciationAndAmortization": 74000000, "ebitda": 10889000000, "ebitdaratio": 0.4080569608, "operatingIncome": 10815000000, "operatingIncomeRatio": 0.4052838673, "totalOtherIncomeExpensesNet": -891000000, "incomeBeforeTax": 9924000000, "incomeBeforeTaxRatio": 0.3718943227, "incomeTaxExpense": 2768000000, "netIncome": 6967000000, "netIncomeRatio": 0.2610830054, "eps": 4.48, "epsdiluted": 4.48, "weightedAverageShsOut": 1551000000, "weightedAverageShsOutDil": 1551000000, "link": "https://www.sec.gov/Archives/edgar/data/1413329/000141332917000014/0001413329-17-000014-index.htm", "finalLink": "https://www.sec.gov/Archives/edgar/data/1413329/000141332917000014/pm123116form10kwrapinclfsm.htm", "calculatedOtherExpenses": -355000000, "calculatedOperatingExpenses": 6479000000, "calculatedNetInterest": -713000000, "calculatedOtherIncome": -178000000, "calculatedIncomeNonControlling": 189000000, "calculatedEbitda": 10889000000}, {"date": "2015-12-31", "symbol": "PM", "reportedCurrency": "USD", "cik": "0001413329", "fillingDate": "2016-02-17", "acceptedDate": "2016-02-17 10:25:14", "calendarYear": "2015", "period": "FY", "revenue": 26794000000, "costOfRevenue": 9365000000, "grossProfit": 17429000000, "grossProfitRatio": 0.6504814511, "researchAndDevelopmentExpenses": 423000000, "generalAndAdministrativeExpenses": 6656000000, "sellingAndMarketingExpenses": 6656000000, "sellingGeneralAndAdministrativeExpenses": 6656000000, "otherExpenses": 82000000, "operatingExpenses": 6738000000, "costAndExpenses": 16103000000, "interestIncome": 124000000, "interestExpense": 1132000000, "depreciationAndAmortization": 754000000, "ebitda": 11569000000, "ebitdaratio": 0.4317757707, "operatingIncome": 10623000000, "operatingIncomeRatio": 0.3964693588, "totalOtherIncomeExpensesNet": -68000000, "incomeBeforeTax": 9615000000, "incomeBeforeTaxRatio": 0.358848996, "incomeTaxExpense": 2688000000, "netIncome": 6873000000, "netIncomeRatio": 0.2565126521, "eps": 4.42, "epsdiluted": 4.42, "weightedAverageShsOut": 1549000000, "weightedAverageShsOutDil": 1549000000, "link": "https://www.sec.gov/Archives/edgar/data/1413329/000141332916000076/0001413329-16-000076-index.htm", "finalLink": "https://www.sec.gov/Archives/edgar/data/1413329/000141332916000076/pm123115form10kwrapinclfsm.htm", "calculatedOtherExpenses": -273000000, "calculatedOperatingExpenses": 6806000000, "calculatedNetInterest": -1008000000, "calculatedOtherIncome": 0, "calculatedIncomeNonControlling": 54000000, "calculatedEbitda": 11377000000}, {"date": "2014-12-31", "symbol": "PM", "reportedCurrency": "USD", "cik": "0001413329", "fillingDate": "2015-02-20", "acceptedDate": "2015-02-20 08:39:54", "calendarYear": "2014", "period": "FY", "revenue": 29767000000, "costOfRevenue": 10436000000, "grossProfit": 19331000000, "grossProfitRatio": 0.6494104209, "researchAndDevelopmentExpenses": 433000000, "generalAndAdministrativeExpenses": 7001000000, "sellingAndMarketingExpenses": 7001000000, "sellingGeneralAndAdministrativeExpenses": 7001000000, "otherExpenses": 93000000, "operatingExpenses": 7094000000, "costAndExpenses": 17530000000, "interestIncome": 118000000, "interestExpense": 1170000000, "depreciationAndAmortization": 889000000, "ebitda": 13244000000, "ebitdaratio": 0.4449222293, "operatingIncome": 11702000000, "operatingIncomeRatio": 0.3931198979, "totalOtherIncomeExpensesNet": -535000000, "incomeBeforeTax": 10650000000, "incomeBeforeTaxRatio": 0.3577787483, "incomeTaxExpense": 3097000000, "netIncome": 7493000000, "netIncomeRatio": 0.2517217052, "eps": 4.76, "epsdiluted": 4.76, "weightedAverageShsOut": 1566000000, "weightedAverageShsOutDil": 1566000000, "link": "https://www.sec.gov/Archives/edgar/data/1413329/000141332915000016/0001413329-15-000016-index.htm", "finalLink": "https://www.sec.gov/Archives/edgar/data/1413329/000141332915000016/pm12312014form10kwrapinclf.htm", "calculatedOtherExpenses": 195000000, "calculatedOperatingExpenses": 7629000000, "calculatedNetInterest": -1052000000, "calculatedOtherIncome": 0, "calculatedIncomeNonControlling": 60000000, "calculatedEbitda": 12591000000}, {"date": "2013-12-31", "symbol": "PM", "reportedCurrency": "USD", "cik": "0001413329", "fillingDate": "2014-02-21", "acceptedDate": "2014-02-21 08:40:56", "calendarYear": "2013", "period": "FY", "revenue": 31217000000, "costOfRevenue": 10410000000, "grossProfit": 20807000000, "grossProfitRatio": 0.6665278534, "researchAndDevelopmentExpenses": 449000000, "generalAndAdministrativeExpenses": 6890000000, "sellingAndMarketingExpenses": 6890000000, "sellingGeneralAndAdministrativeExpenses": 6890000000, "otherExpenses": 93000000, "operatingExpenses": 6983000000, "costAndExpenses": 17393000000, "interestIncome": 131000000, "interestExpense": 1104000000, "depreciationAndAmortization": 882000000, "ebitda": 14837000000, "ebitdaratio": 0.4752859019, "operatingIncome": 13515000000, "operatingIncomeRatio": 0.4329371817, "totalOtherIncomeExpensesNet": -309000000, "incomeBeforeTax": 12542000000, "incomeBeforeTaxRatio": 0.4017682673, "incomeTaxExpense": 3670000000, "netIncome": 8576000000, "netIncomeRatio": 0.2747221065, "eps": 5.26, "epsdiluted": 5.26, "weightedAverageShsOut": 1622000000, "weightedAverageShsOutDil": 1622000000, "link": "https://www.sec.gov/Archives/edgar/data/1413329/000141332914000012/0001413329-14-000012-index.htm", "finalLink": "https://www.sec.gov/Archives/edgar/data/1413329/000141332914000012/pm1231201310-k.htm", "calculatedOtherExpenses": -47000000, "calculatedOperatingExpenses": 7292000000, "calculatedNetInterest": -973000000, "calculatedOtherIncome": 0, "calculatedIncomeNonControlling": 296000000, "calculatedEbitda": 14397000000}, {"date": "2012-12-31", "symbol": "PM", "reportedCurrency": "USD", "cik": "0001413329", "fillingDate": "2013-02-22", "acceptedDate": "2013-02-22 12:13:08", "calendarYear": "2012", "period": "FY", "revenue": 31377000000, "costOfRevenue": 10373000000, "grossProfit": 21004000000, "grossProfitRatio": 0.6694075278, "researchAndDevelopmentExpenses": 415000000, "generalAndAdministrativeExpenses": 6978000000, "sellingAndMarketingExpenses": 6978000000, "sellingGeneralAndAdministrativeExpenses": 6978000000, "otherExpenses": 97000000, "operatingExpenses": 7075000000, "costAndExpenses": 17448000000, "interestIncome": 148000000, "interestExpense": 1007000000, "depreciationAndAmortization": 898000000, "ebitda": 14975000000, "ebitdaratio": 0.4772604137, "operatingIncome": 13846000000, "operatingIncomeRatio": 0.4412786436, "totalOtherIncomeExpensesNet": -83000000, "incomeBeforeTax": 12987000000, "incomeBeforeTaxRatio": 0.4139019027, "incomeTaxExpense": 3833000000, "netIncome": 8800000000, "netIncomeRatio": 0.2804602097, "eps": 5.17, "epsdiluted": 5.17, "weightedAverageShsOut": 1692000000, "weightedAverageShsOutDil": 1692000000, "link": "https://www.sec.gov/Archives/edgar/data/1413329/000141332913000019/0001413329-13-000019-index.htm", "finalLink": "https://www.sec.gov/Archives/edgar/data/1413329/000141332913000019/pm1231201210-k.htm", "calculatedOtherExpenses": -235000000, "calculatedOperatingExpenses": 7158000000, "calculatedNetInterest": -859000000, "calculatedOtherIncome": 0, "calculatedIncomeNonControlling": 354000000, "calculatedEbitda": 14744000000}, {"date": "2011-12-31", "symbol": "PM", "reportedCurrency": "USD", "cik": "0001413329", "fillingDate": "2012-02-24", "acceptedDate": "2012-02-24 09:29:03", "calendarYear": "2011", "period": "FY", "revenue": 31097000000, "costOfRevenue": 10678000000, "grossProfit": 20419000000, "grossProfitRatio": 0.6566228254, "researchAndDevelopmentExpenses": 0, "generalAndAdministrativeExpenses": 0, "sellingAndMarketingExpenses": 0, "sellingGeneralAndAdministrativeExpenses": 6880000000, "otherExpenses": 98000000, "operatingExpenses": 6978000000, "costAndExpenses": 17656000000, "interestIncome": 134000000, "interestExpense": 800000000, "depreciationAndAmortization": 98000000, "ebitda": 13648000000, "ebitdaratio": 0.4388847799, "operatingIncome": 13332000000, "operatingIncomeRatio": 0.4287230279, "totalOtherIncomeExpensesNet": -109000000, "incomeBeforeTax": 12532000000, "incomeBeforeTaxRatio": 0.4029970737, "incomeTaxExpense": 3653000000, "netIncome": 8591000000, "netIncomeRatio": 0.2762645914, "eps": 4.98, "epsdiluted": 4.98, "weightedAverageShsOut": 1725908666, "weightedAverageShsOutDil": 1725908666, "link": "https://www.sec.gov/Archives/edgar/data/1413329/000119312512076983/0001193125-12-076983-index.htm", "finalLink": "https://www.sec.gov/Archives/edgar/data/1413329/000119312512076983/d258717d10k.htm", "calculatedOtherExpenses": 207000000, "calculatedOperatingExpenses": 7087000000, "calculatedNetInterest": -666000000, "calculatedOtherIncome": -134000000, "calculatedIncomeNonControlling": 288000000, "calculatedEbitda": 13430000000}, {"date": "2010-12-31", "symbol": "PM", "reportedCurrency": "USD", "cik": "0001413329", "fillingDate": "2011-02-25", "acceptedDate": "2011-02-25 12:11:25", "calendarYear": "2010", "period": "FY", "revenue": 27208000000, "costOfRevenue": 9713000000, "grossProfit": 17495000000, "grossProfitRatio": 0.643009409, "researchAndDevelopmentExpenses": 0, "generalAndAdministrativeExpenses": 0, "sellingAndMarketingExpenses": 0, "sellingGeneralAndAdministrativeExpenses": 6160000000, "otherExpenses": 88000000, "operatingExpenses": 6248000000, "costAndExpenses": 15961000000, "interestIncome": 98000000, "interestExpense": 974000000, "depreciationAndAmortization": 932000000, "ebitda": 12277000000, "ebitdaratio": 0.4512275801, "operatingIncome": 11200000000, "operatingIncomeRatio": 0.4116436342, "totalOtherIncomeExpensesNet": -47000000, "incomeBeforeTax": 10324000000, "incomeBeforeTaxRatio": 0.3794472214, "incomeTaxExpense": 2826000000, "netIncome": 7259000000, "netIncomeRatio": 0.2667965304, "eps": 3.93, "epsdiluted": 3.92, "weightedAverageShsOut": 1839000000, "weightedAverageShsOutDil": 1842000000, "link": "https://www.sec.gov/Archives/edgar/data/1413329/000119312511046772/0001193125-11-046772-index.htm", "finalLink": "https://www.sec.gov/Archives/edgar/data/1413329/000119312511046772/d10k.htm", "calculatedOtherExpenses": 135000000, "calculatedOperatingExpenses": 6295000000, "calculatedNetInterest": -876000000, "calculatedOtherIncome": 0, "calculatedIncomeNonControlling": 239000000, "calculatedEbitda": 12132000000}, {"date": "2009-12-31", "symbol": "PM", "reportedCurrency": "USD", "cik": "0001413329", "fillingDate": "2010-02-26", "acceptedDate": "2010-02-26 08:23:45", "calendarYear": "2009", "period": "FY", "revenue": 25035000000, "costOfRevenue": 9022000000, "grossProfit": 16013000000, "grossProfitRatio": 0.6396245257, "researchAndDevelopmentExpenses": 0, "generalAndAdministrativeExpenses": 0, "sellingAndMarketingExpenses": 0, "sellingGeneralAndAdministrativeExpenses": 5870000000, "otherExpenses": 74000000, "operatingExpenses": 5944000000, "costAndExpenses": 14966000000, "interestIncome": 0, "interestExpense": 797000000, "depreciationAndAmortization": 853000000, "ebitda": 10922000000, "ebitdaratio": 0.4362692231, "operatingIncome": 10040000000, "operatingIncomeRatio": 0.401038546, "totalOtherIncomeExpensesNet": -29000000, "incomeBeforeTax": 9243000000, "incomeBeforeTaxRatio": 0.3692031156, "incomeTaxExpense": 2691000000, "netIncome": 6342000000, "netIncomeRatio": 0.2533253445, "eps": 3.25, "epsdiluted": 3.24, "weightedAverageShsOut": 1943000000, "weightedAverageShsOutDil": 1950000000, "link": "https://www.sec.gov/Archives/edgar/data/1413329/000119312510041735/0001193125-10-041735-index.htm", "finalLink": "https://www.sec.gov/Archives/edgar/data/1413329/000119312510041735/d10k.htm", "calculatedOtherExpenses": 103000000, "calculatedOperatingExpenses": 5973000000, "calculatedNetInterest": -797000000, "calculatedOtherIncome": 0, "calculatedIncomeNonControlling": 210000000, "calculatedEbitda": 10893000000}, {"date": "2008-12-31", "symbol": "PM", "reportedCurrency": "USD", "cik": "0001413329", "fillingDate": "2009-02-26", "acceptedDate": "2009-02-26 13:41:47", "calendarYear": "2008", "period": "FY", "revenue": 25705000000, "costOfRevenue": 9328000000, "grossProfit": 16377000000, "grossProfitRatio": 0.6371134021, "researchAndDevelopmentExpenses": 0, "generalAndAdministrativeExpenses": 0, "sellingAndMarketingExpenses": 0, "sellingGeneralAndAdministrativeExpenses": 6001000000, "otherExpenses": 44000000, "operatingExpenses": 6045000000, "costAndExpenses": 15373000000, "interestIncome": 217000000, "interestExpense": 528000000, "depreciationAndAmortization": 44000000, "ebitda": 10460000000, "ebitdaratio": 0.4069247228, "operatingIncome": 10248000000, "operatingIncomeRatio": 0.3986773001, "totalOtherIncomeExpensesNet": -84000000, "incomeBeforeTax": 9937000000, "incomeBeforeTaxRatio": 0.3865784867, "incomeTaxExpense": 2787000000, "netIncome": 6890000000, "netIncomeRatio": 0.2680412371, "eps": 3.33, "epsdiluted": 3.32, "weightedAverageShsOut": 2068000000, "weightedAverageShsOutDil": 2078000000, "link": "https://www.sec.gov/Archives/edgar/data/1413329/000119312509038765/0001193125-09-038765-index.htm", "finalLink": "https://www.sec.gov/Archives/edgar/data/1413329/000119312509038765/d10k.htm", "calculatedOtherExpenses": 128000000, "calculatedOperatingExpenses": 6129000000, "calculatedNetInterest": -311000000, "calculatedOtherIncome": 0, "calculatedIncomeNonControlling": 260000000, "calculatedEbitda": 10292000000}, {"date": "2007-12-31", "symbol": "PM", "reportedCurrency": "USD", "cik": "0001413329", "fillingDate": "2007-12-31", "acceptedDate": "2007-12-31 00:00:00", "calendarYear": "2007", "period": "FY", "revenue": 22798000000, "costOfRevenue": 8720000000, "grossProfit": 14078000000, "grossProfitRatio": 0.6175103079, "researchAndDevelopmentExpenses": 0, "generalAndAdministrativeExpenses": 0, "sellingAndMarketingExpenses": 0, "sellingGeneralAndAdministrativeExpenses": 5021000000, "otherExpenses": 28000000, "operatingExpenses": 5049000000, "costAndExpenses": 13769000000, "interestIncome": 0, "interestExpense": 0, "depreciationAndAmortization": 748000000, "ebitda": 9933000000, "ebitdaratio": 0.4356961137, "operatingIncome": 8873000000, "operatingIncomeRatio": 0.3892008071, "totalOtherIncomeExpensesNet": -156000000, "incomeBeforeTax": 8863000000, "incomeBeforeTaxRatio": 0.3887621721, "incomeTaxExpense": 2564000000, "netIncome": 6026000000, "netIncomeRatio": 0.2643214317, "eps": 2.86, "epsdiluted": 2.86, "weightedAverageShsOut": 2109000000, "weightedAverageShsOutDil": 2109000000, "link": null, "finalLink": null, "calculatedOtherExpenses": 184000000, "calculatedOperatingExpenses": 5205000000, "calculatedNetInterest": 0, "calculatedOtherIncome": -10000000, "calculatedIncomeNonControlling": 273000000, "calculatedEbitda": 9621000000}, {"date": "2006-12-31", "symbol": "PM", "reportedCurrency": "USD", "cik": "0001413329", "fillingDate": "2006-12-31", "acceptedDate": "2006-12-31 00:00:00", "calendarYear": "2006", "period": "FY", "revenue": 48260000000, "costOfRevenue": 35619000000, "grossProfit": 12641000000, "grossProfitRatio": 0.2619353502, "researchAndDevelopmentExpenses": 0, "generalAndAdministrativeExpenses": 0, "sellingAndMarketingExpenses": 0, "sellingGeneralAndAdministrativeExpenses": 4574000000, "otherExpenses": 0, "operatingExpenses": 4273000000, "costAndExpenses": 39892000000, "interestIncome": 0, "interestExpense": 0, "depreciationAndAmortization": 658000000, "ebitda": 8725000000, "ebitdaratio": 0.1807915458, "operatingIncome": 8368000000, "operatingIncomeRatio": 0.1733941152, "totalOtherIncomeExpensesNet": 301000000, "incomeBeforeTax": 8226000000, "incomeBeforeTaxRatio": 0.1704517199, "incomeTaxExpense": 1829000000, "netIncome": 6146000000, "netIncomeRatio": 0.1273518442, "eps": 2.91, "epsdiluted": 2.91, "weightedAverageShsOut": 2109000000, "weightedAverageShsOutDil": 2109000000, "link": null, "finalLink": null, "calculatedOtherExpenses": -301000000, "calculatedOperatingExpenses": 4273000000, "calculatedNetInterest": 0, "calculatedOtherIncome": -142000000, "calculatedIncomeNonControlling": 251000000, "calculatedEbitda": 9026000000}, {"date": "2005-12-31", "symbol": "PM", "reportedCurrency": "USD", "cik": "0001413329", "fillingDate": "2005-12-31", "acceptedDate": "2005-12-31 00:00:00", "calendarYear": "2005", "period": "FY", "revenue": 45288000000, "costOfRevenue": 32920000000, "grossProfit": 12368000000, "grossProfitRatio": 0.273096626, "researchAndDevelopmentExpenses": 0, "generalAndAdministrativeExpenses": 0, "sellingAndMarketingExpenses": 0, "sellingGeneralAndAdministrativeExpenses": 4543000000, "otherExpenses": 90000000, "operatingExpenses": 4633000000, "costAndExpenses": 37553000000, "interestIncome": 0, "interestExpense": 0, "depreciationAndAmortization": 527000000, "ebitda": 8352000000, "ebitdaratio": 0.1844197138, "operatingIncome": 7735000000, "operatingIncomeRatio": 0.1707957958, "totalOtherIncomeExpensesNet": -90000000, "incomeBeforeTax": 7641000000, "incomeBeforeTaxRatio": 0.1687201908, "incomeTaxExpense": 1835000000, "netIncome": 5620000000, "netIncomeRatio": 0.1240946829, "eps": 2.71, "epsdiluted": 2.69, "weightedAverageShsOut": 2070000000, "weightedAverageShsOutDil": 2090000000, "link": null, "finalLink": null, "calculatedOtherExpenses": 90000000, "calculatedOperatingExpenses": 4633000000, "calculatedNetInterest": 0, "calculatedOtherIncome": -94000000, "calculatedIncomeNonControlling": 186000000, "calculatedEbitda": 8262000000}, {"date": "2003-12-31", "symbol": "PM", "reportedCurrency": "USD", "cik": "0001413329", "fillingDate": "2003-12-31", "acceptedDate": "2003-12-31 00:00:00", "calendarYear": "2003", "period": "FY", "revenue": 33389000000, "costOfRevenue": 23821000000, "grossProfit": 9568000000, "grossProfitRatio": 0.2865614424, "researchAndDevelopmentExpenses": 0, "generalAndAdministrativeExpenses": 0, "sellingAndMarketingExpenses": 0, "sellingGeneralAndAdministrativeExpenses": 3372000000, "otherExpenses": 0, "operatingExpenses": 3372000000, "costAndExpenses": 27193000000, "interestIncome": 0, "interestExpense": 0, "depreciationAndAmortization": 370000000, "ebitda": 6566000000, "ebitdaratio": 0.1966515918, "operatingIncome": 6196000000, "operatingIncomeRatio": 0.1855700979, "totalOtherIncomeExpensesNet": 17000000, "incomeBeforeTax": 6213000000, "incomeBeforeTaxRatio": 0.1860792477, "incomeTaxExpense": 2090000000, "netIncome": 3975000000, "netIncomeRatio": 0.1190511845, "eps": 1.96, "epsdiluted": 1.95, "weightedAverageShsOut": 2028000000, "weightedAverageShsOutDil": 2038000000, "link": null, "finalLink": null, "calculatedOtherExpenses": 0, "calculatedOperatingExpenses": 3372000000, "calculatedNetInterest": 0, "calculatedOtherIncome": 17000000, "calculatedIncomeNonControlling": 148000000, "calculatedEbitda": 6566000000}, {"date": "2001-09-01", "symbol": "PM", "reportedCurrency": "USD", "cik": "0001413329", "fillingDate": "2022-02-10", "acceptedDate": "2022-02-10 09:05:13", "calendarYear": "2001", "period": "FY", "revenue": 8104000000, "costOfRevenue": 2807000000, "grossProfit": 5297000000, "grossProfitRatio": 0.6536278381, "researchAndDevelopmentExpenses": 0, "generalAndAdministrativeExpenses": 0, "sellingAndMarketingExpenses": 0, "sellingGeneralAndAdministrativeExpenses": 0, "otherExpenses": 0, "operatingExpenses": 2350000000, "costAndExpenses": 5157000000, "interestIncome": 0, "interestExpense": 146000000, "depreciationAndAmortization": 0, "ebitda": 2947000000, "ebitdaratio": 0.3636475814, "operatingIncome": 2947000000, "operatingIncomeRatio": 0.3636475814, "totalOtherIncomeExpensesNet": -179000000, "incomeBeforeTax": 2768000000, "incomeBeforeTaxRatio": 0.3415597236, "incomeTaxExpense": 593000000, "netIncome": 2229000000, "netIncomeRatio": 0.2750493583, "eps": 1.34, "epsdiluted": 1.34, "weightedAverageShsOut": 0, "weightedAverageShsOutDil": 0, "link": "https://www.sec.gov/Archives/edgar/data/1413329/000141332922000007/0001413329-22-000007-index.htm", "finalLink": "https://www.sec.gov/Archives/edgar/data/1413329/000141332922000007/earningsreleasepm-ex991xq4.htm", "calculatedOtherExpenses": 2350000000, "calculatedOperatingExpenses": 2350000000, "calculatedNetInterest": -146000000, "calculatedOtherIncome": -33000000, "calculatedIncomeNonControlling": -54000000, "calculatedEbitda": 2947000000}]}