{"originalCurrency": "USD", "convertedCurrency": "USD", "report": [{"date": "2023-12-31", "symbol": "PNC", "reportedCurrency": "USD", "cik": "0000713676", "fillingDate": "2024-02-21", "acceptedDate": "2024-02-21 16:33:59", "calendarYear": "2023", "period": "FY", "revenue": 21509000000, "costOfRevenue": 2393000000, "grossProfit": 19116000000, "grossProfitRatio": 0.8887442466, "researchAndDevelopmentExpenses": 0, "generalAndAdministrativeExpenses": 7428000000, "sellingAndMarketingExpenses": 350000000, "sellingGeneralAndAdministrativeExpenses": 7778000000, "otherExpenses": -4191000000, "operatingExpenses": 350000000, "costAndExpenses": 2743000000, "interestIncome": 24308000000, "interestExpense": 10392000000, "depreciationAndAmortization": 217000000, "ebitda": 18747000000, "ebitdaratio": 0.8715886373, "operatingIncome": 18747000000, "operatingIncomeRatio": 0.8715886373, "totalOtherIncomeExpensesNet": -13594000000, "incomeBeforeTax": 6736000000, "incomeBeforeTaxRatio": 0.3131712306, "incomeTaxExpense": 1089000000, "netIncome": 5578000000, "netIncomeRatio": 0.2593333023, "eps": 12.78, "epsdiluted": 12.78, "weightedAverageShsOut": 401000000, "weightedAverageShsOutDil": 401000000, "link": "https://www.sec.gov/Archives/edgar/data/713676/000071367624000028/0000713676-24-000028-index.htm", "finalLink": "https://www.sec.gov/Archives/edgar/data/713676/000071367624000028/pnc-20231231.htm", "calculatedOtherExpenses": -7409000000, "calculatedOperatingExpenses": 369000000, "calculatedNetInterest": 13916000000, "calculatedOtherIncome": -25927000000, "calculatedIncomeNonControlling": 69000000, "calculatedEbitda": 18964000000}, {"date": "2022-12-31", "symbol": "PNC", "reportedCurrency": "USD", "cik": "0000713676", "fillingDate": "2023-02-22", "acceptedDate": "2023-02-22 16:06:13", "calendarYear": "2022", "period": "FY", "revenue": 21114000000, "costOfRevenue": 2387000000, "grossProfit": 18727000000, "grossProfitRatio": 0.8869470494, "researchAndDevelopmentExpenses": 0, "generalAndAdministrativeExpenses": 7244000000, "sellingAndMarketingExpenses": 355000000, "sellingGeneralAndAdministrativeExpenses": 7599000000, "otherExpenses": -3539000000, "operatingExpenses": 355000000, "costAndExpenses": 355000000, "interestIncome": 15436000000, "interestExpense": 2422000000, "depreciationAndAmortization": 651000000, "ebitda": 10168000000, "ebitdaratio": 0.4815762054, "operatingIncome": 9517000000, "operatingIncomeRatio": 0.4507435825, "totalOtherIncomeExpensesNet": -2044000000, "incomeBeforeTax": 7473000000, "incomeBeforeTaxRatio": 0.3539357772, "incomeTaxExpense": 1360000000, "netIncome": 6041000000, "netIncomeRatio": 0.2861134792, "eps": 13.85, "epsdiluted": 13.85, "weightedAverageShsOut": 412000000, "weightedAverageShsOutDil": 412000000, "link": "https://www.sec.gov/Archives/edgar/data/713676/000071367623000020/0000713676-23-000020-index.htm", "finalLink": "https://www.sec.gov/Archives/edgar/data/713676/000071367623000020/pnc-20221231.htm", "calculatedOtherExpenses": 1611000000, "calculatedOperatingExpenses": 9210000000, "calculatedNetInterest": 13014000000, "calculatedOtherIncome": -15058000000, "calculatedIncomeNonControlling": 72000000, "calculatedEbitda": 10168000000}, {"date": "2021-12-31", "symbol": "PNC", "reportedCurrency": "USD", "cik": "0000713676", "fillingDate": "2022-02-25", "acceptedDate": "2022-02-25 17:17:06", "calendarYear": "2021", "period": "FY", "revenue": 19135000000, "costOfRevenue": 2351000000, "grossProfit": 16784000000, "grossProfitRatio": 0.877136138, "researchAndDevelopmentExpenses": 0, "generalAndAdministrativeExpenses": 7141000000, "sellingAndMarketingExpenses": 319000000, "sellingGeneralAndAdministrativeExpenses": 7460000000, "otherExpenses": -19658000000, "operatingExpenses": -12198000000, "costAndExpenses": -12198000000, "interestIncome": 11134000000, "interestExpense": 487000000, "depreciationAndAmortization": 1773000000, "ebitda": 8710000000, "ebitdaratio": 0.4551868304, "operatingIncome": 6937000000, "operatingIncomeRatio": 0.3625293964, "totalOtherIncomeExpensesNet": 51000000, "incomeBeforeTax": 6988000000, "incomeBeforeTaxRatio": 0.3651946695, "incomeTaxExpense": 1263000000, "netIncome": 5674000000, "netIncomeRatio": 0.296524693, "eps": 12.7, "epsdiluted": 12.7, "weightedAverageShsOut": 426000000, "weightedAverageShsOutDil": 426000000, "link": "https://www.sec.gov/Archives/edgar/data/713676/000071367622000019/0000713676-22-000019-index.htm", "finalLink": "https://www.sec.gov/Archives/edgar/data/713676/000071367622000019/pnc-20211231.htm", "calculatedOtherExpenses": 2387000000, "calculatedOperatingExpenses": 9847000000, "calculatedNetInterest": 10647000000, "calculatedOtherIncome": -10596000000, "calculatedIncomeNonControlling": 51000000, "calculatedEbitda": 8710000000}, {"date": "2020-12-31", "symbol": "PNC", "reportedCurrency": "USD", "cik": "0000713676", "fillingDate": "2021-02-26", "acceptedDate": "2021-02-26 13:29:49", "calendarYear": "2020", "period": "FY", "revenue": 16901000000, "costOfRevenue": 2002000000, "grossProfit": 14899000000, "grossProfitRatio": 0.8815454707, "researchAndDevelopmentExpenses": 0, "generalAndAdministrativeExpenses": 5673000000, "sellingAndMarketingExpenses": 236000000, "sellingGeneralAndAdministrativeExpenses": 5909000000, "otherExpenses": -14867000000, "operatingExpenses": -8958000000, "costAndExpenses": -8958000000, "interestIncome": 11307000000, "interestExpense": 1361000000, "depreciationAndAmortization": 1497000000, "ebitda": 9440000000, "ebitdaratio": 0.5585468315, "operatingIncome": 7943000000, "operatingIncomeRatio": 0.469972191, "totalOtherIncomeExpensesNet": -4514000000, "incomeBeforeTax": 3429000000, "incomeBeforeTaxRatio": 0.2028874031, "incomeTaxExpense": 426000000, "netIncome": 3003000000, "netIncomeRatio": 0.177681794, "eps": 7.03, "epsdiluted": 7.03, "weightedAverageShsOut": 427000000, "weightedAverageShsOutDil": 427000000, "link": "https://www.sec.gov/Archives/edgar/data/713676/000071367621000025/0000713676-21-000025-index.htm", "finalLink": "https://www.sec.gov/Archives/edgar/data/713676/000071367621000025/pnc-20201231.htm", "calculatedOtherExpenses": 1047000000, "calculatedOperatingExpenses": 6956000000, "calculatedNetInterest": 9946000000, "calculatedOtherIncome": -14460000000, "calculatedIncomeNonControlling": 0, "calculatedEbitda": 9440000000}, {"date": "2019-12-31", "symbol": "PNC", "reportedCurrency": "USD", "cik": "0000713676", "fillingDate": "2020-03-02", "acceptedDate": "2020-02-28 19:05:36", "calendarYear": "2019", "period": "FY", "revenue": 17827000000, "costOfRevenue": 2044000000, "grossProfit": 15783000000, "grossProfitRatio": 0.8853424581, "researchAndDevelopmentExpenses": 0, "generalAndAdministrativeExpenses": 5647000000, "sellingAndMarketingExpenses": 301000000, "sellingGeneralAndAdministrativeExpenses": 5948000000, "otherExpenses": -17344000000, "operatingExpenses": -11396000000, "costAndExpenses": -11396000000, "interestIncome": 13762000000, "interestExpense": 3797000000, "depreciationAndAmortization": 1315000000, "ebitda": 7746000000, "ebitdaratio": 0.434509452, "operatingIncome": 6431000000, "operatingIncomeRatio": 0.3607449375, "totalOtherIncomeExpensesNet": 49000000, "incomeBeforeTax": 6480000000, "incomeBeforeTaxRatio": 0.3634935772, "incomeTaxExpense": 1062000000, "netIncome": 5369000000, "netIncomeRatio": 0.301172379, "eps": 11.43, "epsdiluted": 11.38, "weightedAverageShsOut": 447000000, "weightedAverageShsOutDil": 448000000, "link": "https://www.sec.gov/Archives/edgar/data/713676/000071367620000042/0000713676-20-000042-index.htm", "finalLink": "https://www.sec.gov/Archives/edgar/data/713676/000071367620000042/pnc201910-k.htm", "calculatedOtherExpenses": 3404000000, "calculatedOperatingExpenses": 9352000000, "calculatedNetInterest": 9965000000, "calculatedOtherIncome": -9916000000, "calculatedIncomeNonControlling": 49000000, "calculatedEbitda": 7746000000}, {"date": "2018-12-31", "symbol": "PNC", "reportedCurrency": "USD", "cik": "0000713676", "fillingDate": "2019-03-01", "acceptedDate": "2019-03-01 09:19:59", "calendarYear": "2018", "period": "FY", "revenue": 17132000000, "costOfRevenue": 1921000000, "grossProfit": 15211000000, "grossProfitRatio": 0.8878706514, "researchAndDevelopmentExpenses": 0, "generalAndAdministrativeExpenses": 5471000000, "sellingAndMarketingExpenses": 285000000, "sellingGeneralAndAdministrativeExpenses": 5756000000, "otherExpenses": -13644000000, "operatingExpenses": -7888000000, "costAndExpenses": -7888000000, "interestIncome": 12582000000, "interestExpense": 2861000000, "depreciationAndAmortization": 1129000000, "ebitda": 10373000000, "ebitdaratio": 0.6054751343, "operatingIncome": 9244000000, "operatingIncomeRatio": 0.5395750642, "totalOtherIncomeExpensesNet": -2816000000, "incomeBeforeTax": 6428000000, "incomeBeforeTaxRatio": 0.3752042961, "incomeTaxExpense": 1082000000, "netIncome": 5301000000, "netIncomeRatio": 0.3094209666, "eps": 11.35, "epsdiluted": 11.28, "weightedAverageShsOut": 467000000, "weightedAverageShsOutDil": 470000000, "link": "https://www.sec.gov/Archives/edgar/data/713676/000071367619000015/0000713676-19-000015-index.htm", "finalLink": "https://www.sec.gov/Archives/edgar/data/713676/000071367619000015/pnc201810k.htm", "calculatedOtherExpenses": 211000000, "calculatedOperatingExpenses": 5967000000, "calculatedNetInterest": 9721000000, "calculatedOtherIncome": -12537000000, "calculatedIncomeNonControlling": 45000000, "calculatedEbitda": 10373000000}, {"date": "2017-12-31", "symbol": "PNC", "reportedCurrency": "USD", "cik": "0000713676", "fillingDate": "2018-02-28", "acceptedDate": "2018-02-28 17:20:39", "calendarYear": "2017", "period": "FY", "revenue": 16329000000, "costOfRevenue": 1933000000, "grossProfit": 14396000000, "grossProfitRatio": 0.8816216547, "researchAndDevelopmentExpenses": 0, "generalAndAdministrativeExpenses": 5224000000, "sellingAndMarketingExpenses": 244000000, "sellingGeneralAndAdministrativeExpenses": 5468000000, "otherExpenses": -2124000000, "operatingExpenses": 244000000, "costAndExpenses": 2177000000, "interestIncome": 10814000000, "interestExpense": 1706000000, "depreciationAndAmortization": 1117000000, "ebitda": 8263000000, "ebitdaratio": 0.5060322126, "operatingIncome": 14152000000, "operatingIncomeRatio": 0.8666789148, "totalOtherIncomeExpensesNet": -14102000000, "incomeBeforeTax": 5490000000, "incomeBeforeTaxRatio": 0.336211648, "incomeTaxExpense": 102000000, "netIncome": 5338000000, "netIncomeRatio": 0.3269030559, "eps": 10.49, "epsdiluted": 10.36, "weightedAverageShsOut": 481000000, "weightedAverageShsOutDil": 486000000, "link": "https://www.sec.gov/Archives/edgar/data/713676/000071367618000032/0000713676-18-000032-index.htm", "finalLink": "https://www.sec.gov/Archives/edgar/data/713676/000071367618000032/pnc-12312017x10k.htm", "calculatedOtherExpenses": -5224000000, "calculatedOperatingExpenses": 244000000, "calculatedNetInterest": 9108000000, "calculatedOtherIncome": -17770000000, "calculatedIncomeNonControlling": 50000000, "calculatedEbitda": 15269000000}, {"date": "2016-12-31", "symbol": "PNC", "reportedCurrency": "USD", "cik": "0000713676", "fillingDate": "2017-02-28", "acceptedDate": "2017-02-28 16:56:13", "calendarYear": "2016", "period": "FY", "revenue": 15162000000, "costOfRevenue": 1835000000, "grossProfit": 13327000000, "grossProfitRatio": 0.8789737502, "researchAndDevelopmentExpenses": 0, "generalAndAdministrativeExpenses": 4841000000, "sellingAndMarketingExpenses": 247000000, "sellingGeneralAndAdministrativeExpenses": 5088000000, "otherExpenses": -1607000000, "operatingExpenses": 247000000, "costAndExpenses": 2082000000, "interestIncome": 9652000000, "interestExpense": 1261000000, "depreciationAndAmortization": 1193000000, "ebitda": 7625000000, "ebitdaratio": 0.5029019918, "operatingIncome": 13080000000, "operatingIncomeRatio": 0.8626830233, "totalOtherIncomeExpensesNet": -12998000000, "incomeBeforeTax": 5253000000, "incomeBeforeTaxRatio": 0.3464582509, "incomeTaxExpense": 1268000000, "netIncome": 3903000000, "netIncomeRatio": 0.2574198655, "eps": 7.42, "epsdiluted": 7.3, "weightedAverageShsOut": 494000000, "weightedAverageShsOutDil": 500000000, "link": "https://www.sec.gov/Archives/edgar/data/713676/000119312517062524/0001193125-17-062524-index.htm", "finalLink": "https://www.sec.gov/Archives/edgar/data/713676/000119312517062524/d300732d10k.htm", "calculatedOtherExpenses": -4841000000, "calculatedOperatingExpenses": 247000000, "calculatedNetInterest": 8391000000, "calculatedOtherIncome": -16218000000, "calculatedIncomeNonControlling": 82000000, "calculatedEbitda": 14273000000}, {"date": "2015-12-31", "symbol": "PNC", "reportedCurrency": "USD", "cik": "0000713676", "fillingDate": "2016-02-29", "acceptedDate": "2016-02-26 18:10:56", "calendarYear": "2015", "period": "FY", "revenue": 15225000000, "costOfRevenue": 1767000000, "grossProfit": 13458000000, "grossProfitRatio": 0.8839408867, "researchAndDevelopmentExpenses": 0, "generalAndAdministrativeExpenses": 4831000000, "sellingAndMarketingExpenses": 249000000, "sellingGeneralAndAdministrativeExpenses": 5080000000, "otherExpenses": 0, "operatingExpenses": 249000000, "costAndExpenses": 2016000000, "interestIncome": 9323000000, "interestExpense": 1045000000, "depreciationAndAmortization": 1088000000, "ebitda": 7603000000, "ebitdaratio": 0.4993760263, "operatingIncome": 13209000000, "operatingIncomeRatio": 0.8675862069, "totalOtherIncomeExpensesNet": -13172000000, "incomeBeforeTax": 5507000000, "incomeBeforeTaxRatio": 0.3617077176, "incomeTaxExpense": 1364000000, "netIncome": 4106000000, "netIncomeRatio": 0.2696880131, "eps": 7.52, "epsdiluted": 7.39, "weightedAverageShsOut": 514000000, "weightedAverageShsOutDil": 521000000, "link": "https://www.sec.gov/Archives/edgar/data/713676/000119312516482577/0001193125-16-482577-index.htm", "finalLink": "https://www.sec.gov/Archives/edgar/data/713676/000119312516482577/d100758d10k.htm", "calculatedOtherExpenses": -4831000000, "calculatedOperatingExpenses": 249000000, "calculatedNetInterest": 8278000000, "calculatedOtherIncome": -15980000000, "calculatedIncomeNonControlling": 37000000, "calculatedEbitda": 14297000000}, {"date": "2014-12-31", "symbol": "PNC", "reportedCurrency": "USD", "cik": "0000713676", "fillingDate": "2015-03-02", "acceptedDate": "2015-02-27 17:51:38", "calendarYear": "2014", "period": "FY", "revenue": 15375000000, "costOfRevenue": 1692000000, "grossProfit": 13683000000, "grossProfitRatio": 0.8899512195, "researchAndDevelopmentExpenses": 0, "generalAndAdministrativeExpenses": 4611000000, "sellingAndMarketingExpenses": 253000000, "sellingGeneralAndAdministrativeExpenses": 4864000000, "otherExpenses": 0, "operatingExpenses": 253000000, "costAndExpenses": 1945000000, "interestIncome": 9431000000, "interestExpense": 906000000, "depreciationAndAmortization": 988000000, "ebitda": 7485000000, "ebitdaratio": 0.4868292683, "operatingIncome": 13430000000, "operatingIncomeRatio": 0.873495935, "totalOtherIncomeExpensesNet": -13407000000, "incomeBeforeTax": 5614000000, "incomeBeforeTaxRatio": 0.3651382114, "incomeTaxExpense": 1407000000, "netIncome": 4184000000, "netIncomeRatio": 0.2721300813, "eps": 7.44, "epsdiluted": 7.3, "weightedAverageShsOut": 529000000, "weightedAverageShsOutDil": 537000000, "link": "https://www.sec.gov/Archives/edgar/data/713676/000119312515070443/0001193125-15-070443-index.htm", "finalLink": "https://www.sec.gov/Archives/edgar/data/713676/000119312515070443/d836469d10k.htm", "calculatedOtherExpenses": -4611000000, "calculatedOperatingExpenses": 253000000, "calculatedNetInterest": 8525000000, "calculatedOtherIncome": -16341000000, "calculatedIncomeNonControlling": 23000000, "calculatedEbitda": 14418000000}, {"date": "2013-12-31", "symbol": "PNC", "reportedCurrency": "USD", "cik": "0000713676", "fillingDate": "2014-03-03", "acceptedDate": "2014-02-28 17:45:46", "calendarYear": "2013", "period": "FY", "revenue": 16012000000, "costOfRevenue": 1596000000, "grossProfit": 14416000000, "grossProfitRatio": 0.9003247564, "researchAndDevelopmentExpenses": 0, "generalAndAdministrativeExpenses": 4743000000, "sellingAndMarketingExpenses": 246000000, "sellingGeneralAndAdministrativeExpenses": 4989000000, "otherExpenses": 0, "operatingExpenses": 246000000, "costAndExpenses": 1842000000, "interestIncome": 10007000000, "interestExpense": 860000000, "depreciationAndAmortization": 1146000000, "ebitda": 7567000000, "ebitdaratio": 0.4725830627, "operatingIncome": 14170000000, "operatingIncomeRatio": 0.884961279, "totalOtherIncomeExpensesNet": -14163000000, "incomeBeforeTax": 5568000000, "incomeBeforeTaxRatio": 0.3477391956, "incomeTaxExpense": 1341000000, "netIncome": 4201000000, "netIncomeRatio": 0.2623657257, "eps": 7.48, "epsdiluted": 7.39, "weightedAverageShsOut": 528000000, "weightedAverageShsOutDil": 532000000, "link": "https://www.sec.gov/Archives/edgar/data/713676/000119312514077944/0001193125-14-077944-index.htm", "finalLink": "https://www.sec.gov/Archives/edgar/data/713676/000119312514077944/d634352d10k.htm", "calculatedOtherExpenses": -4743000000, "calculatedOperatingExpenses": 246000000, "calculatedNetInterest": 9147000000, "calculatedOtherIncome": -17749000000, "calculatedIncomeNonControlling": 26000000, "calculatedEbitda": 15316000000}, {"date": "2012-12-31", "symbol": "PNC", "reportedCurrency": "USD", "cik": "0000713676", "fillingDate": "2013-03-01", "acceptedDate": "2013-02-28 18:10:21", "calendarYear": "2012", "period": "FY", "revenue": 15512000000, "costOfRevenue": 1562000000, "grossProfit": 13950000000, "grossProfitRatio": 0.8993037648, "researchAndDevelopmentExpenses": 0, "generalAndAdministrativeExpenses": 4617000000, "sellingAndMarketingExpenses": 279000000, "sellingGeneralAndAdministrativeExpenses": 4896000000, "otherExpenses": 0, "operatingExpenses": 279000000, "costAndExpenses": 1841000000, "interestIncome": 10734000000, "interestExpense": 1094000000, "depreciationAndAmortization": 1159000000, "ebitda": 6208000000, "ebitdaratio": 0.4002062919, "operatingIncome": 13671000000, "operatingIncomeRatio": 0.8813176895, "totalOtherIncomeExpensesNet": -13683000000, "incomeBeforeTax": 3943000000, "incomeBeforeTaxRatio": 0.2541903043, "incomeTaxExpense": 942000000, "netIncome": 3001000000, "netIncomeRatio": 0.1934631253, "eps": 5.36, "epsdiluted": 5.3, "weightedAverageShsOut": 526000000, "weightedAverageShsOutDil": 529000000, "link": "https://www.sec.gov/Archives/edgar/data/713676/000119312513085012/0001193125-13-085012-index.htm", "finalLink": "https://www.sec.gov/Archives/edgar/data/713676/000119312513085012/d446794d10k.htm", "calculatedOtherExpenses": -4617000000, "calculatedOperatingExpenses": 279000000, "calculatedNetInterest": 9640000000, "calculatedOtherIncome": -19368000000, "calculatedIncomeNonControlling": 0, "calculatedEbitda": 14830000000}, {"date": "2011-12-31", "symbol": "PNC", "reportedCurrency": "USD", "cik": "0000713676", "fillingDate": "2012-02-29", "acceptedDate": "2012-02-29 09:11:48", "calendarYear": "2011", "period": "FY", "revenue": 14326000000, "costOfRevenue": 1399000000, "grossProfit": 12927000000, "grossProfitRatio": 0.902345386, "researchAndDevelopmentExpenses": 0, "generalAndAdministrativeExpenses": 3966000000, "sellingAndMarketingExpenses": 249000000, "sellingGeneralAndAdministrativeExpenses": 4215000000, "otherExpenses": 152000000, "operatingExpenses": 249000000, "costAndExpenses": 1648000000, "interestIncome": 10194000000, "interestExpense": 1494000000, "depreciationAndAmortization": 1140000000, "ebitda": 6688000000, "ebitdaratio": 0.4668435013, "operatingIncome": 12678000000, "operatingIncomeRatio": 0.8849644004, "totalOtherIncomeExpensesNet": -12663000000, "incomeBeforeTax": 4069000000, "incomeBeforeTaxRatio": 0.2840290381, "incomeTaxExpense": 998000000, "netIncome": 3056000000, "netIncomeRatio": 0.213318442, "eps": 5.7, "epsdiluted": 5.64, "weightedAverageShsOut": 524000000, "weightedAverageShsOutDil": 526000000, "link": "https://www.sec.gov/Archives/edgar/data/713676/000119312512087345/0001193125-12-087345-index.htm", "finalLink": "https://www.sec.gov/Archives/edgar/data/713676/000119312512087345/d260760d10k.htm", "calculatedOtherExpenses": -3966000000, "calculatedOperatingExpenses": 249000000, "calculatedNetInterest": 8700000000, "calculatedOtherIncome": -17309000000, "calculatedIncomeNonControlling": 15000000, "calculatedEbitda": 13818000000}, {"date": "2010-12-31", "symbol": "PNC", "reportedCurrency": "USD", "cik": "0000713676", "fillingDate": "2011-03-01", "acceptedDate": "2011-03-01 14:09:01", "calendarYear": "2010", "period": "FY", "revenue": 15016000000, "costOfRevenue": 1398000000, "grossProfit": 13618000000, "grossProfitRatio": 0.9068993074, "researchAndDevelopmentExpenses": 0, "generalAndAdministrativeExpenses": 3906000000, "sellingAndMarketingExpenses": 266000000, "sellingGeneralAndAdministrativeExpenses": 4172000000, "otherExpenses": 325000000, "operatingExpenses": 266000000, "costAndExpenses": 1664000000, "interestIncome": 11150000000, "interestExpense": 1920000000, "depreciationAndAmortization": 1059000000, "ebitda": 7428000000, "ebitdaratio": 0.4946723495, "operatingIncome": 13512000000, "operatingIncomeRatio": 0.8998401705, "totalOtherIncomeExpensesNet": -13527000000, "incomeBeforeTax": 4061000000, "incomeBeforeTaxRatio": 0.2704448588, "incomeTaxExpense": 1037000000, "netIncome": 3412000000, "netIncomeRatio": 0.2272242941, "eps": 5.8, "epsdiluted": 5.74, "weightedAverageShsOut": 517000000, "weightedAverageShsOutDil": 520000000, "link": "https://www.sec.gov/Archives/edgar/data/713676/000119312511051725/0001193125-11-051725-index.htm", "finalLink": "https://www.sec.gov/Archives/edgar/data/713676/000119312511051725/d10k.htm", "calculatedOtherExpenses": -4066000000, "calculatedOperatingExpenses": 106000000, "calculatedNetInterest": 9230000000, "calculatedOtherIncome": -18681000000, "calculatedIncomeNonControlling": -388000000, "calculatedEbitda": 14571000000}, {"date": "2009-12-31", "symbol": "PNC", "reportedCurrency": "USD", "cik": "0000713676", "fillingDate": "2010-03-11", "acceptedDate": "2010-03-10 17:38:28", "calendarYear": "2009", "period": "FY", "revenue": 15912000000, "costOfRevenue": 1408000000, "grossProfit": 14504000000, "grossProfitRatio": 0.9115133233, "researchAndDevelopmentExpenses": 0, "generalAndAdministrativeExpenses": 4119000000, "sellingAndMarketingExpenses": 233000000, "sellingGeneralAndAdministrativeExpenses": 4352000000, "otherExpenses": 577000000, "operatingExpenses": 233000000, "costAndExpenses": 1641000000, "interestIncome": 12086000000, "interestExpense": 3003000000, "depreciationAndAmortization": 978000000, "ebitda": 7295000000, "ebitdaratio": 0.4584590246, "operatingIncome": 14587000000, "operatingIncomeRatio": 0.9167295123, "totalOtherIncomeExpensesNet": -14631000000, "incomeBeforeTax": 3225000000, "incomeBeforeTaxRatio": 0.2026772247, "incomeTaxExpense": 867000000, "netIncome": 2447000000, "netIncomeRatio": 0.1537833082, "eps": 4.4, "epsdiluted": 4.36, "weightedAverageShsOut": 454000000, "weightedAverageShsOutDil": 455000000, "link": "https://www.sec.gov/Archives/edgar/data/713676/000119312510052794/0001193125-10-052794-index.htm", "finalLink": "https://www.sec.gov/Archives/edgar/data/713676/000119312510052794/d10k.htm", "calculatedOtherExpenses": -4435000000, "calculatedOperatingExpenses": -83000000, "calculatedNetInterest": 9083000000, "calculatedOtherIncome": -20445000000, "calculatedIncomeNonControlling": -89000000, "calculatedEbitda": 15565000000}, {"date": "2008-12-31", "symbol": "PNC", "reportedCurrency": "USD", "cik": "0000713676", "fillingDate": "2009-03-02", "acceptedDate": "2009-03-02 16:04:51", "calendarYear": "2008", "period": "FY", "revenue": 7015000000, "costOfRevenue": 727000000, "grossProfit": 6288000000, "grossProfitRatio": 0.8963649323, "researchAndDevelopmentExpenses": 0, "generalAndAdministrativeExpenses": 2154000000, "sellingAndMarketingExpenses": 125000000, "sellingGeneralAndAdministrativeExpenses": 2279000000, "otherExpenses": 0, "operatingExpenses": 125000000, "costAndExpenses": 852000000, "interestIncome": 6313000000, "interestExpense": 2490000000, "depreciationAndAmortization": 325000000, "ebitda": 4058000000, "ebitdaratio": 0.5784746971, "operatingIncome": 6338000000, "operatingIncomeRatio": 0.903492516, "totalOtherIncomeExpensesNet": -5456000000, "incomeBeforeTax": 1243000000, "incomeBeforeTaxRatio": 0.177191732, "incomeTaxExpense": 361000000, "netIncome": 882000000, "netIncomeRatio": 0.1257305773, "eps": 2.5, "epsdiluted": 2.46, "weightedAverageShsOut": 344000000, "weightedAverageShsOutDil": 347000000, "link": "https://www.sec.gov/Archives/edgar/data/713676/000119312509042518/0001193125-09-042518-index.htm", "finalLink": "https://www.sec.gov/Archives/edgar/data/713676/000119312509042518/d10k.htm", "calculatedOtherExpenses": -2329000000, "calculatedOperatingExpenses": -50000000, "calculatedNetInterest": 3823000000, "calculatedOtherIncome": -8918000000, "calculatedIncomeNonControlling": 0, "calculatedEbitda": 6663000000}, {"date": "2007-12-31", "symbol": "PNC", "reportedCurrency": "USD", "cik": "0000713676", "fillingDate": "2008-02-29", "acceptedDate": "2008-02-29 14:33:37", "calendarYear": "2007", "period": "FY", "revenue": 6832000000, "costOfRevenue": 0, "grossProfit": 6832000000, "grossProfitRatio": 1, "researchAndDevelopmentExpenses": 0, "generalAndAdministrativeExpenses": 2140000000, "sellingAndMarketingExpenses": 115000000, "sellingGeneralAndAdministrativeExpenses": 2255000000, "otherExpenses": 0, "operatingExpenses": 1965000000, "costAndExpenses": 1965000000, "interestIncome": 6166000000, "interestExpense": 3251000000, "depreciationAndAmortization": 332000000, "ebitda": 5677000000, "ebitdaratio": 0.830942623, "operatingIncome": 5345000000, "operatingIncomeRatio": 0.7823477752, "totalOtherIncomeExpensesNet": -3251000000, "incomeBeforeTax": 2094000000, "incomeBeforeTaxRatio": 0.306498829, "incomeTaxExpense": 627000000, "netIncome": 1467000000, "netIncomeRatio": 0.2147248244, "eps": 4.43, "epsdiluted": 4.35, "weightedAverageShsOut": 331000000, "weightedAverageShsOutDil": 335000000, "link": "https://www.sec.gov/Archives/edgar/data/713676/000119312508043429/0001193125-08-043429-index.htm", "finalLink": "https://www.sec.gov/Archives/edgar/data/713676/000119312508043429/d10k.htm", "calculatedOtherExpenses": -768000000, "calculatedOperatingExpenses": 1487000000, "calculatedNetInterest": 2915000000, "calculatedOtherIncome": -6166000000, "calculatedIncomeNonControlling": 0, "calculatedEbitda": 5677000000}, {"date": "2006-12-31", "symbol": "PNC", "reportedCurrency": "USD", "cik": "0000713676", "fillingDate": "2007-03-01", "acceptedDate": "2007-03-01 12:07:50", "calendarYear": "2006", "period": "FY", "revenue": 6506000000, "costOfRevenue": 0, "grossProfit": 6506000000, "grossProfitRatio": 1, "researchAndDevelopmentExpenses": 0, "generalAndAdministrativeExpenses": 2432000000, "sellingAndMarketingExpenses": 104000000, "sellingGeneralAndAdministrativeExpenses": 2536000000, "otherExpenses": 0, "operatingExpenses": 2232000000, "costAndExpenses": 2232000000, "interestIncome": 4612000000, "interestExpense": 2367000000, "depreciationAndAmortization": 345000000, "ebitda": 6670000000, "ebitdaratio": 1.0252075008, "operatingIncome": 6325000000, "operatingIncomeRatio": 0.9721795266, "totalOtherIncomeExpensesNet": -2320000000, "incomeBeforeTax": 4005000000, "incomeBeforeTaxRatio": 0.6155856133, "incomeTaxExpense": 1363000000, "netIncome": 2595000000, "netIncomeRatio": 0.3988625884, "eps": 8.89, "epsdiluted": 8.73, "weightedAverageShsOut": 292000000, "weightedAverageShsOutDil": 297000000, "link": "https://www.sec.gov/Archives/edgar/data/713676/000119312507043840/0001193125-07-043840-index.htm", "finalLink": "https://www.sec.gov/Archives/edgar/data/713676/000119312507043840/d10k.htm", "calculatedOtherExpenses": -2355000000, "calculatedOperatingExpenses": 181000000, "calculatedNetInterest": 2245000000, "calculatedOtherIncome": -4565000000, "calculatedIncomeNonControlling": 47000000, "calculatedEbitda": 6670000000}, {"date": "2005-12-31", "symbol": "PNC", "reportedCurrency": "USD", "cik": "0000713676", "fillingDate": "2006-03-15", "acceptedDate": "2006-03-15 11:46:36", "calendarYear": "2005", "period": "FY", "revenue": 6316000000, "costOfRevenue": 0, "grossProfit": 6316000000, "grossProfitRatio": 1, "researchAndDevelopmentExpenses": 0, "generalAndAdministrativeExpenses": 2393000000, "sellingAndMarketingExpenses": 106000000, "sellingGeneralAndAdministrativeExpenses": 2499000000, "otherExpenses": 0, "operatingExpenses": 2167000000, "costAndExpenses": 2167000000, "interestIncome": 3734000000, "interestExpense": 1580000000, "depreciationAndAmortization": 375000000, "ebitda": 3884000000, "ebitdaratio": 0.6149461685, "operatingIncome": 3509000000, "operatingIncomeRatio": 0.5555731476, "totalOtherIncomeExpensesNet": -1580000000, "incomeBeforeTax": 1929000000, "incomeBeforeTaxRatio": 0.3054148195, "incomeTaxExpense": 604000000, "netIncome": 1325000000, "netIncomeRatio": 0.2097846738, "eps": 4.63, "epsdiluted": 4.55, "weightedAverageShsOut": 286000000, "weightedAverageShsOutDil": 290000000, "link": "https://www.sec.gov/Archives/edgar/data/713676/000119312506054637/0001193125-06-054637-index.htm", "finalLink": "https://www.sec.gov/Archives/edgar/data/713676/000119312506054637/d10k.htm", "calculatedOtherExpenses": 308000000, "calculatedOperatingExpenses": 2807000000, "calculatedNetInterest": 2154000000, "calculatedOtherIncome": -3734000000, "calculatedIncomeNonControlling": 0, "calculatedEbitda": 3884000000}, {"date": "2004-12-31", "symbol": "PNC", "reportedCurrency": "USD", "cik": "0000713676", "fillingDate": "2005-03-16", "acceptedDate": "2005-03-16 11:13:58", "calendarYear": "2004", "period": "FY", "revenue": 5532000000, "costOfRevenue": 0, "grossProfit": 5532000000, "grossProfitRatio": 1, "researchAndDevelopmentExpenses": 0, "generalAndAdministrativeExpenses": 2064000000, "sellingAndMarketingExpenses": 87000000, "sellingGeneralAndAdministrativeExpenses": 2151000000, "otherExpenses": 0, "operatingExpenses": 1842000000, "costAndExpenses": 1842000000, "interestIncome": 2752000000, "interestExpense": 783000000, "depreciationAndAmortization": 302000000, "ebitda": 2820000000, "ebitdaratio": 0.5097613883, "operatingIncome": 1197000000, "operatingIncomeRatio": 0.2163774403, "totalOtherIncomeExpensesNet": 538000000, "incomeBeforeTax": 1735000000, "incomeBeforeTaxRatio": 0.3136297903, "incomeTaxExpense": 538000000, "netIncome": 1197000000, "netIncomeRatio": 0.2163774403, "eps": 4.25, "epsdiluted": 4.21, "weightedAverageShsOut": 281000000, "weightedAverageShsOutDil": 284000000, "link": "https://www.sec.gov/Archives/edgar/data/713676/000119312505052209/0001193125-05-052209-index.htm", "finalLink": "https://www.sec.gov/Archives/edgar/data/713676/000119312505052209/d10k.htm", "calculatedOtherExpenses": 2184000000, "calculatedOperatingExpenses": 4335000000, "calculatedNetInterest": 1969000000, "calculatedOtherIncome": -1431000000, "calculatedIncomeNonControlling": 0, "calculatedEbitda": 1499000000}, {"date": "2003-12-31", "symbol": "PNC", "reportedCurrency": "USD", "cik": "0000713676", "fillingDate": "2004-03-12", "acceptedDate": "2004-03-12 14:38:03", "calendarYear": "2003", "period": "FY", "revenue": 5253000000, "costOfRevenue": 0, "grossProfit": 5253000000, "grossProfitRatio": 1, "researchAndDevelopmentExpenses": 0, "generalAndAdministrativeExpenses": 1804000000, "sellingAndMarketingExpenses": 64000000, "sellingGeneralAndAdministrativeExpenses": 1868000000, "otherExpenses": 0, "operatingExpenses": 64000000, "costAndExpenses": 64000000, "interestIncome": 2712000000, "interestExpense": 716000000, "depreciationAndAmortization": 289000000, "ebitda": 2545000000, "ebitdaratio": 0.4844850562, "operatingIncome": 1029000000, "operatingIncomeRatio": 0.195888064, "totalOtherIncomeExpensesNet": -28000000, "incomeBeforeTax": 1568000000, "incomeBeforeTaxRatio": 0.2984960975, "incomeTaxExpense": 539000000, "netIncome": 1001000000, "netIncomeRatio": 0.1905577765, "eps": 3.58, "epsdiluted": 3.55, "weightedAverageShsOut": 280000000, "weightedAverageShsOutDil": 281000000, "link": "https://www.sec.gov/Archives/edgar/data/713676/000119312504040348/0001193125-04-040348-index.htm", "finalLink": "https://www.sec.gov/Archives/edgar/data/713676/000119312504040348/d10k.htm", "calculatedOtherExpenses": 2356000000, "calculatedOperatingExpenses": 4224000000, "calculatedNetInterest": 1996000000, "calculatedOtherIncome": -1457000000, "calculatedIncomeNonControlling": 28000000, "calculatedEbitda": 1318000000}, {"date": "2002-12-31", "symbol": "PNC", "reportedCurrency": "USD", "cik": "0000713676", "fillingDate": "2003-03-13", "acceptedDate": "2003-03-13 16:01:31", "calendarYear": "2002", "period": "FY", "revenue": 5394000000, "costOfRevenue": 0, "grossProfit": 5394000000, "grossProfitRatio": 1, "researchAndDevelopmentExpenses": 0, "generalAndAdministrativeExpenses": 1701000000, "sellingAndMarketingExpenses": 51000000, "sellingGeneralAndAdministrativeExpenses": 1752000000, "otherExpenses": -4366000000, "operatingExpenses": -2614000000, "costAndExpenses": -2614000000, "interestIncome": 3172000000, "interestExpense": 975000000, "depreciationAndAmortization": 242000000, "ebitda": 3022000000, "ebitdaratio": 0.560252132, "operatingIncome": 2780000000, "operatingIncomeRatio": 0.5153874676, "totalOtherIncomeExpensesNet": -959000000, "incomeBeforeTax": 1821000000, "incomeBeforeTaxRatio": 0.3375973304, "incomeTaxExpense": 621000000, "netIncome": 1184000000, "netIncomeRatio": 0.2195031516, "eps": 4.18, "epsdiluted": 4.15, "weightedAverageShsOut": 283000000, "weightedAverageShsOutDil": 285000000, "link": "https://www.sec.gov/Archives/edgar/data/713676/000095012803000346/0000950128-03-000346-index.htm", "finalLink": "https://www.sec.gov/Archives/edgar/data/713676/000095012803000346/j9925001e10vk.txt", "calculatedOtherExpenses": 862000000, "calculatedOperatingExpenses": 2614000000, "calculatedNetInterest": 2197000000, "calculatedOtherIncome": -3156000000, "calculatedIncomeNonControlling": 16000000, "calculatedEbitda": 3022000000}, {"date": "2001-12-31", "symbol": "PNC", "reportedCurrency": "USD", "cik": "0000713676", "fillingDate": "2002-03-29", "acceptedDate": "2002-03-29 00:00:00", "calendarYear": "2001", "period": "FY", "revenue": 4805000000, "costOfRevenue": 0, "grossProfit": 4805000000, "grossProfitRatio": 1, "researchAndDevelopmentExpenses": 0, "generalAndAdministrativeExpenses": 1667000000, "sellingAndMarketingExpenses": 57000000, "sellingGeneralAndAdministrativeExpenses": 1724000000, "otherExpenses": -4095000000, "operatingExpenses": -2371000000, "costAndExpenses": -2371000000, "interestIncome": 4137000000, "interestExpense": 1875000000, "depreciationAndAmortization": 260000000, "ebitda": 2694000000, "ebitdaratio": 0.5606659729, "operatingIncome": 2434000000, "operatingIncomeRatio": 0.5065556712, "totalOtherIncomeExpensesNet": -1870000000, "incomeBeforeTax": 564000000, "incomeBeforeTaxRatio": 0.1173777315, "incomeTaxExpense": 187000000, "netIncome": 372000000, "netIncomeRatio": 0.0774193548, "eps": 1.27, "epsdiluted": 1.26, "weightedAverageShsOut": 287000000, "weightedAverageShsOutDil": 290000000, "link": "https://www.sec.gov/Archives/edgar/data/713676/000095012802000329/0000950128-02-000329-index.htm", "finalLink": "https://www.sec.gov/Archives/edgar/data/713676/000095012802000329/j9348001e10-k405.txt", "calculatedOtherExpenses": 647000000, "calculatedOperatingExpenses": 2371000000, "calculatedNetInterest": 2262000000, "calculatedOtherIncome": -4132000000, "calculatedIncomeNonControlling": 5000000, "calculatedEbitda": 2694000000}, {"date": "2000-12-31", "symbol": "PNC", "reportedCurrency": "USD", "cik": "0000713676", "fillingDate": "2001-03-12", "acceptedDate": "2001-03-12 00:00:00", "calendarYear": "2000", "period": "FY", "revenue": 5055000000, "costOfRevenue": 0, "grossProfit": 5055000000, "grossProfitRatio": 1, "researchAndDevelopmentExpenses": 0, "generalAndAdministrativeExpenses": 1616000000, "sellingAndMarketingExpenses": 70000000, "sellingGeneralAndAdministrativeExpenses": 1686000000, "otherExpenses": -2260000000, "operatingExpenses": -574000000, "costAndExpenses": -574000000, "interestIncome": 4732000000, "interestExpense": 2568000000, "depreciationAndAmortization": 340000000, "ebitda": 4821000000, "ebitdaratio": 0.9537091988, "operatingIncome": 4481000000, "operatingIncomeRatio": 0.8864490603, "totalOtherIncomeExpensesNet": -2633000000, "incomeBeforeTax": 1848000000, "incomeBeforeTaxRatio": 0.365578635, "incomeTaxExpense": 634000000, "netIncome": 1279000000, "netIncomeRatio": 0.253016815, "eps": 4.35, "epsdiluted": 4.31, "weightedAverageShsOut": 290000000, "weightedAverageShsOutDil": 292800000, "link": "https://www.sec.gov/Archives/edgar/data/713676/000095012801000481/0000950128-01-000481-index.htm", "finalLink": "https://www.sec.gov/Archives/edgar/data/713676/000095012801000481/j8606301e10-k405.txt", "calculatedOtherExpenses": -1112000000, "calculatedOperatingExpenses": 574000000, "calculatedNetInterest": 2164000000, "calculatedOtherIncome": -4797000000, "calculatedIncomeNonControlling": -65000000, "calculatedEbitda": 4821000000}, {"date": "1999-12-31", "symbol": "PNC", "reportedCurrency": "USD", "cik": "0000713676", "fillingDate": "2000-03-27", "acceptedDate": "2000-03-27 00:00:00", "calendarYear": "1999", "period": "FY", "revenue": 5178000000, "costOfRevenue": 0, "grossProfit": 5178000000, "grossProfitRatio": 1, "researchAndDevelopmentExpenses": 0, "generalAndAdministrativeExpenses": 1535000000, "sellingAndMarketingExpenses": 75000000, "sellingGeneralAndAdministrativeExpenses": 1610000000, "otherExpenses": -2409000000, "operatingExpenses": -799000000, "costAndExpenses": -799000000, "interestIncome": 4921000000, "interestExpense": 2488000000, "depreciationAndAmortization": 327000000, "ebitda": 4706000000, "ebitdaratio": 0.9088451139, "operatingIncome": 4379000000, "operatingIncomeRatio": 0.8456933179, "totalOtherIncomeExpensesNet": -2488000000, "incomeBeforeTax": 1891000000, "incomeBeforeTaxRatio": 0.3651989185, "incomeTaxExpense": 627000000, "netIncome": 1264000000, "netIncomeRatio": 0.2441096949, "eps": 4.19, "epsdiluted": 4.15, "weightedAverageShsOut": 296900000, "weightedAverageShsOutDil": 300000000, "link": "https://www.sec.gov/Archives/edgar/data/713676/000095012800000575/0000950128-00-000575-index.htm", "finalLink": "https://www.sec.gov/Archives/edgar/data/713676/000095012800000575/", "calculatedOtherExpenses": -811000000, "calculatedOperatingExpenses": 799000000, "calculatedNetInterest": 2433000000, "calculatedOtherIncome": -4921000000, "calculatedIncomeNonControlling": 0, "calculatedEbitda": 4706000000}, {"date": "1998-12-31", "symbol": "PNC", "reportedCurrency": "USD", "cik": "0000713676", "fillingDate": "1999-03-25", "acceptedDate": "1999-03-25 00:00:00", "calendarYear": "1998", "period": "FY", "revenue": 5196000000, "costOfRevenue": 0, "grossProfit": 5196000000, "grossProfitRatio": 1, "researchAndDevelopmentExpenses": 0, "generalAndAdministrativeExpenses": 1416000000, "sellingAndMarketingExpenses": 96000000, "sellingGeneralAndAdministrativeExpenses": 1512000000, "otherExpenses": -2258000000, "operatingExpenses": -746000000, "costAndExpenses": -746000000, "interestIncome": 5313000000, "interestExpense": 2740000000, "depreciationAndAmortization": 632000000, "ebitda": 5082000000, "ebitdaratio": 0.9780600462, "operatingIncome": 4450000000, "operatingIncomeRatio": 0.8564280216, "totalOtherIncomeExpensesNet": -2740000000, "incomeBeforeTax": 1710000000, "incomeBeforeTaxRatio": 0.3290993072, "incomeTaxExpense": 595000000, "netIncome": 1115000000, "netIncomeRatio": 0.2145881447, "eps": 3.64, "epsdiluted": 3.6, "weightedAverageShsOut": 300800000, "weightedAverageShsOutDil": 305100000, "link": "https://www.sec.gov/Archives/edgar/data/713676/000095012899000612/0000950128-99-000612-index.htm", "finalLink": "https://www.sec.gov/Archives/edgar/data/713676/0000950128-99-000612.txt", "calculatedOtherExpenses": -766000000, "calculatedOperatingExpenses": 746000000, "calculatedNetInterest": 2573000000, "calculatedOtherIncome": -5313000000, "calculatedIncomeNonControlling": 0, "calculatedEbitda": 5082000000}, {"date": "1997-12-31", "symbol": "PNC", "reportedCurrency": "USD", "cik": "0000713676", "fillingDate": "1998-03-23", "acceptedDate": "1998-03-23 00:00:00", "calendarYear": "1997", "period": "FY", "revenue": 4303000000, "costOfRevenue": 0, "grossProfit": 4303000000, "grossProfitRatio": 1, "researchAndDevelopmentExpenses": 0, "generalAndAdministrativeExpenses": 1208000000, "sellingAndMarketingExpenses": 70000000, "sellingGeneralAndAdministrativeExpenses": 1208000000, "otherExpenses": -1337000000, "operatingExpenses": -129000000, "costAndExpenses": -129000000, "interestIncome": 5051000000, "interestExpense": 2556000000, "depreciationAndAmortization": 346000000, "ebitda": 4520000000, "ebitdaratio": 1.0504299326, "operatingIncome": 4174000000, "operatingIncomeRatio": 0.9700209156, "totalOtherIncomeExpensesNet": -2556000000, "incomeBeforeTax": 1618000000, "incomeBeforeTaxRatio": 0.3760167325, "incomeTaxExpense": 566000000, "netIncome": 1052000000, "netIncomeRatio": 0.2444805949, "eps": 3.33, "epsdiluted": 3.28, "weightedAverageShsOut": 310147000, "weightedAverageShsOutDil": 316221000, "link": "https://www.sec.gov/Archives/edgar/data/713676/000095012898000648/0000950128-98-000648-index.htm", "finalLink": "https://www.sec.gov/Archives/edgar/data/713676/000095012898000648/", "calculatedOtherExpenses": -1079000000, "calculatedOperatingExpenses": 129000000, "calculatedNetInterest": 2495000000, "calculatedOtherIncome": -5051000000, "calculatedIncomeNonControlling": 0, "calculatedEbitda": 4520000000}, {"date": "1996-12-31", "symbol": "PNC", "reportedCurrency": "USD", "cik": "0000713676", "fillingDate": "1997-03-21", "acceptedDate": "1997-03-21 00:00:00", "calendarYear": "1996", "period": "FY", "revenue": 3839000000, "costOfRevenue": 0, "grossProfit": 3839000000, "grossProfitRatio": 1, "researchAndDevelopmentExpenses": 0, "generalAndAdministrativeExpenses": 1110000000, "sellingAndMarketingExpenses": 63000000, "sellingGeneralAndAdministrativeExpenses": 1110000000, "otherExpenses": -928000000, "operatingExpenses": 182000000, "costAndExpenses": 182000000, "interestIncome": 4938000000, "interestExpense": 2494000000, "depreciationAndAmortization": 290000000, "ebitda": 4311000000, "ebitdaratio": 1.1229486846, "operatingIncome": 4021000000, "operatingIncomeRatio": 1.0474081792, "totalOtherIncomeExpensesNet": -2494000000, "incomeBeforeTax": 1527000000, "incomeBeforeTaxRatio": 0.3977598333, "incomeTaxExpense": 535000000, "netIncome": 992000000, "netIncomeRatio": 0.2584006252, "eps": 2.9, "epsdiluted": 2.87, "weightedAverageShsOut": 340245928, "weightedAverageShsOutDil": 345354469, "link": "https://www.sec.gov/Archives/edgar/data/713676/000095012897000649/0000950128-97-000649-index.htm", "finalLink": "https://www.sec.gov/Archives/edgar/data/713676/0000950128-97-000649.txt", "calculatedOtherExpenses": -1292000000, "calculatedOperatingExpenses": -182000000, "calculatedNetInterest": 2444000000, "calculatedOtherIncome": -4938000000, "calculatedIncomeNonControlling": 0, "calculatedEbitda": 4311000000}, {"date": "1995-12-31", "symbol": "PNC", "reportedCurrency": "USD", "cik": "0000713676", "fillingDate": "1996-03-27", "acceptedDate": "1996-03-27 00:00:00", "calendarYear": "1995", "period": "FY", "revenue": 3102300000, "costOfRevenue": 0, "grossProfit": 3102300000, "grossProfitRatio": 1, "researchAndDevelopmentExpenses": 0, "generalAndAdministrativeExpenses": 1065100000, "sellingAndMarketingExpenses": 0, "sellingGeneralAndAdministrativeExpenses": 1065100000, "otherExpenses": -532700000, "operatingExpenses": 532400000, "costAndExpenses": 532400000, "interestIncome": 5149500000, "interestExpense": 3007600000, "depreciationAndAmortization": 296000000, "ebitda": 3930700000, "ebitdaratio": 1.2670276891, "operatingIncome": 3634700000, "operatingIncomeRatio": 1.1716146085, "totalOtherIncomeExpensesNet": -3007600000, "incomeBeforeTax": 627100000, "incomeBeforeTaxRatio": 0.2021403475, "incomeTaxExpense": 219000000, "netIncome": 408100000, "netIncomeRatio": 0.1315475615, "eps": 1.19, "epsdiluted": 1.19, "weightedAverageShsOut": 339130000, "weightedAverageShsOutDil": 344920000, "link": "https://www.sec.gov/Archives/edgar/data/713676/000095012896000238/0000950128-96-000238-index.htm", "finalLink": "https://www.sec.gov/Archives/edgar/data/713676/0000950128-96-000238.txt", "calculatedOtherExpenses": -1597500000, "calculatedOperatingExpenses": -532400000, "calculatedNetInterest": 2141900000, "calculatedOtherIncome": -5149500000, "calculatedIncomeNonControlling": 0, "calculatedEbitda": 3930700000}, {"date": "1994-12-31", "symbol": "PNC", "reportedCurrency": "USD", "cik": "0000713676", "fillingDate": "1995-03-31", "acceptedDate": "1995-03-31 00:00:00", "calendarYear": "1994", "period": "FY", "revenue": 2732200000, "costOfRevenue": 0, "grossProfit": 2732200000, "grossProfitRatio": 1, "researchAndDevelopmentExpenses": 0, "generalAndAdministrativeExpenses": 835700000, "sellingAndMarketingExpenses": 0, "sellingGeneralAndAdministrativeExpenses": 835700000, "otherExpenses": -713300000, "operatingExpenses": 122400000, "costAndExpenses": 122400000, "interestIncome": 3861800000, "interestExpense": 1952200000, "depreciationAndAmortization": 246000000, "ebitda": 3100600000, "ebitdaratio": 1.1348363956, "operatingIncome": 2854600000, "operatingIncomeRatio": 1.044799063, "totalOtherIncomeExpensesNet": -1952200000, "incomeBeforeTax": 902400000, "incomeBeforeTaxRatio": 0.3302832882, "incomeTaxExpense": 292300000, "netIncome": 610100000, "netIncomeRatio": 0.2232999048, "eps": 2.57, "epsdiluted": 2.56, "weightedAverageShsOut": 236610000, "weightedAverageShsOutDil": 238450000, "link": "https://www.sec.gov/Archives/edgar/data/713676/000095012895000076/0000950128-95-000076-index.htm", "finalLink": "https://www.sec.gov/Archives/edgar/data/713676/0000950128-95-000076.txt", "calculatedOtherExpenses": -958100000, "calculatedOperatingExpenses": -122400000, "calculatedNetInterest": 1909600000, "calculatedOtherIncome": -3861800000, "calculatedIncomeNonControlling": 0, "calculatedEbitda": 3100600000}, {"date": "1993-12-31", "symbol": "PNC", "reportedCurrency": "USD", "cik": "0000713676", "fillingDate": "1994-06-29", "acceptedDate": "1994-06-29 00:00:00", "calendarYear": "1993", "period": "FY", "revenue": 2774200000, "costOfRevenue": 0, "grossProfit": 2774200000, "grossProfitRatio": 1, "researchAndDevelopmentExpenses": 0, "generalAndAdministrativeExpenses": 685400000, "sellingAndMarketingExpenses": 0, "sellingGeneralAndAdministrativeExpenses": 685400000, "otherExpenses": -990300000, "operatingExpenses": -304900000, "costAndExpenses": -304900000, "interestIncome": 3201100000, "interestExpense": 1372100000, "depreciationAndAmortization": 148000000, "ebitda": 2617300000, "ebitdaratio": 0.9434431548, "operatingIncome": 2469300000, "operatingIncomeRatio": 0.8900944416, "totalOtherIncomeExpensesNet": -1352700000, "incomeBeforeTax": 1116600000, "incomeBeforeTaxRatio": 0.4024944128, "incomeTaxExpense": 371300000, "netIncome": 725900000, "netIncomeRatio": 0.2616610194, "eps": 2.65, "epsdiluted": 2.6, "weightedAverageShsOut": 236386000, "weightedAverageShsOutDil": 238421000, "link": "https://www.sec.gov/Archives/edgar/data/713676/000095012894000116/0000950128-94-000116-index.htm", "finalLink": "https://www.sec.gov/Archives/edgar/data/713676/000095012894000116/", "calculatedOtherExpenses": -380500000, "calculatedOperatingExpenses": 304900000, "calculatedNetInterest": 1829000000, "calculatedOtherIncome": -3181700000, "calculatedIncomeNonControlling": 19400000, "calculatedEbitda": 2617300000}, {"date": "1992-12-31", "symbol": "PNC", "reportedCurrency": "USD", "cik": "0000713676", "fillingDate": "1992-12-31", "acceptedDate": "1992-12-30 19:00:00", "calendarYear": "1992", "period": "FY", "revenue": 2544100000, "costOfRevenue": 0, "grossProfit": 2544100000, "grossProfitRatio": 1, "researchAndDevelopmentExpenses": 0, "generalAndAdministrativeExpenses": 668400000, "sellingAndMarketingExpenses": 0, "sellingGeneralAndAdministrativeExpenses": 668400000, "otherExpenses": -975200000, "operatingExpenses": -306800000, "costAndExpenses": -306800000, "interestIncome": 3219000000, "interestExpense": 1561700000, "depreciationAndAmortization": 137000000, "ebitda": 2374300000, "ebitdaratio": 0.9332573405, "operatingIncome": 2237300000, "operatingIncomeRatio": 0.879407256, "totalOtherIncomeExpensesNet": -1459200000, "incomeBeforeTax": 778100000, "incomeBeforeTaxRatio": 0.305844896, "incomeTaxExpense": 248700000, "netIncome": 426900000, "netIncomeRatio": 0.1678000079, "eps": 1.9, "epsdiluted": 1.89, "weightedAverageShsOut": 223052632, "weightedAverageShsOutDil": 224232804, "link": "", "finalLink": "", "calculatedOtherExpenses": -361600000, "calculatedOperatingExpenses": 306800000, "calculatedNetInterest": 1657300000, "calculatedOtherIncome": -3116500000, "calculatedIncomeNonControlling": 102500000, "calculatedEbitda": 2374300000}, {"date": "1991-12-31", "symbol": "PNC", "reportedCurrency": "USD", "cik": "0000713676", "fillingDate": "1991-12-31", "acceptedDate": "1991-12-30 19:00:00", "calendarYear": "1991", "period": "FY", "revenue": 2247200000, "costOfRevenue": 0, "grossProfit": 2247200000, "grossProfitRatio": 1, "researchAndDevelopmentExpenses": 0, "generalAndAdministrativeExpenses": 598700000, "sellingAndMarketingExpenses": 0, "sellingGeneralAndAdministrativeExpenses": 598700000, "otherExpenses": -75400000, "operatingExpenses": 523300000, "costAndExpenses": 523300000, "interestIncome": 3657500000, "interestExpense": 2222300000, "depreciationAndAmortization": 71500000, "ebitda": 2842000000, "ebitdaratio": 1.2646849413, "operatingIncome": 2770500000, "operatingIncomeRatio": 1.2328675685, "totalOtherIncomeExpensesNet": -2222300000, "incomeBeforeTax": 548200000, "incomeBeforeTaxRatio": 0.2439480242, "incomeTaxExpense": 158400000, "netIncome": 389800000, "netIncomeRatio": 0.1734603062, "eps": 1.98, "epsdiluted": 1.95, "weightedAverageShsOut": 195202020, "weightedAverageShsOutDil": 198205128, "link": "", "finalLink": "", "calculatedOtherExpenses": -1122000000, "calculatedOperatingExpenses": -523300000, "calculatedNetInterest": 1435200000, "calculatedOtherIncome": -3657500000, "calculatedIncomeNonControlling": 0, "calculatedEbitda": 2842000000}, {"date": "1990-12-31", "symbol": "PNC", "reportedCurrency": "USD", "cik": "0000713676", "fillingDate": "1990-12-31", "acceptedDate": "1990-12-30 19:00:00", "calendarYear": "1990", "period": "FY", "revenue": 2005800000, "costOfRevenue": 0, "grossProfit": 2005800000, "grossProfitRatio": 1, "researchAndDevelopmentExpenses": 0, "generalAndAdministrativeExpenses": 564900000, "sellingAndMarketingExpenses": 0, "sellingGeneralAndAdministrativeExpenses": 564900000, "otherExpenses": 332800000, "operatingExpenses": 897700000, "costAndExpenses": 897700000, "interestIncome": 4223400000, "interestExpense": 2874100000, "depreciationAndAmortization": 85800000, "ebitda": 2989300000, "ebitdaratio": 1.4903280487, "operatingIncome": 2903500000, "operatingIncomeRatio": 1.4475520989, "totalOtherIncomeExpensesNet": -2874100000, "incomeBeforeTax": 29400000, "incomeBeforeTaxRatio": 0.0146574933, "incomeTaxExpense": -41500000, "netIncome": 70900000, "netIncomeRatio": 0.0353474923, "eps": 0.37, "epsdiluted": 0.37, "weightedAverageShsOut": 182162162, "weightedAverageShsOutDil": 182162162, "link": "", "finalLink": "", "calculatedOtherExpenses": -1462600000, "calculatedOperatingExpenses": -897700000, "calculatedNetInterest": 1349300000, "calculatedOtherIncome": -4223400000, "calculatedIncomeNonControlling": 0, "calculatedEbitda": 2989300000}, {"date": "1989-12-31", "symbol": "PNC", "reportedCurrency": "USD", "cik": "0000713676", "fillingDate": "1989-12-31", "acceptedDate": "1989-12-30 19:00:00", "calendarYear": "1989", "period": "FY", "revenue": 1886700000, "costOfRevenue": 0, "grossProfit": 1886700000, "grossProfitRatio": 1, "researchAndDevelopmentExpenses": 0, "generalAndAdministrativeExpenses": 538000000, "sellingAndMarketingExpenses": 0, "sellingGeneralAndAdministrativeExpenses": 538000000, "otherExpenses": 818900000, "operatingExpenses": 1356900000, "costAndExpenses": 1356900000, "interestIncome": 4064500000, "interestExpense": 2758400000, "depreciationAndAmortization": 70500000, "ebitda": 3314100000, "ebitdaratio": 1.7565590714, "operatingIncome": 3243600000, "operatingIncomeRatio": 1.7191922404, "totalOtherIncomeExpensesNet": -2758400000, "incomeBeforeTax": 485200000, "incomeBeforeTaxRatio": 0.2571686013, "incomeTaxExpense": 107800000, "netIncome": 377400000, "netIncomeRatio": 0.2000318016, "eps": 1.99, "epsdiluted": 1.96, "weightedAverageShsOut": 187236181, "weightedAverageShsOutDil": 190102041, "link": "", "finalLink": "", "calculatedOtherExpenses": -1894900000, "calculatedOperatingExpenses": -1356900000, "calculatedNetInterest": 1306100000, "calculatedOtherIncome": -4064500000, "calculatedIncomeNonControlling": 0, "calculatedEbitda": 3314100000}, {"date": "1988-12-31", "symbol": "PNC", "reportedCurrency": "USD", "cik": "0000713676", "fillingDate": "1988-12-31", "acceptedDate": "1988-12-30 19:00:00", "calendarYear": "1988", "period": "FY", "revenue": 0, "costOfRevenue": 0, "grossProfit": 0, "grossProfitRatio": 0, "researchAndDevelopmentExpenses": 0, "generalAndAdministrativeExpenses": 0, "sellingAndMarketingExpenses": 0, "sellingGeneralAndAdministrativeExpenses": 0, "otherExpenses": 442700000, "operatingExpenses": 442700000, "costAndExpenses": 442700000, "interestIncome": 0, "interestExpense": 0, "depreciationAndAmortization": 0, "ebitda": 442700000, "ebitdaratio": 0, "operatingIncome": 442700000, "operatingIncomeRatio": 0, "totalOtherIncomeExpensesNet": 0, "incomeBeforeTax": 0, "incomeBeforeTaxRatio": 0, "incomeTaxExpense": -442700000, "netIncome": 442700000, "netIncomeRatio": 0, "eps": 2.58, "epsdiluted": 2.51, "weightedAverageShsOut": 171372549, "weightedAverageShsOutDil": 176209677, "link": "", "finalLink": "", "calculatedOtherExpenses": -442700000, "calculatedOperatingExpenses": -442700000, "calculatedNetInterest": 0, "calculatedOtherIncome": -442700000, "calculatedIncomeNonControlling": 0, "calculatedEbitda": 442700000}, {"date": "1987-12-31", "symbol": "PNC", "reportedCurrency": "USD", "cik": "0000713676", "fillingDate": "1987-12-31", "acceptedDate": "1987-12-30 19:00:00", "calendarYear": "1987", "period": "FY", "revenue": 0, "costOfRevenue": 0, "grossProfit": 0, "grossProfitRatio": 0, "researchAndDevelopmentExpenses": 0, "generalAndAdministrativeExpenses": 0, "sellingAndMarketingExpenses": 0, "sellingGeneralAndAdministrativeExpenses": 0, "otherExpenses": 255700000, "operatingExpenses": 255700000, "costAndExpenses": 255700000, "interestIncome": 0, "interestExpense": 0, "depreciationAndAmortization": 0, "ebitda": 255700000, "ebitdaratio": 0, "operatingIncome": 255700000, "operatingIncomeRatio": 0, "totalOtherIncomeExpensesNet": 0, "incomeBeforeTax": 0, "incomeBeforeTaxRatio": 0, "incomeTaxExpense": -255700000, "netIncome": 255700000, "netIncomeRatio": 0, "eps": 1.54, "epsdiluted": 1.5, "weightedAverageShsOut": 166533333, "weightedAverageShsOutDil": 169931973, "link": "", "finalLink": "", "calculatedOtherExpenses": -255700000, "calculatedOperatingExpenses": -255700000, "calculatedNetInterest": 0, "calculatedOtherIncome": -255700000, "calculatedIncomeNonControlling": 0, "calculatedEbitda": 255700000}, {"date": "1986-12-31", "symbol": "PNC", "reportedCurrency": "USD", "cik": "0000713676", "fillingDate": "1986-12-31", "acceptedDate": "1986-12-30 19:00:00", "calendarYear": "1986", "period": "FY", "revenue": 0, "costOfRevenue": 0, "grossProfit": 0, "grossProfitRatio": 0, "researchAndDevelopmentExpenses": 0, "generalAndAdministrativeExpenses": 0, "sellingAndMarketingExpenses": 0, "sellingGeneralAndAdministrativeExpenses": 0, "otherExpenses": 237400000, "operatingExpenses": 237400000, "costAndExpenses": 237400000, "interestIncome": 0, "interestExpense": 0, "depreciationAndAmortization": 0, "ebitda": 237400000, "ebitdaratio": 0, "operatingIncome": 237400000, "operatingIncomeRatio": 0, "totalOtherIncomeExpensesNet": 0, "incomeBeforeTax": 0, "incomeBeforeTaxRatio": 0, "incomeTaxExpense": -237400000, "netIncome": 237400000, "netIncomeRatio": 0, "eps": 1.47, "epsdiluted": 1.47, "weightedAverageShsOut": 161722000, "weightedAverageShsOutDil": 161722000, "link": "", "finalLink": "", "calculatedOtherExpenses": -237400000, "calculatedOperatingExpenses": -237400000, "calculatedNetInterest": 0, "calculatedOtherIncome": -237400000, "calculatedIncomeNonControlling": 0, "calculatedEbitda": 237400000}, {"date": "1985-12-31", "symbol": "PNC", "reportedCurrency": "USD", "cik": "0000713676", "fillingDate": "1985-12-31", "acceptedDate": "1985-12-30 19:00:00", "calendarYear": "1985", "period": "FY", "revenue": 0, "costOfRevenue": 0, "grossProfit": 0, "grossProfitRatio": 0, "researchAndDevelopmentExpenses": 0, "generalAndAdministrativeExpenses": 0, "sellingAndMarketingExpenses": 0, "sellingGeneralAndAdministrativeExpenses": 0, "otherExpenses": 187800000, "operatingExpenses": 187800000, "costAndExpenses": 187800000, "interestIncome": 0, "interestExpense": 0, "depreciationAndAmortization": 0, "ebitda": 187800000, "ebitdaratio": 0, "operatingIncome": 187800000, "operatingIncomeRatio": 0, "totalOtherIncomeExpensesNet": 0, "incomeBeforeTax": 0, "incomeBeforeTaxRatio": 0, "incomeTaxExpense": -187800000, "netIncome": 187800000, "netIncomeRatio": 0, "eps": 2.01, "epsdiluted": 1.88, "weightedAverageShsOut": 93608247, "weightedAverageShsOutDil": 99780220, "link": "", "finalLink": "", "calculatedOtherExpenses": -187800000, "calculatedOperatingExpenses": -187800000, "calculatedNetInterest": 0, "calculatedOtherIncome": -187800000, "calculatedIncomeNonControlling": 0, "calculatedEbitda": 187800000}]}