{"originalCurrency": "USD", "convertedCurrency": "USD", "report": [{"date": "2023-12-31", "symbol": "PNFP", "reportedCurrency": "USD", "cik": "0001115055", "fillingDate": "2024-02-26", "acceptedDate": "2024-02-26 17:05:42", "calendarYear": "2023", "period": "FY", "revenue": 2615164000, "costOfRevenue": 308000, "grossProfit": 2614856000, "grossProfitRatio": 0.9998822254, "researchAndDevelopmentExpenses": 0, "generalAndAdministrativeExpenses": 563640000, "sellingAndMarketingExpenses": 23914000, "sellingGeneralAndAdministrativeExpenses": 587554000, "otherExpenses": -216646000, "operatingExpenses": 216646000, "costAndExpenses": 2072608000, "interestIncome": 2353368000, "interestExpense": 104388000, "depreciationAndAmortization": 40590000, "ebitda": 7090000, "ebitdaratio": 0.002711111, "operatingIncome": -33500000, "operatingIncomeRatio": -0.0128099041, "totalOtherIncomeExpensesNet": 714006000, "incomeBeforeTax": 714006000, "incomeBeforeTaxRatio": 0.2730253246, "incomeTaxExpense": 151854000, "netIncome": 562152000, "netIncomeRatio": 0.214958603, "eps": 7.2, "epsdiluted": 7.14, "weightedAverageShsOut": 76016370, "weightedAverageShsOutDil": 76647543, "link": "https://www.sec.gov/Archives/edgar/data/1115055/000111505524000029/0001115055-24-000029-index.htm", "finalLink": "https://www.sec.gov/Archives/edgar/data/1115055/000111505524000029/pnfp-20231231.htm", "calculatedOtherExpenses": 2060802000, "calculatedOperatingExpenses": 2648356000, "calculatedNetInterest": 2248980000, "calculatedOtherIncome": -1501474000, "calculatedIncomeNonControlling": 0, "calculatedEbitda": 7090000}, {"date": "2022-12-31", "symbol": "PNFP", "reportedCurrency": "USD", "cik": "0001115055", "fillingDate": "2023-02-28", "acceptedDate": "2023-02-28 16:40:59", "calendarYear": "2022", "period": "FY", "revenue": 1399951000, "costOfRevenue": 0, "grossProfit": 1399951000, "grossProfitRatio": 1, "researchAndDevelopmentExpenses": 0, "generalAndAdministrativeExpenses": 510175000, "sellingAndMarketingExpenses": 21073000, "sellingGeneralAndAdministrativeExpenses": 531248000, "otherExpenses": -520343000, "operatingExpenses": 21073000, "costAndExpenses": 21073000, "interestIncome": 1373935000, "interestExpense": 244642000, "depreciationAndAmortization": 7810000, "ebitda": 949945000, "ebitdaratio": 0.6785558923, "operatingIncome": 942135000, "operatingIncomeRatio": 0.6729771256, "totalOtherIncomeExpensesNet": -244642000, "incomeBeforeTax": 697493000, "incomeBeforeTaxRatio": 0.4982267236, "incomeTaxExpense": 136751000, "netIncome": 560742000, "netIncomeRatio": 0.400544019, "eps": 7.2, "epsdiluted": 7.17, "weightedAverageShsOut": 75735404, "weightedAverageShsOutDil": 76133865, "link": "https://www.sec.gov/Archives/edgar/data/1115055/000111505523000013/0001115055-23-000013-index.htm", "finalLink": "https://www.sec.gov/Archives/edgar/data/1115055/000111505523000013/pnfp-20221231.htm", "calculatedOtherExpenses": -73432000, "calculatedOperatingExpenses": 457816000, "calculatedNetInterest": 1129293000, "calculatedOtherIncome": -1373935000, "calculatedIncomeNonControlling": 0, "calculatedEbitda": 949945000}, {"date": "2021-12-31", "symbol": "PNFP", "reportedCurrency": "USD", "cik": "0001115055", "fillingDate": "2022-02-28", "acceptedDate": "2022-02-28 15:43:01", "calendarYear": "2021", "period": "FY", "revenue": 1205861000, "costOfRevenue": 0, "grossProfit": 1205861000, "grossProfitRatio": 1, "researchAndDevelopmentExpenses": 0, "generalAndAdministrativeExpenses": 436006000, "sellingAndMarketingExpenses": 12888000, "sellingGeneralAndAdministrativeExpenses": 448894000, "otherExpenses": -1002850000, "operatingExpenses": -553956000, "costAndExpenses": -553956000, "interestIncome": 1031214000, "interestExpense": 98813000, "depreciationAndAmortization": 8518000, "ebitda": 660423000, "ebitdaratio": 0.5476775516, "operatingIncome": 651905000, "operatingIncomeRatio": 0.5406137192, "totalOtherIncomeExpensesNet": 651905000, "incomeBeforeTax": 651905000, "incomeBeforeTaxRatio": 0.5406137192, "incomeTaxExpense": 124582000, "netIncome": 527323000, "netIncomeRatio": 0.4372999873, "eps": 6.79, "epsdiluted": 6.75, "weightedAverageShsOut": 75468339, "weightedAverageShsOutDil": 75927147, "link": "https://www.sec.gov/Archives/edgar/data/1115055/000111505522000013/0001115055-22-000013-index.htm", "finalLink": "https://www.sec.gov/Archives/edgar/data/1115055/000111505522000013/pnfp-20211231.htm", "calculatedOtherExpenses": 105062000, "calculatedOperatingExpenses": 553956000, "calculatedNetInterest": 932401000, "calculatedOtherIncome": -932401000, "calculatedIncomeNonControlling": 0, "calculatedEbitda": 660423000}, {"date": "2020-12-31", "symbol": "PNFP", "reportedCurrency": "USD", "cik": "0001115055", "fillingDate": "2021-02-26", "acceptedDate": "2021-02-26 14:21:45", "calendarYear": "2020", "period": "FY", "revenue": 1056089000, "costOfRevenue": 0, "grossProfit": 1056089000, "grossProfitRatio": 1, "researchAndDevelopmentExpenses": 0, "generalAndAdministrativeExpenses": 334483000, "sellingAndMarketingExpenses": 10693000, "sellingGeneralAndAdministrativeExpenses": 345176000, "otherExpenses": -1029907000, "operatingExpenses": -684731000, "costAndExpenses": -684731000, "interestIncome": 1021042000, "interestExpense": 199254000, "depreciationAndAmortization": 9793000, "ebitda": 381151000, "ebitdaratio": 0.3609080295, "operatingIncome": 371358000, "operatingIncomeRatio": 0.3516351368, "totalOtherIncomeExpensesNet": 371358000, "incomeBeforeTax": 371358000, "incomeBeforeTaxRatio": 0.3516351368, "incomeTaxExpense": 59037000, "netIncome": 312321000, "netIncomeRatio": 0.2957335982, "eps": 4.04, "epsdiluted": 4.03, "weightedAverageShsOut": 75376489, "weightedAverageShsOutDil": 75654385, "link": "https://www.sec.gov/Archives/edgar/data/1115055/000111505521000013/0001115055-21-000013-index.htm", "finalLink": "https://www.sec.gov/Archives/edgar/data/1115055/000111505521000013/pnfp-20201231.htm", "calculatedOtherExpenses": 339555000, "calculatedOperatingExpenses": 684731000, "calculatedNetInterest": 821788000, "calculatedOtherIncome": -821788000, "calculatedIncomeNonControlling": 0, "calculatedEbitda": 381151000}, {"date": "2019-12-31", "symbol": "PNFP", "reportedCurrency": "USD", "cik": "0001115055", "fillingDate": "2020-02-25", "acceptedDate": "2020-02-25 16:54:19", "calendarYear": "2019", "period": "FY", "revenue": 939857000, "costOfRevenue": 0, "grossProfit": 939857000, "grossProfitRatio": 1, "researchAndDevelopmentExpenses": 0, "generalAndAdministrativeExpenses": 313359000, "sellingAndMarketingExpenses": 13251000, "sellingGeneralAndAdministrativeExpenses": 326610000, "otherExpenses": -768930000, "operatingExpenses": -442320000, "costAndExpenses": -442320000, "interestIncome": 1067936000, "interestExpense": 301794000, "depreciationAndAmortization": 9908000, "ebitda": 507445000, "ebitdaratio": 0.5399172427, "operatingIncome": 497537000, "operatingIncomeRatio": 0.5293752135, "totalOtherIncomeExpensesNet": 497537000, "incomeBeforeTax": 497537000, "incomeBeforeTaxRatio": 0.5293752135, "incomeTaxExpense": 96656000, "netIncome": 400881000, "netIncomeRatio": 0.4265340366, "eps": 5.25, "epsdiluted": 5.22, "weightedAverageShsOut": 76364303, "weightedAverageShsOutDil": 76763903, "link": "https://www.sec.gov/Archives/edgar/data/1115055/000111505520000018/0001115055-20-000018-index.htm", "finalLink": "https://www.sec.gov/Archives/edgar/data/1115055/000111505520000018/pnfp-20191231.htm", "calculatedOtherExpenses": 115710000, "calculatedOperatingExpenses": 442320000, "calculatedNetInterest": 766142000, "calculatedOtherIncome": -766142000, "calculatedIncomeNonControlling": 0, "calculatedEbitda": 507445000}, {"date": "2018-12-31", "symbol": "PNFP", "reportedCurrency": "USD", "cik": "0001115055", "fillingDate": "2019-02-28", "acceptedDate": "2019-02-28 16:15:59", "calendarYear": "2018", "period": "FY", "revenue": 885990000, "costOfRevenue": 44053000, "grossProfit": 841937000, "grossProfitRatio": 0.9502782198, "researchAndDevelopmentExpenses": 0, "generalAndAdministrativeExpenses": 271673000, "sellingAndMarketingExpenses": 11712000, "sellingGeneralAndAdministrativeExpenses": 283385000, "otherExpenses": -488850000, "operatingExpenses": -181614000, "costAndExpenses": -181614000, "interestIncome": 946717000, "interestExpense": 210375000, "depreciationAndAmortization": 10549000, "ebitda": 636719000, "ebitdaratio": 0.7186525807, "operatingIncome": 660323000, "operatingIncomeRatio": 0.7452939649, "totalOtherIncomeExpensesNet": -210375000, "incomeBeforeTax": 449948000, "incomeBeforeTaxRatio": 0.5078477184, "incomeTaxExpense": 90508000, "netIncome": 359440000, "netIncomeRatio": 0.4056930665, "eps": 4.66, "epsdiluted": 4.64, "weightedAverageShsOut": 77111372, "weightedAverageShsOutDil": 77449917, "link": "https://www.sec.gov/Archives/edgar/data/1115055/000111505519000011/0001115055-19-000011-index.htm", "finalLink": "https://www.sec.gov/Archives/edgar/data/1115055/000111505519000011/pnfp1231201810k.htm", "calculatedOtherExpenses": -101771000, "calculatedOperatingExpenses": 181614000, "calculatedNetInterest": 736342000, "calculatedOtherIncome": -946717000, "calculatedIncomeNonControlling": 0, "calculatedEbitda": 670872000}, {"date": "2017-12-31", "symbol": "PNFP", "reportedCurrency": "USD", "cik": "0001115055", "fillingDate": "2018-02-28", "acceptedDate": "2018-02-28 14:51:30", "calendarYear": "2017", "period": "FY", "revenue": 650252134, "costOfRevenue": 30200416, "grossProfit": 620051718, "grossProfitRatio": 0.9535558372, "researchAndDevelopmentExpenses": 0, "generalAndAdministrativeExpenses": 209661812, "sellingAndMarketingExpenses": 8321073, "sellingGeneralAndAdministrativeExpenses": 217982885, "otherExpenses": -69883400, "operatingExpenses": 8321073000, "costAndExpenses": 8351273416, "interestIncome": 636138249, "interestExpense": 92831238, "depreciationAndAmortization": 8815609, "ebitda": 367198787, "ebitdaratio": 0.5647021637, "operatingIncome": 358383178, "operatingIncomeRatio": 0.5511449471, "totalOtherIncomeExpensesNet": -60397155, "incomeBeforeTax": 297986023, "incomeBeforeTaxRatio": 0.4582622762, "incomeTaxExpense": 124006536, "netIncome": 173979487, "netIncomeRatio": 0.2675569643, "eps": 2.73, "epsdiluted": 2.7, "weightedAverageShsOut": 63760578, "weightedAverageShsOutDil": 64328189, "link": "https://www.sec.gov/Archives/edgar/data/1115055/000111505518000012/0001115055-18-000012-index.htm", "finalLink": "https://www.sec.gov/Archives/edgar/data/1115055/000111505518000012/pnfp1231201710k.htm", "calculatedOtherExpenses": 43685655, "calculatedOperatingExpenses": 261668540, "calculatedNetInterest": 543307011, "calculatedOtherIncome": -603704166, "calculatedIncomeNonControlling": 0, "calculatedEbitda": 367198787}, {"date": "2016-12-31", "symbol": "PNFP", "reportedCurrency": "USD", "cik": "0001115055", "fillingDate": "2017-02-27", "acceptedDate": "2017-02-27 16:53:29", "calendarYear": "2016", "period": "FY", "revenue": 414594420, "costOfRevenue": 21567938, "grossProfit": 393026482, "grossProfitRatio": 0.9479782241, "researchAndDevelopmentExpenses": 0, "generalAndAdministrativeExpenses": 140818772, "sellingAndMarketingExpenses": 6536484, "sellingGeneralAndAdministrativeExpenses": 147355256, "otherExpenses": -48252270, "operatingExpenses": 6536484000, "costAndExpenses": 6558051938, "interestIncome": 363608928, "interestExpense": 38614647, "depreciationAndAmortization": 4281459, "ebitda": 246993999, "ebitdaratio": 0.5957484884, "operatingIncome": 242712540, "operatingIncomeRatio": 0.5854216272, "totalOtherIncomeExpensesNet": -51328678, "incomeBeforeTax": 191383862, "incomeBeforeTaxRatio": 0.4616170715, "incomeTaxExpense": 64159167, "netIncome": 127224695, "netIncomeRatio": 0.3068654301, "eps": 2.96, "epsdiluted": 2.91, "weightedAverageShsOut": 43037083, "weightedAverageShsOutDil": 43731992, "link": "https://www.sec.gov/Archives/edgar/data/1115055/000111505517000018/0001115055-17-000018-index.htm", "finalLink": "https://www.sec.gov/Archives/edgar/data/1115055/000111505517000018/pinnacle10k2016.htm", "calculatedOtherExpenses": 2958686, "calculatedOperatingExpenses": 150313942, "calculatedNetInterest": 324994281, "calculatedOtherIncome": -376322959, "calculatedIncomeNonControlling": 0, "calculatedEbitda": 246993999}, {"date": "2015-12-31", "symbol": "PNFP", "reportedCurrency": "USD", "cik": "0001115055", "fillingDate": "2016-02-29", "acceptedDate": "2016-02-29 12:03:33", "calendarYear": "2015", "period": "FY", "revenue": 302571699, "costOfRevenue": 13739442, "grossProfit": 288832257, "grossProfitRatio": 0.9545911199, "researchAndDevelopmentExpenses": 0, "generalAndAdministrativeExpenses": 105928914, "sellingAndMarketingExpenses": 4863307, "sellingGeneralAndAdministrativeExpenses": 110792221, "otherExpenses": 0, "operatingExpenses": 4863307000, "costAndExpenses": 4877046442, "interestIncome": 255169880, "interestExpense": 18536965, "depreciationAndAmortization": 1973953, "ebitda": 171903471, "ebitdaratio": 0.5681412755, "operatingIncome": 169929518, "operatingIncomeRatio": 0.5616173573, "totalOtherIncomeExpensesNet": -26831588, "incomeBeforeTax": 143097930, "incomeBeforeTaxRatio": 0.4729389116, "incomeTaxExpense": 47588528, "netIncome": 95509402, "netIncomeRatio": 0.3156587424, "eps": 2.58, "epsdiluted": 2.52, "weightedAverageShsOut": 37015468, "weightedAverageShsOutDil": 37973788, "link": "https://www.sec.gov/Archives/edgar/data/1115055/000111505516000088/0001115055-16-000088-index.htm", "finalLink": "https://www.sec.gov/Archives/edgar/data/1115055/000111505516000088/pinnacle10k2015.htm", "calculatedOtherExpenses": 8110518, "calculatedOperatingExpenses": 118902739, "calculatedNetInterest": 236632915, "calculatedOtherIncome": -263464503, "calculatedIncomeNonControlling": 0, "calculatedEbitda": 171903471}, {"date": "2014-12-31", "symbol": "PNFP", "reportedCurrency": "USD", "cik": "0001115055", "fillingDate": "2015-02-25", "acceptedDate": "2015-02-25 17:07:45", "calendarYear": "2014", "period": "FY", "revenue": 245587027, "costOfRevenue": 9634323, "grossProfit": 235952704, "grossProfitRatio": 0.9607702283, "researchAndDevelopmentExpenses": 0, "generalAndAdministrativeExpenses": 88319567, "sellingAndMarketingExpenses": 4127949, "sellingGeneralAndAdministrativeExpenses": 92447516, "otherExpenses": 0, "operatingExpenses": 4127949000, "costAndExpenses": 4137583323, "interestIncome": 206169962, "interestExpense": 13185413, "depreciationAndAmortization": 947678, "ebitda": 128120294, "ebitdaratio": 0.5216899914, "operatingIncome": 127172616, "operatingIncomeRatio": 0.5178311638, "totalOtherIncomeExpensesNet": -21519932, "incomeBeforeTax": 105652684, "incomeBeforeTaxRatio": 0.4302046622, "incomeTaxExpense": 35181517, "netIncome": 70471167, "netIncomeRatio": 0.2869498762, "eps": 2.03, "epsdiluted": 2.01, "weightedAverageShsOut": 34723335, "weightedAverageShsOutDil": 35126890, "link": "https://www.sec.gov/Archives/edgar/data/1115055/000111505515000017/0001115055-15-000017-index.htm", "finalLink": "https://www.sec.gov/Archives/edgar/data/1115055/000111505515000017/pinnacle10k2013.htm", "calculatedOtherExpenses": 16332572, "calculatedOperatingExpenses": 108780088, "calculatedNetInterest": 192984549, "calculatedOtherIncome": -214504481, "calculatedIncomeNonControlling": 0, "calculatedEbitda": 128120294}, {"date": "2013-12-31", "symbol": "PNFP", "reportedCurrency": "USD", "cik": "0001115055", "fillingDate": "2014-02-25", "acceptedDate": "2014-02-25 11:55:06", "calendarYear": "2013", "period": "FY", "revenue": 223002214, "costOfRevenue": 8315298, "grossProfit": 214686916, "grossProfitRatio": 0.9627120384, "researchAndDevelopmentExpenses": 0, "generalAndAdministrativeExpenses": 82646967, "sellingAndMarketingExpenses": 3638941, "sellingGeneralAndAdministrativeExpenses": 86285908, "otherExpenses": 0, "operatingExpenses": 3638941000, "costAndExpenses": 3647256298, "interestIncome": 191282415, "interestExpense": 15383779, "depreciationAndAmortization": 1262524, "ebitda": 110514133, "ebitdaratio": 0.4955741516, "operatingIncome": 109251609, "operatingIncomeRatio": 0.4899126652, "totalOtherIncomeExpensesNet": -23367131, "incomeBeforeTax": 85884478, "incomeBeforeTaxRatio": 0.3851283647, "incomeTaxExpense": 28158277, "netIncome": 57726201, "netIncomeRatio": 0.2588593179, "eps": 1.69, "epsdiluted": 1.67, "weightedAverageShsOut": 34200770, "weightedAverageShsOutDil": 34509261, "link": "https://www.sec.gov/Archives/edgar/data/1115055/000111505514000015/0001115055-14-000015-index.htm", "finalLink": "https://www.sec.gov/Archives/edgar/data/1115055/000111505514000015/pinnacle10k2013.htm", "calculatedOtherExpenses": 19149399, "calculatedOperatingExpenses": 105435307, "calculatedNetInterest": 175898636, "calculatedOtherIncome": -199265767, "calculatedIncomeNonControlling": 0, "calculatedEbitda": 110514133}, {"date": "2012-12-31", "symbol": "PNFP", "reportedCurrency": "USD", "cik": "0001115055", "fillingDate": "2013-02-22", "acceptedDate": "2013-02-22 17:00:27", "calendarYear": "2012", "period": "FY", "revenue": 206261094, "costOfRevenue": 9240335, "grossProfit": 197020759, "grossProfitRatio": 0.9552007855, "researchAndDevelopmentExpenses": 0, "generalAndAdministrativeExpenses": 78056564, "sellingAndMarketingExpenses": 3635810, "sellingGeneralAndAdministrativeExpenses": 81692374, "otherExpenses": 0, "operatingExpenses": 3635810000, "costAndExpenses": 3645050335, "interestIncome": 185421558, "interestExpense": 22557100, "depreciationAndAmortization": 2738994, "ebitda": 95292136, "ebitdaratio": 0.4619976271, "operatingIncome": 92553142, "operatingIncomeRatio": 0.4487183705, "totalOtherIncomeExpensesNet": -30025744, "incomeBeforeTax": 62527398, "incomeBeforeTaxRatio": 0.3031468358, "incomeTaxExpense": 20643517, "netIncome": 41883881, "netIncomeRatio": 0.2030624399, "eps": 1.12, "epsdiluted": 1.1, "weightedAverageShsOut": 33899667, "weightedAverageShsOutDil": 34487808, "link": "https://www.sec.gov/Archives/edgar/data/1115055/000114036113008936/0001140361-13-008936-index.htm", "finalLink": "https://www.sec.gov/Archives/edgar/data/1115055/000114036113008936/form10k.htm", "calculatedOtherExpenses": 22775243, "calculatedOperatingExpenses": 104467617, "calculatedNetInterest": 162864458, "calculatedOtherIncome": -192890202, "calculatedIncomeNonControlling": 0, "calculatedEbitda": 95292136}, {"date": "2011-12-31", "symbol": "PNFP", "reportedCurrency": "USD", "cik": "0001115055", "fillingDate": "2012-03-02", "acceptedDate": "2012-03-02 15:36:03", "calendarYear": "2011", "period": "FY", "revenue": 189404621, "costOfRevenue": 0, "grossProfit": 189404621, "grossProfitRatio": 1, "researchAndDevelopmentExpenses": 0, "generalAndAdministrativeExpenses": 93977499, "sellingAndMarketingExpenses": 3303151, "sellingGeneralAndAdministrativeExpenses": 97280650, "otherExpenses": 0, "operatingExpenses": 3303151000, "costAndExpenses": 3303151000, "interestIncome": 188346835, "interestExpense": 36882424, "depreciationAndAmortization": 2862837, "ebitda": 76332538, "ebitdaratio": 0.4030130712, "operatingIncome": 73469701, "operatingIncomeRatio": 0.3878981443, "totalOtherIncomeExpensesNet": -44970021, "incomeBeforeTax": 28499680, "incomeBeforeTaxRatio": 0.1504698241, "incomeTaxExpense": -15237687, "netIncome": 43737367, "netIncomeRatio": 0.2309202741, "eps": 1.11, "epsdiluted": 1.09, "weightedAverageShsOut": 33420015, "weightedAverageShsOutDil": 34060228, "link": "https://www.sec.gov/Archives/edgar/data/1115055/000114036112012791/0001140361-12-012791-index.htm", "finalLink": "https://www.sec.gov/Archives/edgar/data/1115055/000114036112012791/form10k.htm", "calculatedOtherExpenses": 18654270, "calculatedOperatingExpenses": 115934920, "calculatedNetInterest": 151464411, "calculatedOtherIncome": -196434432, "calculatedIncomeNonControlling": 0, "calculatedEbitda": 76332538}, {"date": "2010-12-31", "symbol": "PNFP", "reportedCurrency": "USD", "cik": "0001115055", "fillingDate": "2011-02-23", "acceptedDate": "2011-02-23 16:05:30", "calendarYear": "2010", "period": "FY", "revenue": 180688432, "costOfRevenue": 0, "grossProfit": 180688432, "grossProfitRatio": 1, "researchAndDevelopmentExpenses": 0, "generalAndAdministrativeExpenses": 96377209, "sellingAndMarketingExpenses": 3233224, "sellingGeneralAndAdministrativeExpenses": 99610433, "otherExpenses": 0, "operatingExpenses": 3233224000, "costAndExpenses": 3233224000, "interestIncome": 203348364, "interestExpense": 58974978, "depreciationAndAmortization": 2980986, "ebitda": 50584719, "ebitdaratio": 0.2799554927, "operatingIncome": 47603733, "operatingIncomeRatio": 0.2634575577, "totalOtherIncomeExpensesNet": -67494067, "incomeBeforeTax": -19890334, "incomeBeforeTaxRatio": -0.1100808379, "incomeTaxExpense": 4410158, "netIncome": -24300492, "netIncomeRatio": -0.1344883661, "eps": -0.74, "epsdiluted": -0.74, "weightedAverageShsOut": 32789871, "weightedAverageShsOutDil": 32789871, "link": "https://www.sec.gov/Archives/edgar/data/1115055/000114036111011515/0001140361-11-011515-index.htm", "finalLink": "https://www.sec.gov/Archives/edgar/data/1115055/000114036111011515/form10k.htm", "calculatedOtherExpenses": 33474266, "calculatedOperatingExpenses": 133084699, "calculatedNetInterest": 144373386, "calculatedOtherIncome": -211867453, "calculatedIncomeNonControlling": 0, "calculatedEbitda": 50584719}, {"date": "2009-12-31", "symbol": "PNFP", "reportedCurrency": "USD", "cik": "0001115055", "fillingDate": "2010-02-26", "acceptedDate": "2010-02-26 17:29:54", "calendarYear": "2009", "period": "FY", "revenue": 170442889, "costOfRevenue": 0, "grossProfit": 170442889, "grossProfitRatio": 1, "researchAndDevelopmentExpenses": 0, "generalAndAdministrativeExpenses": 73896266, "sellingAndMarketingExpenses": 2533953, "sellingGeneralAndAdministrativeExpenses": 76430219, "otherExpenses": 0, "operatingExpenses": 2533953000, "costAndExpenses": 2533953000, "interestIncome": 205716198, "interestExpense": 74924935, "depreciationAndAmortization": 3185111, "ebitda": 20836807, "ebitdaratio": 0.1222509611, "operatingIncome": 17651696, "operatingIncomeRatio": 0.1035636987, "totalOtherIncomeExpensesNet": -82544488, "incomeBeforeTax": -64892792, "incomeBeforeTaxRatio": -0.3807304158, "incomeTaxExpense": -29392825, "netIncome": -35499967, "netIncomeRatio": -0.2082807162, "eps": -1.25, "epsdiluted": -1.25, "weightedAverageShsOut": 28395618, "weightedAverageShsOutDil": 28395618, "link": "https://www.sec.gov/Archives/edgar/data/1115055/000095012310018423/0000950123-10-018423-index.htm", "finalLink": "https://www.sec.gov/Archives/edgar/data/1115055/000095012310018423/g22271e10vk.htm", "calculatedOtherExpenses": 76360974, "calculatedOperatingExpenses": 152791193, "calculatedNetInterest": 130791263, "calculatedOtherIncome": -213335751, "calculatedIncomeNonControlling": 0, "calculatedEbitda": 20836807}, {"date": "2008-12-31", "symbol": "PNFP", "reportedCurrency": "USD", "cik": "0001115055", "fillingDate": "2009-02-19", "acceptedDate": "2009-02-19 17:28:06", "calendarYear": "2008", "period": "FY", "revenue": 148933266, "costOfRevenue": 0, "grossProfit": 148933266, "grossProfitRatio": 1, "researchAndDevelopmentExpenses": 0, "generalAndAdministrativeExpenses": 53752057, "sellingAndMarketingExpenses": 1915747, "sellingGeneralAndAdministrativeExpenses": 1915747, "otherExpenses": 0, "operatingExpenses": 1915747000, "costAndExpenses": 1915747000, "interestIncome": 206081498, "interestExpense": 91866599, "depreciationAndAmortization": 3100599, "ebitda": 142393313, "ebitdaratio": 0.9560880307, "operatingIncome": 139292714, "operatingIncomeRatio": 0.9352693172, "totalOtherIncomeExpensesNet": -96051781, "incomeBeforeTax": 43240933, "incomeBeforeTaxRatio": 0.2903376402, "incomeTaxExpense": 12367015, "netIncome": 30873918, "netIncomeRatio": 0.2073003489, "eps": 1.34, "epsdiluted": 1.27, "weightedAverageShsOut": 22793699, "weightedAverageShsOutDil": 24053972, "link": "https://www.sec.gov/Archives/edgar/data/1115055/000095014409001457/0000950144-09-001457-index.htm", "finalLink": "https://www.sec.gov/Archives/edgar/data/1115055/000095014409001457/g17709e10vk.htm", "calculatedOtherExpenses": 7724805, "calculatedOperatingExpenses": 9640552, "calculatedNetInterest": 114214899, "calculatedOtherIncome": -210266680, "calculatedIncomeNonControlling": 0, "calculatedEbitda": 142393313}, {"date": "2007-12-31", "symbol": "PNFP", "reportedCurrency": "USD", "cik": "0001115055", "fillingDate": "2008-03-07", "acceptedDate": "2008-03-07 16:55:52", "calendarYear": "2007", "period": "FY", "revenue": 98232939, "costOfRevenue": 0, "grossProfit": 98232939, "grossProfitRatio": 1, "researchAndDevelopmentExpenses": 0, "generalAndAdministrativeExpenses": 36145588, "sellingAndMarketingExpenses": 1676455, "sellingGeneralAndAdministrativeExpenses": 37822043, "otherExpenses": 0, "operatingExpenses": 1676455000, "costAndExpenses": 1676455000, "interestIncome": 150931441, "interestExpense": 75219429, "depreciationAndAmortization": 4302654, "ebitda": 112555616, "ebitdaratio": 1.1458032015, "operatingIncome": 108252962, "operatingIncomeRatio": 1.1020026796, "totalOtherIncomeExpensesNet": -75219429, "incomeBeforeTax": 33033533, "incomeBeforeTaxRatio": 0.3362775596, "incomeTaxExpense": 9992178, "netIncome": 23041355, "netIncomeRatio": 0.2345583389, "eps": 1.43, "epsdiluted": 1.34, "weightedAverageShsOut": 16100076, "weightedAverageShsOutDil": 17255543, "link": "https://www.sec.gov/Archives/edgar/data/1115055/000095014408001732/0000950144-08-001732-index.htm", "finalLink": "https://www.sec.gov/Archives/edgar/data/1115055/000095014408001732/g12075e10vk.htm", "calculatedOtherExpenses": -47842066, "calculatedOperatingExpenses": -10020023, "calculatedNetInterest": 75712012, "calculatedOtherIncome": -150931441, "calculatedIncomeNonControlling": 0, "calculatedEbitda": 112555616}, {"date": "2006-12-31", "symbol": "PNFP", "reportedCurrency": "USD", "cik": "0001115055", "fillingDate": "2007-02-28", "acceptedDate": "2007-02-27 19:08:28", "calendarYear": "2006", "period": "FY", "revenue": 76739312, "costOfRevenue": 0, "grossProfit": 76739312, "grossProfitRatio": 1, "researchAndDevelopmentExpenses": 0, "generalAndAdministrativeExpenses": 27469275, "sellingAndMarketingExpenses": 1234497, "sellingGeneralAndAdministrativeExpenses": 28703772, "otherExpenses": 0, "operatingExpenses": 1234497000, "costAndExpenses": 1234497000, "interestIncome": 109696019, "interestExpense": 48743225, "depreciationAndAmortization": 2012035, "ebitda": 77138280, "ebitdaratio": 1.0051990041, "operatingIncome": 75126245, "operatingIncomeRatio": 0.9789799132, "totalOtherIncomeExpensesNet": -48743225, "incomeBeforeTax": 26383020, "incomeBeforeTaxRatio": 0.3438005803, "incomeTaxExpense": 8455987, "netIncome": 17927033, "netIncomeRatio": 0.233609509, "eps": 1.28, "epsdiluted": 1.18, "weightedAverageShsOut": 13954077, "weightedAverageShsOutDil": 15156837, "link": "https://www.sec.gov/Archives/edgar/data/1115055/000111505507000016/0001115055-07-000016-index.htm", "finalLink": "https://www.sec.gov/Archives/edgar/data/1115055/000111505507000016/pnfp10kbody.htm", "calculatedOtherExpenses": -27090705, "calculatedOperatingExpenses": 1613067, "calculatedNetInterest": 60952794, "calculatedOtherIncome": -109696019, "calculatedIncomeNonControlling": 0, "calculatedEbitda": 77138280}, {"date": "2005-12-31", "symbol": "PNFP", "reportedCurrency": "USD", "cik": "0001115055", "fillingDate": "2006-02-24", "acceptedDate": "2006-02-24 16:09:46", "calendarYear": "2005", "period": "FY", "revenue": 34431612, "costOfRevenue": 0, "grossProfit": 34431612, "grossProfitRatio": 1, "researchAndDevelopmentExpenses": 0, "generalAndAdministrativeExpenses": 13130779, "sellingAndMarketingExpenses": 698232, "sellingGeneralAndAdministrativeExpenses": 13829011, "otherExpenses": 0, "operatingExpenses": 698232000, "costAndExpenses": 698232000, "interestIncome": 46307660, "interestExpense": 17269622, "depreciationAndAmortization": 1944104, "ebitda": 30461356, "ebitdaratio": 0.8846915445, "operatingIncome": 28517252, "operatingIncomeRatio": 0.82822878, "totalOtherIncomeExpensesNet": -17269622, "incomeBeforeTax": 11247630, "incomeBeforeTaxRatio": 0.3266657977, "incomeTaxExpense": 3192362, "netIncome": 8055268, "netIncomeRatio": 0.2339497785, "eps": 0.96, "epsdiluted": 0.85, "weightedAverageShsOut": 8408663, "weightedAverageShsOutDil": 9464500, "link": "https://www.sec.gov/Archives/edgar/data/1115055/000095014406001500/0000950144-06-001500-index.htm", "finalLink": "https://www.sec.gov/Archives/edgar/data/1115055/000095014406001500/g99783e10vk.htm", "calculatedOtherExpenses": -7914651, "calculatedOperatingExpenses": 5914360, "calculatedNetInterest": 29038038, "calculatedOtherIncome": -46307660, "calculatedIncomeNonControlling": 0, "calculatedEbitda": 30461356}, {"date": "2004-12-31", "symbol": "PNFP", "reportedCurrency": "USD", "cik": "0001115055", "fillingDate": "2005-02-28", "acceptedDate": "2005-02-28 17:30:01", "calendarYear": "2004", "period": "FY", "revenue": 25737198, "costOfRevenue": 0, "grossProfit": 25737198, "grossProfitRatio": 1, "researchAndDevelopmentExpenses": 0, "generalAndAdministrativeExpenses": 9540641, "sellingAndMarketingExpenses": 606841, "sellingGeneralAndAdministrativeExpenses": 10147482, "otherExpenses": 0, "operatingExpenses": 606841000, "costAndExpenses": 606841000, "interestIncome": 27679029, "interestExpense": 7414552, "depreciationAndAmortization": 2298142, "ebitda": 17203887, "ebitdaratio": 0.6684444437, "operatingIncome": 14905745, "operatingIncomeRatio": 0.5791518175, "totalOtherIncomeExpensesNet": -7414552, "incomeBeforeTax": 7491193, "incomeBeforeTaxRatio": 0.2910648238, "incomeTaxExpense": 2172283, "netIncome": 5318910, "netIncomeRatio": 0.206662357, "eps": 0.69, "epsdiluted": 0.61, "weightedAverageShsOut": 7750943, "weightedAverageShsOutDil": 8698139, "link": "https://www.sec.gov/Archives/edgar/data/1115055/000095014405001901/0000950144-05-001901-index.htm", "finalLink": "https://www.sec.gov/Archives/edgar/data/1115055/000095014405001901/g93498e10vk.htm", "calculatedOtherExpenses": 683971, "calculatedOperatingExpenses": 10831453, "calculatedNetInterest": 20264477, "calculatedOtherIncome": -27679029, "calculatedIncomeNonControlling": 0, "calculatedEbitda": 17203887}, {"date": "2003-12-31", "symbol": "PNFP", "reportedCurrency": "USD", "cik": "0001115055", "fillingDate": "2004-02-20", "acceptedDate": "2004-02-20 16:12:56", "calendarYear": "2003", "period": "FY", "revenue": 16186287, "costOfRevenue": 0, "grossProfit": 16186287, "grossProfitRatio": 1, "researchAndDevelopmentExpenses": 0, "generalAndAdministrativeExpenses": 7260982, "sellingAndMarketingExpenses": 386905, "sellingGeneralAndAdministrativeExpenses": 7647887, "otherExpenses": 0, "operatingExpenses": 386905000, "costAndExpenses": 386905000, "interestIncome": 18261911, "interestExpense": 5363104, "depreciationAndAmortization": 1812231, "ebitda": 11155720, "ebitdaratio": 0.6892080932, "operatingIncome": 9343489, "operatingIncomeRatio": 0.5772472093, "totalOtherIncomeExpensesNet": -5363104, "incomeBeforeTax": 3980385, "incomeBeforeTaxRatio": 0.2459109368, "incomeTaxExpense": 1425746, "netIncome": 2554639, "netIncomeRatio": 0.1578273634, "eps": 0.35, "epsdiluted": 0.32, "weightedAverageShsOut": 7384106, "weightedAverageShsOutDil": 7876006, "link": "https://www.sec.gov/Archives/edgar/data/1115055/000095014404001556/0000950144-04-001556-index.htm", "finalLink": "https://www.sec.gov/Archives/edgar/data/1115055/000095014404001556/g87341e10ksb.htm", "calculatedOtherExpenses": -805089, "calculatedOperatingExpenses": 6842798, "calculatedNetInterest": 12898807, "calculatedOtherIncome": -18261911, "calculatedIncomeNonControlling": 0, "calculatedEbitda": 11155720}, {"date": "2002-12-31", "symbol": "PNFP", "reportedCurrency": "USD", "cik": "0001115055", "fillingDate": "2003-03-06", "acceptedDate": "2003-03-06 16:13:07", "calendarYear": "2002", "period": "FY", "revenue": 9931246, "costOfRevenue": 0, "grossProfit": 9931246, "grossProfitRatio": 1, "researchAndDevelopmentExpenses": 0, "generalAndAdministrativeExpenses": 5236792, "sellingAndMarketingExpenses": 244500, "sellingGeneralAndAdministrativeExpenses": 5481292, "otherExpenses": 0, "operatingExpenses": 244500000, "costAndExpenses": 244500000, "interestIncome": 12560932, "interestExpense": 4361629, "depreciationAndAmortization": 950134, "ebitda": 6315947, "ebitdaratio": 0.6359672291, "operatingIncome": 5365813, "operatingIncomeRatio": 0.5402960515, "totalOtherIncomeExpensesNet": -4361629, "incomeBeforeTax": 1004184, "incomeBeforeTaxRatio": 0.1011135964, "incomeTaxExpense": 356124, "netIncome": 648060, "netIncomeRatio": 0.0652546518, "eps": 0.11, "epsdiluted": 0.11, "weightedAverageShsOut": 6108942, "weightedAverageShsOutDil": 6236844, "link": "https://www.sec.gov/Archives/edgar/data/1115055/000095014403002777/0000950144-03-002777-index.htm", "finalLink": "https://www.sec.gov/Archives/edgar/data/1115055/000095014403002777/g80881e10ksb.htm", "calculatedOtherExpenses": -915859, "calculatedOperatingExpenses": 4565433, "calculatedNetInterest": 8199303, "calculatedOtherIncome": -12560932, "calculatedIncomeNonControlling": 0, "calculatedEbitda": 6315947}, {"date": "2001-12-31", "symbol": "PNFP", "reportedCurrency": "USD", "cik": "0001115055", "fillingDate": "2002-03-18", "acceptedDate": "2002-03-18 00:00:00", "calendarYear": "2001", "period": "FY", "revenue": 4831111, "costOfRevenue": 0, "grossProfit": 4831111, "grossProfitRatio": 1, "researchAndDevelopmentExpenses": 0, "generalAndAdministrativeExpenses": 4137863, "sellingAndMarketingExpenses": 207804, "sellingGeneralAndAdministrativeExpenses": 4345667, "otherExpenses": -7734055, "operatingExpenses": -3388388, "costAndExpenses": -3388388, "interestIncome": 6069094, "interestExpense": 2579388, "depreciationAndAmortization": 632803, "ebitda": 2075526, "ebitdaratio": 0.4296167072, "operatingIncome": 1442723, "operatingIncomeRatio": 0.2986317226, "totalOtherIncomeExpensesNet": 0, "incomeBeforeTax": 0, "incomeBeforeTaxRatio": 0, "incomeTaxExpense": 2579388, "netIncome": -1136665, "netIncomeRatio": -0.2352802492, "eps": -0.29, "epsdiluted": -0.29, "weightedAverageShsOut": 3963196, "weightedAverageShsOutDil": 3963196, "link": "https://www.sec.gov/Archives/edgar/data/1115055/000095014402002409/0000950144-02-002409-index.htm", "finalLink": "https://www.sec.gov/Archives/edgar/data/1115055/000095014402002409/g74354e10ksb.htm", "calculatedOtherExpenses": -957279, "calculatedOperatingExpenses": 3388388, "calculatedNetInterest": 3489706, "calculatedOtherIncome": -4932429, "calculatedIncomeNonControlling": -1442723, "calculatedEbitda": 2075526}, {"date": "2000-12-31", "symbol": "PNFP", "reportedCurrency": "USD", "cik": "0001115055", "fillingDate": "2001-03-29", "acceptedDate": "2001-03-29 00:00:00", "calendarYear": "2000", "period": "FY", "revenue": 496057, "costOfRevenue": 0, "grossProfit": 496057, "grossProfitRatio": 1, "researchAndDevelopmentExpenses": 0, "generalAndAdministrativeExpenses": 1676391, "sellingAndMarketingExpenses": 151038, "sellingGeneralAndAdministrativeExpenses": 1827429, "otherExpenses": -4453328, "operatingExpenses": -2625899, "costAndExpenses": -2625899, "interestIncome": 506423, "interestExpense": 125347, "depreciationAndAmortization": 70367, "ebitda": -2059475, "ebitdaratio": -4.1516902291, "operatingIncome": -2129842, "operatingIncomeRatio": -4.2935428791, "totalOtherIncomeExpensesNet": 0, "incomeBeforeTax": 0, "incomeBeforeTaxRatio": 0, "incomeTaxExpense": 125347, "netIncome": -2255189, "netIncomeRatio": -4.5462295664, "eps": -1.39, "epsdiluted": -1.39, "weightedAverageShsOut": 1617616, "weightedAverageShsOutDil": 1617616, "link": "https://www.sec.gov/Archives/edgar/data/1115055/000095014401004188/0000950144-01-004188-index.htm", "finalLink": "https://www.sec.gov/Archives/edgar/data/1115055/000095014401004188/g67726e10ksb.txt", "calculatedOtherExpenses": 798470, "calculatedOperatingExpenses": 2625899, "calculatedNetInterest": 381076, "calculatedOtherIncome": 1748766, "calculatedIncomeNonControlling": 2129842, "calculatedEbitda": -2059475}]}