{"originalCurrency": "USD", "convertedCurrency": "USD", "report": [{"date": "2023-12-31", "symbol": "PNM", "reportedCurrency": "USD", "cik": "0001108426", "fillingDate": "2024-02-29", "acceptedDate": "2024-02-29 16:26:36", "calendarYear": "2023", "period": "FY", "revenue": 1939198000, "costOfRevenue": 1312095000, "grossProfit": 627103000, "grossProfitRatio": 0.3233826561, "researchAndDevelopmentExpenses": 0, "generalAndAdministrativeExpenses": 227900000, "sellingAndMarketingExpenses": 0, "sellingGeneralAndAdministrativeExpenses": 227900000, "otherExpenses": -95940000, "operatingExpenses": 323840000, "costAndExpenses": 1635935000, "interestIncome": 21963000, "interestExpense": 190355000, "depreciationAndAmortization": 319503000, "ebitda": 622766000, "ebitdaratio": 0.3211461645, "operatingIncome": 303263000, "operatingIncomeRatio": 0.1563857842, "totalOtherIncomeExpensesNet": -212734000, "incomeBeforeTax": 90529000, "incomeBeforeTaxRatio": 0.0466837321, "incomeTaxExpense": -16350000, "netIncome": 88346000, "netIncomeRatio": 0.045558009, "eps": 1.02, "epsdiluted": 1.02, "weightedAverageShsOut": 86296000, "weightedAverageShsOutDil": 86369000, "link": "https://www.sec.gov/Archives/edgar/data/1108426/000110842624000008/0001108426-24-000008-index.htm", "finalLink": "https://www.sec.gov/Archives/edgar/data/22767/000110842624000008/pnm-20231231.htm", "calculatedOtherExpenses": 95940000, "calculatedOperatingExpenses": 323840000, "calculatedNetInterest": -168392000, "calculatedOtherIncome": -44342000, "calculatedIncomeNonControlling": 18533000, "calculatedEbitda": 622766000}, {"date": "2022-12-31", "symbol": "PNM", "reportedCurrency": "USD", "cik": "0001108426", "fillingDate": "2023-02-28", "acceptedDate": "2023-02-28 08:00:36", "calendarYear": "2022", "period": "FY", "revenue": 2249555000, "costOfRevenue": 1135288000, "grossProfit": 1114267000, "grossProfitRatio": 0.4953277426, "researchAndDevelopmentExpenses": 0, "generalAndAdministrativeExpenses": 321833000, "sellingAndMarketingExpenses": 0, "sellingGeneralAndAdministrativeExpenses": 321833000, "otherExpenses": 397842000, "operatingExpenses": 719675000, "costAndExpenses": 1854963000, "interestIncome": 16095000, "interestExpense": 127908000, "depreciationAndAmortization": 329500000, "ebitda": 723260000, "ebitdaratio": 0.3215124769, "operatingIncome": 393760000, "operatingIncomeRatio": 0.1750390633, "totalOtherIncomeExpensesNet": -182450000, "incomeBeforeTax": 211310000, "incomeBeforeTaxRatio": 0.0939341336, "incomeTaxExpense": 26130000, "netIncome": 170058000, "netIncomeRatio": 0.0755962846, "eps": 1.97, "epsdiluted": 1.97, "weightedAverageShsOut": 86122000, "weightedAverageShsOutDil": 86169000, "link": "https://www.sec.gov/Archives/edgar/data/1108426/000110842623000006/0001108426-23-000006-index.htm", "finalLink": "https://www.sec.gov/Archives/edgar/data/22767/000110842623000006/pnm-20221231.htm", "calculatedOtherExpenses": 398674000, "calculatedOperatingExpenses": 720507000, "calculatedNetInterest": -111813000, "calculatedOtherIncome": -70637000, "calculatedIncomeNonControlling": 15122000, "calculatedEbitda": 723260000}, {"date": "2021-12-31", "symbol": "PNM", "reportedCurrency": "USD", "cik": "0001108426", "fillingDate": "2022-03-01", "acceptedDate": "2022-03-01 16:12:07", "calendarYear": "2021", "period": "FY", "revenue": 1779873000, "costOfRevenue": 788784000, "grossProfit": 991089000, "grossProfitRatio": 0.556831302, "researchAndDevelopmentExpenses": 0, "generalAndAdministrativeExpenses": 311627000, "sellingAndMarketingExpenses": 81335000, "sellingGeneralAndAdministrativeExpenses": 311627000, "otherExpenses": 370115000, "operatingExpenses": 681742000, "costAndExpenses": 1470526000, "interestIncome": 14662000, "interestExpense": 96877000, "depreciationAndAmortization": 301604000, "ebitda": 609757000, "ebitdaratio": 0.3425845552, "operatingIncome": 308153000, "operatingIncomeRatio": 0.1731320156, "totalOtherIncomeExpensesNet": -63724000, "incomeBeforeTax": 244429000, "incomeBeforeTaxRatio": 0.1373294611, "incomeTaxExpense": 32582000, "netIncome": 196357000, "netIncomeRatio": 0.1103207926, "eps": 2.28, "epsdiluted": 2.27, "weightedAverageShsOut": 86070000, "weightedAverageShsOutDil": 86111000, "link": "https://www.sec.gov/Archives/edgar/data/1108426/000110842622000010/0001108426-22-000010-index.htm", "finalLink": "https://www.sec.gov/Archives/edgar/data/22767/000110842622000010/pnm-20211231.htm", "calculatedOtherExpenses": 371309000, "calculatedOperatingExpenses": 682936000, "calculatedNetInterest": -82215000, "calculatedOtherIncome": 18491000, "calculatedIncomeNonControlling": 15490000, "calculatedEbitda": 609757000}, {"date": "2020-12-31", "symbol": "PNM", "reportedCurrency": "USD", "cik": "0001108426", "fillingDate": "2021-03-01", "acceptedDate": "2021-03-01 16:16:52", "calendarYear": "2020", "period": "FY", "revenue": 1523012000, "costOfRevenue": 585218000, "grossProfit": 937794000, "grossProfitRatio": 0.6157495804, "researchAndDevelopmentExpenses": 0, "generalAndAdministrativeExpenses": 294277000, "sellingAndMarketingExpenses": 77943000, "sellingGeneralAndAdministrativeExpenses": 294277000, "otherExpenses": 357138000, "operatingExpenses": 651415000, "costAndExpenses": 1236633000, "interestIncome": 14223000, "interestExpense": 114392000, "depreciationAndAmortization": 292174000, "ebitda": 577455000, "ebitdaratio": 0.3791532831, "operatingIncome": 285281000, "operatingIncomeRatio": 0.1873136916, "totalOtherIncomeExpensesNet": -77329000, "incomeBeforeTax": 207952000, "incomeBeforeTaxRatio": 0.1365399616, "incomeTaxExpense": 20636000, "netIncome": 173303000, "netIncomeRatio": 0.1137896484, "eps": 2.16, "epsdiluted": 2.15, "weightedAverageShsOut": 80157000, "weightedAverageShsOutDil": 80303000, "link": "https://www.sec.gov/Archives/edgar/data/1108426/000110842621000010/0001108426-21-000010-index.htm", "finalLink": "https://www.sec.gov/Archives/edgar/data/22767/000110842621000010/pnm-20201231.htm", "calculatedOtherExpenses": 358236000, "calculatedOperatingExpenses": 652513000, "calculatedNetInterest": -100169000, "calculatedOtherIncome": 22840000, "calculatedIncomeNonControlling": 14013000, "calculatedEbitda": 577455000}, {"date": "2019-12-31", "symbol": "PNM", "reportedCurrency": "USD", "cik": "0001108426", "fillingDate": "2020-03-02", "acceptedDate": "2020-03-02 16:16:06", "calendarYear": "2019", "period": "FY", "revenue": 1457603000, "costOfRevenue": 555357000, "grossProfit": 902246000, "grossProfitRatio": 0.6189929631, "researchAndDevelopmentExpenses": 0, "generalAndAdministrativeExpenses": 259089000, "sellingAndMarketingExpenses": 69862000, "sellingGeneralAndAdministrativeExpenses": 259089000, "otherExpenses": 347862000, "operatingExpenses": 606951000, "costAndExpenses": 1162308000, "interestIncome": 14022000, "interestExpense": 121016000, "depreciationAndAmortization": 267808000, "ebitda": 577179000, "ebitdaratio": 0.3959781916, "operatingIncome": 309371000, "operatingIncomeRatio": 0.2122464073, "totalOtherIncomeExpensesNet": -242522000, "incomeBeforeTax": 66849000, "incomeBeforeTaxRatio": 0.0458622821, "incomeTaxExpense": -25282000, "netIncome": 77890000, "netIncomeRatio": 0.053437047, "eps": 0.97, "epsdiluted": 0.97, "weightedAverageShsOut": 79931000, "weightedAverageShsOutDil": 79990000, "link": "https://www.sec.gov/Archives/edgar/data/1108426/000110842620000014/0001108426-20-000014-index.htm", "finalLink": "https://www.sec.gov/Archives/edgar/data/22767/000110842620000014/pnm1231201910-k.htm", "calculatedOtherExpenses": 333786000, "calculatedOperatingExpenses": 592875000, "calculatedNetInterest": -106994000, "calculatedOtherIncome": -135528000, "calculatedIncomeNonControlling": 14241000, "calculatedEbitda": 577179000}, {"date": "2018-12-31", "symbol": "PNM", "reportedCurrency": "USD", "cik": "0001108426", "fillingDate": "2019-03-01", "acceptedDate": "2019-03-01 13:21:59", "calendarYear": "2018", "period": "FY", "revenue": 1436613000, "costOfRevenue": 549203000, "grossProfit": 887410000, "grossProfitRatio": 0.6177098495, "researchAndDevelopmentExpenses": 0, "generalAndAdministrativeExpenses": 264904000, "sellingAndMarketingExpenses": 76434000, "sellingGeneralAndAdministrativeExpenses": 264904000, "otherExpenses": 1890000, "operatingExpenses": 585765000, "costAndExpenses": 1134968000, "interestIncome": 15540000, "interestExpense": 127244000, "depreciationAndAmortization": 241188000, "ebitda": 560263000, "ebitdaratio": 0.389988814, "operatingIncome": 236047000, "operatingIncomeRatio": 0.1643079939, "totalOtherIncomeExpensesNet": -80884000, "incomeBeforeTax": 109057000, "incomeBeforeTaxRatio": 0.0759125805, "incomeTaxExpense": 7775000, "netIncome": 86170000, "netIncomeRatio": 0.0599813589, "eps": 1.08, "epsdiluted": 1.08, "weightedAverageShsOut": 79890000, "weightedAverageShsOutDil": 80012000, "link": "https://www.sec.gov/Archives/edgar/data/1108426/000110842619000020/0001108426-19-000020-index.htm", "finalLink": "https://www.sec.gov/Archives/edgar/data/22767/000110842619000020/pnm1231201810-k.htm", "calculatedOtherExpenses": 386459000, "calculatedOperatingExpenses": 651363000, "calculatedNetInterest": -111704000, "calculatedOtherIncome": -15286000, "calculatedIncomeNonControlling": 15112000, "calculatedEbitda": 477235000}, {"date": "2017-12-31", "symbol": "PNM", "reportedCurrency": "USD", "cik": "0001108426", "fillingDate": "2018-03-01", "acceptedDate": "2018-03-01 08:48:28", "calendarYear": "2017", "period": "FY", "revenue": 1445003000, "costOfRevenue": 544929000, "grossProfit": 900074000, "grossProfitRatio": 0.6228872881, "researchAndDevelopmentExpenses": 0, "generalAndAdministrativeExpenses": 257921000, "sellingAndMarketingExpenses": 71576000, "sellingGeneralAndAdministrativeExpenses": 257921000, "otherExpenses": 3822000, "operatingExpenses": 566553000, "costAndExpenses": 1111482000, "interestIncome": 15916000, "interestExpense": 127625000, "depreciationAndAmortization": 231942000, "ebitda": 585201000, "ebitdaratio": 0.4049825502, "operatingIncome": 306485000, "operatingIncomeRatio": 0.2120999057, "totalOtherIncomeExpensesNet": 3947000, "incomeBeforeTax": 225759000, "incomeBeforeTaxRatio": 0.1562342777, "incomeTaxExpense": 130340000, "netIncome": 80402000, "netIncomeRatio": 0.055641407, "eps": 1, "epsdiluted": 1, "weightedAverageShsOut": 79874000, "weightedAverageShsOutDil": 80141447, "link": "https://www.sec.gov/Archives/edgar/data/1108426/000110842618000011/0001108426-18-000011-index.htm", "finalLink": "https://www.sec.gov/Archives/edgar/data/22767/000110842618000011/pnm1231201710-k.htm", "calculatedOtherExpenses": 335668000, "calculatedOperatingExpenses": 593589000, "calculatedNetInterest": -111709000, "calculatedOtherIncome": 30983000, "calculatedIncomeNonControlling": 15017000, "calculatedEbitda": 538427000}, {"date": "2016-12-31", "symbol": "PNM", "reportedCurrency": "USD", "cik": "0001108426", "fillingDate": "2017-02-28", "acceptedDate": "2017-02-28 16:51:16", "calendarYear": "2016", "period": "FY", "revenue": 1362951000, "costOfRevenue": 526783000, "grossProfit": 836168000, "grossProfitRatio": 0.6134982109, "researchAndDevelopmentExpenses": 0, "generalAndAdministrativeExpenses": 257741000, "sellingAndMarketingExpenses": 66227000, "sellingGeneralAndAdministrativeExpenses": 257741000, "otherExpenses": 4012000, "operatingExpenses": 543172000, "costAndExpenses": 1069955000, "interestIncome": 22293000, "interestExpense": 128633000, "depreciationAndAmortization": 242033000, "ebitda": 561334000, "ebitdaratio": 0.4118519301, "operatingIncome": 277985000, "operatingIncomeRatio": 0.203958176, "totalOtherIncomeExpensesNet": 8518000, "incomeBeforeTax": 195174000, "incomeBeforeTaxRatio": 0.1431995721, "incomeTaxExpense": 63278000, "netIncome": 117377000, "netIncomeRatio": 0.0861197505, "eps": 1.47, "epsdiluted": 1.46, "weightedAverageShsOut": 79758000, "weightedAverageShsOutDil": 80132000, "link": "https://www.sec.gov/Archives/edgar/data/1108426/000110842617000006/0001108426-17-000006-index.htm", "finalLink": "https://www.sec.gov/Archives/edgar/data/22767/000110842617000006/pnm1231201610-k.htm", "calculatedOtherExpenses": 300442000, "calculatedOperatingExpenses": 558183000, "calculatedNetInterest": -106340000, "calculatedOtherIncome": 23529000, "calculatedIncomeNonControlling": 14519000, "calculatedEbitda": 520018000}, {"date": "2015-12-31", "symbol": "PNM", "reportedCurrency": "USD", "cik": "0001108426", "fillingDate": "2016-02-29", "acceptedDate": "2016-02-26 18:03:27", "calendarYear": "2015", "period": "FY", "revenue": 1439082000, "costOfRevenue": 641401000, "grossProfit": 797681000, "grossProfitRatio": 0.5542985042, "researchAndDevelopmentExpenses": 0, "generalAndAdministrativeExpenses": 248257000, "sellingAndMarketingExpenses": 69157000, "sellingGeneralAndAdministrativeExpenses": 248257000, "otherExpenses": 14105000, "operatingExpenses": 505860000, "costAndExpenses": 1147261000, "interestIncome": 6498000, "interestExpense": 114860000, "depreciationAndAmortization": 222861000, "ebitda": 535285000, "ebitdaratio": 0.3719628207, "operatingIncome": 124350000, "operatingIncomeRatio": 0.0864092526, "totalOtherIncomeExpensesNet": -137306000, "incomeBeforeTax": 46153000, "incomeBeforeTaxRatio": 0.0320711398, "incomeTaxExpense": 15075000, "netIncome": 16168000, "netIncomeRatio": 0.0112349401, "eps": 0.2, "epsdiluted": 0.2, "weightedAverageShsOut": 79759000, "weightedAverageShsOutDil": 80139000, "link": "https://www.sec.gov/Archives/edgar/data/1108426/000110842616000165/0001108426-16-000165-index.htm", "finalLink": "https://www.sec.gov/Archives/edgar/data/22767/000110842616000165/pnm1231201510-k.htm", "calculatedOtherExpenses": 425074000, "calculatedOperatingExpenses": 673331000, "calculatedNetInterest": -108362000, "calculatedOtherIncome": 30165000, "calculatedIncomeNonControlling": 14910000, "calculatedEbitda": 347211000}, {"date": "2014-12-31", "symbol": "PNM", "reportedCurrency": "USD", "cik": "0001108426", "fillingDate": "2015-02-27", "acceptedDate": "2015-02-27 15:56:35", "calendarYear": "2014", "period": "FY", "revenue": 1435853000, "costOfRevenue": 657194000, "grossProfit": 778659000, "grossProfitRatio": 0.5422971572, "researchAndDevelopmentExpenses": 0, "generalAndAdministrativeExpenses": 237682000, "sellingAndMarketingExpenses": 66571000, "sellingGeneralAndAdministrativeExpenses": 237682000, "otherExpenses": 1567000, "operatingExpenses": 477900000, "costAndExpenses": 1135094000, "interestIncome": 8483000, "interestExpense": 119627000, "depreciationAndAmortization": 172634000, "ebitda": 483443000, "ebitdaratio": 0.3366939373, "operatingIncome": 299697000, "operatingIncomeRatio": 0.2087240128, "totalOtherIncomeExpensesNet": 11032000, "incomeBeforeTax": 200647000, "incomeBeforeTaxRatio": 0.139740628, "incomeTaxExpense": 69738000, "netIncome": 116782000, "netIncomeRatio": 0.0813328384, "eps": 1.46, "epsdiluted": 1.45, "weightedAverageShsOut": 79626027, "weightedAverageShsOutDil": 80279445, "link": "https://www.sec.gov/Archives/edgar/data/1108426/000110842615000008/0001108426-15-000008-index.htm", "finalLink": "https://www.sec.gov/Archives/edgar/data/22767/000110842615000008/pnm1231201410-k.htm", "calculatedOtherExpenses": 241280000, "calculatedOperatingExpenses": 478962000, "calculatedNetInterest": -111144000, "calculatedOtherIncome": 12094000, "calculatedIncomeNonControlling": 14127000, "calculatedEbitda": 472331000}, {"date": "2013-12-31", "symbol": "PNM", "reportedCurrency": "USD", "cik": "0001108426", "fillingDate": "2014-02-28", "acceptedDate": "2014-02-28 17:00:42", "calendarYear": "2013", "period": "FY", "revenue": 1387923000, "costOfRevenue": 608135000, "grossProfit": 779788000, "grossProfitRatio": 0.5618380847, "researchAndDevelopmentExpenses": 0, "generalAndAdministrativeExpenses": 249334000, "sellingAndMarketingExpenses": 70124000, "sellingGeneralAndAdministrativeExpenses": 249334000, "otherExpenses": -10980000, "operatingExpenses": 480711000, "costAndExpenses": 1088846000, "interestIncome": 10043000, "interestExpense": 121448000, "depreciationAndAmortization": 208173000, "ebitda": 506313000, "ebitdaratio": 0.3647990559, "operatingIncome": 286842000, "operatingIncomeRatio": 0.2066699666, "totalOtherIncomeExpensesNet": -12603000, "incomeBeforeTax": 175069000, "incomeBeforeTaxRatio": 0.126137401, "incomeTaxExpense": 59513000, "netIncome": 101035000, "netIncomeRatio": 0.0727958251, "eps": 1.26, "epsdiluted": 1.25, "weightedAverageShsOut": 79845000, "weightedAverageShsOutDil": 80431000, "link": "https://www.sec.gov/Archives/edgar/data/1108426/000110842614000016/0001108426-14-000016-index.htm", "finalLink": "https://www.sec.gov/Archives/edgar/data/22767/000110842614000016/pnm1231201310-k.htm", "calculatedOtherExpenses": 243612000, "calculatedOperatingExpenses": 492946000, "calculatedNetInterest": -111405000, "calculatedOtherIncome": -368000, "calculatedIncomeNonControlling": 14521000, "calculatedEbitda": 495015000}, {"date": "2012-12-31", "symbol": "PNM", "reportedCurrency": "USD", "cik": "0001108426", "fillingDate": "2013-03-01", "acceptedDate": "2013-03-01 16:49:16", "calendarYear": "2012", "period": "FY", "revenue": 1342403000, "costOfRevenue": 585267000, "grossProfit": 757136000, "grossProfitRatio": 0.5640154261, "researchAndDevelopmentExpenses": 0, "generalAndAdministrativeExpenses": 258865000, "sellingAndMarketingExpenses": 71125000, "sellingGeneralAndAdministrativeExpenses": 258865000, "otherExpenses": -4940000, "operatingExpenses": 483415000, "costAndExpenses": 1068682000, "interestIncome": 13072000, "interestExpense": 120845000, "depreciationAndAmortization": 206499000, "ebitda": 488352000, "ebitdaratio": 0.3637894135, "operatingIncome": 273721000, "operatingIncomeRatio": 0.2039037457, "totalOtherIncomeExpensesNet": 9087000, "incomeBeforeTax": 175035000, "incomeBeforeTaxRatio": 0.1303893093, "incomeTaxExpense": 54910000, "netIncome": 106075000, "netIncomeRatio": 0.0790187447, "eps": 1.32, "epsdiluted": 1.31, "weightedAverageShsOut": 79799000, "weightedAverageShsOutDil": 80417000, "link": "https://www.sec.gov/Archives/edgar/data/1108426/000110842613000011/0001108426-13-000011-index.htm", "finalLink": "https://www.sec.gov/Archives/edgar/data/22767/000110842613000011/pnm1231201210-k.htm", "calculatedOtherExpenses": 224550000, "calculatedOperatingExpenses": 483415000, "calculatedNetInterest": -107773000, "calculatedOtherIncome": 9087000, "calculatedIncomeNonControlling": 14050000, "calculatedEbitda": 480220000}, {"date": "2011-12-31", "symbol": "PNM", "reportedCurrency": "USD", "cik": "0001108426", "fillingDate": "2012-02-29", "acceptedDate": "2012-02-29 16:49:07", "calendarYear": "2011", "period": "FY", "revenue": 1700619000, "costOfRevenue": 943465000, "grossProfit": 757154000, "grossProfitRatio": 0.4452225925, "researchAndDevelopmentExpenses": 0, "generalAndAdministrativeExpenses": 279176000, "sellingAndMarketingExpenses": 0, "sellingGeneralAndAdministrativeExpenses": 279176000, "otherExpenses": 220679000, "operatingExpenses": 499855000, "costAndExpenses": 1443320000, "interestIncome": 15515000, "interestExpense": 124849000, "depreciationAndAmortization": 195366000, "ebitda": 468180000, "ebitdaratio": 0.2752997585, "operatingIncome": 257299000, "operatingIncomeRatio": 0.1512972629, "totalOtherIncomeExpensesNet": 164504000, "incomeBeforeTax": 312469000, "incomeBeforeTaxRatio": 0.1837383917, "incomeTaxExpense": 121535000, "netIncome": 176887000, "netIncomeRatio": 0.1040133034, "eps": 1.98, "epsdiluted": 1.96, "weightedAverageShsOut": 89201000, "weightedAverageShsOutDil": 89757000, "link": "https://www.sec.gov/Archives/edgar/data/1108426/000110842612000014/0001108426-12-000014-index.htm", "finalLink": "https://www.sec.gov/Archives/edgar/data/22767/000110842612000014/pnm1231201110-k.htm", "calculatedOtherExpenses": 220679000, "calculatedOperatingExpenses": 499855000, "calculatedNetInterest": -109334000, "calculatedOtherIncome": 164504000, "calculatedIncomeNonControlling": 14047000, "calculatedEbitda": 452665000}, {"date": "2010-12-31", "symbol": "PNM", "reportedCurrency": "USD", "cik": "0001108426", "fillingDate": "2011-03-01", "acceptedDate": "2011-03-01 15:44:05", "calendarYear": "2010", "period": "FY", "revenue": 1673517000, "costOfRevenue": 960067000, "grossProfit": 713450000, "grossProfitRatio": 0.4263177488, "researchAndDevelopmentExpenses": 0, "generalAndAdministrativeExpenses": 264556000, "sellingAndMarketingExpenses": 0, "sellingGeneralAndAdministrativeExpenses": 264556000, "otherExpenses": 209442000, "operatingExpenses": 473998000, "costAndExpenses": 1434065000, "interestIncome": 18896000, "interestExpense": 125373000, "depreciationAndAmortization": 186067000, "ebitda": 434060000, "ebitdaratio": 0.2593699377, "operatingIncome": 239452000, "operatingIncomeRatio": 0.1430830998, "totalOtherIncomeExpensesNet": -196354000, "incomeBeforeTax": -63379000, "incomeBeforeTaxRatio": -0.0378717396, "incomeTaxExpense": -32255000, "netIncome": -44687000, "netIncomeRatio": -0.0267024476, "eps": -0.49, "epsdiluted": -0.49, "weightedAverageShsOut": 91557000, "weightedAverageShsOutDil": 91557000, "link": "https://www.sec.gov/Archives/edgar/data/1108426/000119312511051990/0001193125-11-051990-index.htm", "finalLink": "https://www.sec.gov/Archives/edgar/data/22767/000119312511051990/d10k.htm", "calculatedOtherExpenses": 209442000, "calculatedOperatingExpenses": 473998000, "calculatedNetInterest": -106477000, "calculatedOtherIncome": -196354000, "calculatedIncomeNonControlling": 13563000, "calculatedEbitda": 425519000}, {"date": "2009-12-31", "symbol": "PNM", "reportedCurrency": "USD", "cik": "0001108426", "fillingDate": "2010-03-01", "acceptedDate": "2010-03-01 10:56:49", "calendarYear": "2009", "period": "FY", "revenue": 1647744000, "costOfRevenue": 966528000, "grossProfit": 681216000, "grossProfitRatio": 0.4134234444, "researchAndDevelopmentExpenses": 0, "generalAndAdministrativeExpenses": 325593000, "sellingAndMarketingExpenses": 63311000, "sellingGeneralAndAdministrativeExpenses": 262282000, "otherExpenses": 22268000, "operatingExpenses": 489274000, "costAndExpenses": 1455802000, "interestIncome": 28389000, "interestExpense": 122205000, "depreciationAndAmortization": 173446000, "ebitda": 363632000, "ebitdaratio": 0.2206847666, "operatingIncome": 191942000, "operatingIncomeRatio": 0.1164877554, "totalOtherIncomeExpensesNet": 26770000, "incomeBeforeTax": 94751000, "incomeBeforeTaxRatio": 0.0575034714, "incomeTaxExpense": 28818000, "netIncome": 124844000, "netIncomeRatio": 0.0757666239, "eps": 1.36, "epsdiluted": 1.36, "weightedAverageShsOut": 91408824, "weightedAverageShsOutDil": 91408824, "link": "https://www.sec.gov/Archives/edgar/data/1108426/000110842610000022/0001108426-10-000022-index.htm", "finalLink": "https://www.sec.gov/Archives/edgar/data/22767/000110842610000022/f10k_123109pnmr.htm", "calculatedOtherExpenses": 226992000, "calculatedOperatingExpenses": 489274000, "calculatedNetInterest": -93816000, "calculatedOtherIncome": -3375000, "calculatedIncomeNonControlling": -58911000, "calculatedEbitda": 365388000}, {"date": "2008-12-31", "symbol": "PNM", "reportedCurrency": "USD", "cik": "0001108426", "fillingDate": "2009-03-02", "acceptedDate": "2009-03-02 17:13:08", "calendarYear": "2008", "period": "FY", "revenue": 1959522000, "costOfRevenue": 1433753000, "grossProfit": 525769000, "grossProfitRatio": 0.2683149258, "researchAndDevelopmentExpenses": 0, "generalAndAdministrativeExpenses": 253311000, "sellingAndMarketingExpenses": 0, "sellingGeneralAndAdministrativeExpenses": 253311000, "otherExpenses": 472024000, "operatingExpenses": 725335000, "costAndExpenses": 2159088000, "interestIncome": 24096000, "interestExpense": 132955000, "depreciationAndAmortization": 150474000, "ebitda": 31392000, "ebitdaratio": 0.0160202335, "operatingIncome": -199566000, "operatingIncomeRatio": -0.1018442253, "totalOtherIncomeExpensesNet": -80484000, "incomeBeforeTax": -396088000, "incomeBeforeTaxRatio": -0.2021350105, "incomeTaxExpense": -90816000, "netIncome": -270644000, "netIncomeRatio": -0.1381173572, "eps": -3.24, "epsdiluted": -3.24, "weightedAverageShsOut": 83500000, "weightedAverageShsOutDil": 83500000, "link": "https://www.sec.gov/Archives/edgar/data/1108426/000110842609000022/0001108426-09-000022-index.html", "finalLink": "https://www.sec.gov/Archives/edgar/data/22767/000110842609000022/f10k_123108pnmr.htm", "calculatedOtherExpenses": 472024000, "calculatedOperatingExpenses": 725335000, "calculatedNetInterest": -108859000, "calculatedOtherIncome": -87663000, "calculatedIncomeNonControlling": -34628000, "calculatedEbitda": -49092000}, {"date": "2007-12-31", "symbol": "PNM", "reportedCurrency": "USD", "cik": "0001108426", "fillingDate": "2008-02-29", "acceptedDate": "2008-02-28 19:29:48", "calendarYear": "2007", "period": "FY", "revenue": 1914029000, "costOfRevenue": 1323008000, "grossProfit": 591021000, "grossProfitRatio": 0.3087837227, "researchAndDevelopmentExpenses": 0, "generalAndAdministrativeExpenses": 214588000, "sellingAndMarketingExpenses": 0, "sellingGeneralAndAdministrativeExpenses": 214588000, "otherExpenses": 251391000, "operatingExpenses": 465979000, "costAndExpenses": 1788987000, "interestIncome": 43154000, "interestExpense": 120683000, "depreciationAndAmortization": 144323000, "ebitda": 254294000, "ebitdaratio": 0.1328579661, "operatingIncome": 125042000, "operatingIncomeRatio": 0.0653292087, "totalOtherIncomeExpensesNet": 15071000, "incomeBeforeTax": 62584000, "incomeBeforeTaxRatio": 0.0326975192, "incomeTaxExpense": 3226000, "netIncome": 74874000, "netIncomeRatio": 0.0391185296, "eps": 0.98, "epsdiluted": 0.96, "weightedAverageShsOut": 77900000, "weightedAverageShsOutDil": 77900000, "link": "https://www.sec.gov/Archives/edgar/data/1108426/000110842608000032/0001108426-08-000032-index.htm", "finalLink": "https://www.sec.gov/Archives/edgar/data/22767/000110842608000032/f10k_123107pnmr.htm", "calculatedOtherExpenses": 251391000, "calculatedOperatingExpenses": 465979000, "calculatedNetInterest": -77529000, "calculatedOtherIncome": 15071000, "calculatedIncomeNonControlling": -15516000, "calculatedEbitda": 269365000}, {"date": "2006-12-31", "symbol": "PNM", "reportedCurrency": "USD", "cik": "0001108426", "fillingDate": "2007-03-01", "acceptedDate": "2007-03-01 15:23:18", "calendarYear": "2006", "period": "FY", "revenue": 2471669000, "costOfRevenue": 1609959000, "grossProfit": 861710000, "grossProfitRatio": 0.3486348698, "researchAndDevelopmentExpenses": 0, "generalAndAdministrativeExpenses": 276023000, "sellingAndMarketingExpenses": 0, "sellingGeneralAndAdministrativeExpenses": 276023000, "otherExpenses": 305982000, "operatingExpenses": 582005000, "costAndExpenses": 2191964000, "interestIncome": 39682000, "interestExpense": 146578000, "depreciationAndAmortization": 103191000, "ebitda": 419229000, "ebitdaratio": 0.1696137306, "operatingIncome": 279705000, "operatingIncomeRatio": 0.1131644245, "totalOtherIncomeExpensesNet": 12747000, "incomeBeforeTax": 185556000, "incomeBeforeTaxRatio": 0.0750731591, "incomeTaxExpense": 63970000, "netIncome": 121586000, "netIncomeRatio": 0.0491918619, "eps": 1.73, "epsdiluted": 1.71, "weightedAverageShsOut": 69836994, "weightedAverageShsOutDil": 70653801, "link": "https://www.sec.gov/Archives/edgar/data/1108426/000110842607000028/0001108426-07-000028-index.htm", "finalLink": "https://www.sec.gov/Archives/edgar/data/22767/000110842607000028/f10k_123106pnmr.htm", "calculatedOtherExpenses": 305982000, "calculatedOperatingExpenses": 582005000, "calculatedNetInterest": -106896000, "calculatedOtherIncome": 12747000, "calculatedIncomeNonControlling": 0, "calculatedEbitda": 382896000}, {"date": "2005-12-31", "symbol": "PNM", "reportedCurrency": "USD", "cik": "0001108426", "fillingDate": "2006-03-14", "acceptedDate": "2006-03-14 15:58:27", "calendarYear": "2005", "period": "FY", "revenue": 2076810000, "costOfRevenue": 1440227000, "grossProfit": 636583000, "grossProfitRatio": 0.3065196142, "researchAndDevelopmentExpenses": 0, "generalAndAdministrativeExpenses": 217983000, "sellingAndMarketingExpenses": 0, "sellingGeneralAndAdministrativeExpenses": 217983000, "otherExpenses": 257405000, "operatingExpenses": 475388000, "costAndExpenses": 1915615000, "interestIncome": 42829000, "interestExpense": 99413000, "depreciationAndAmortization": 160591000, "ebitda": 328251000, "ebitdaratio": 0.158055383, "operatingIncome": 161195000, "operatingIncomeRatio": 0.0776166332, "totalOtherIncomeExpensesNet": -6465000, "incomeBeforeTax": 98146000, "incomeBeforeTaxRatio": 0.0472580544, "incomeTaxExpense": 32861000, "netIncome": 64359000, "netIncomeRatio": 0.0309893539, "eps": 1, "epsdiluted": 0.98, "weightedAverageShsOut": 64359000, "weightedAverageShsOutDil": 65672449, "link": "https://www.sec.gov/Archives/edgar/data/1108426/000110842606000040/0001108426-06-000040-index.htm", "finalLink": "https://www.sec.gov/Archives/edgar/data/22767/000110842606000040/f10k_123105pnmr.htm", "calculatedOtherExpenses": 257405000, "calculatedOperatingExpenses": 475388000, "calculatedNetInterest": -56584000, "calculatedOtherIncome": -6465000, "calculatedIncomeNonControlling": 926000, "calculatedEbitda": 321786000}, {"date": "2004-12-31", "symbol": "PNM", "reportedCurrency": "USD", "cik": "0001108426", "fillingDate": "2005-03-01", "acceptedDate": "2005-03-01 17:34:16", "calendarYear": "2004", "period": "FY", "revenue": 1603967000, "costOfRevenue": 1091339000, "grossProfit": 512628000, "grossProfitRatio": 0.3196000915, "researchAndDevelopmentExpenses": 0, "generalAndAdministrativeExpenses": 165942000, "sellingAndMarketingExpenses": 0, "sellingGeneralAndAdministrativeExpenses": 165942000, "otherExpenses": 190350000, "operatingExpenses": 356292000, "costAndExpenses": 1447631000, "interestIncome": 0, "interestExpense": 54003000, "depreciationAndAmortization": 131625000, "ebitda": 245731000, "ebitdaratio": 0.1532020297, "operatingIncome": 156336000, "operatingIncomeRatio": 0.0974683394, "totalOtherIncomeExpensesNet": 42230000, "incomeBeforeTax": 144563000, "incomeBeforeTaxRatio": 0.0901284129, "incomeTaxExpense": 52697000, "netIncome": 91866000, "netIncomeRatio": 0.0572742457, "eps": 1.43, "epsdiluted": 1.41, "weightedAverageShsOut": 60918881, "weightedAverageShsOutDil": 61782979, "link": "https://www.sec.gov/Archives/edgar/data/1108426/000110842605000030/0001108426-05-000030-index.htm", "finalLink": "https://www.sec.gov/Archives/edgar/data/1108426/000110842605000030/f10k_12312004pnmr.htm", "calculatedOtherExpenses": 190350000, "calculatedOperatingExpenses": 356292000, "calculatedNetInterest": -54003000, "calculatedOtherIncome": 42230000, "calculatedIncomeNonControlling": 0, "calculatedEbitda": 287961000}, {"date": "2003-12-31", "symbol": "PNM", "reportedCurrency": "USD", "cik": "0001108426", "fillingDate": "2004-03-10", "acceptedDate": "2004-03-10 16:29:16", "calendarYear": "2003", "period": "FY", "revenue": 1455714000, "costOfRevenue": 943315000, "grossProfit": 512399000, "grossProfitRatio": 0.3519915313, "researchAndDevelopmentExpenses": 0, "generalAndAdministrativeExpenses": 158706000, "sellingAndMarketingExpenses": 0, "sellingGeneralAndAdministrativeExpenses": 158706000, "otherExpenses": 207029000, "operatingExpenses": 365735000, "costAndExpenses": 1309050000, "interestIncome": 0, "interestExpense": 66775000, "depreciationAndAmortization": 144854000, "ebitda": 284966000, "ebitdaratio": 0.1957568588, "operatingIncome": 146664000, "operatingIncomeRatio": 0.1007505595, "totalOtherIncomeExpensesNet": 6552000, "incomeBeforeTax": 86441000, "incomeBeforeTaxRatio": 0.0593804827, "incomeTaxExpense": 27889000, "netIncome": 95173000, "netIncomeRatio": 0.0653789137, "eps": 1.57, "epsdiluted": 1.56, "weightedAverageShsOut": 60246497, "weightedAverageShsOutDil": 60632692, "link": "https://www.sec.gov/Archives/edgar/data/1108426/000110842604000037/0001108426-04-000037-index.htm", "finalLink": "https://www.sec.gov/Archives/edgar/data/81023/000110842604000037/f10k_12312003pnmr.txt", "calculatedOtherExpenses": 207029000, "calculatedOperatingExpenses": 365735000, "calculatedNetInterest": -66775000, "calculatedOtherIncome": 6552000, "calculatedIncomeNonControlling": -36621000, "calculatedEbitda": 291518000}, {"date": "2002-12-31", "symbol": "PNM", "reportedCurrency": "USD", "cik": "0001108426", "fillingDate": "2003-03-18", "acceptedDate": "2003-03-18 16:52:12", "calendarYear": "2002", "period": "FY", "revenue": 1168996000, "costOfRevenue": 149528000, "grossProfit": 1019468000, "grossProfitRatio": 0.8720885272, "researchAndDevelopmentExpenses": 0, "generalAndAdministrativeExpenses": 146231000, "sellingAndMarketingExpenses": 0, "sellingGeneralAndAdministrativeExpenses": 146231000, "otherExpenses": 750576000, "operatingExpenses": 896807000, "costAndExpenses": 1046335000, "interestIncome": 44954000, "interestExpense": 61412000, "depreciationAndAmortization": 115415000, "ebitda": 246976000, "ebitdaratio": 0.2112718949, "operatingIncome": 122661000, "operatingIncomeRatio": 0.1049285027, "totalOtherIncomeExpensesNet": -8900000, "incomeBeforeTax": 97303000, "incomeBeforeTaxRatio": 0.083236384, "incomeTaxExpense": 33031000, "netIncome": 64272000, "netIncomeRatio": 0.0549805132, "eps": 1.09, "epsdiluted": 1.07, "weightedAverageShsOut": 56714724, "weightedAverageShsOutDil": 57419255, "link": "https://www.sec.gov/Archives/edgar/data/1108426/000110842603000009/0001108426-03-000009-index.htm", "finalLink": "https://www.sec.gov/Archives/edgar/data/81023/000110842603000009/f10k_12312002pnmr.txt", "calculatedOtherExpenses": 750576000, "calculatedOperatingExpenses": 896807000, "calculatedNetInterest": -16458000, "calculatedOtherIncome": -8900000, "calculatedIncomeNonControlling": 0, "calculatedEbitda": 238076000}, {"date": "2001-12-31", "symbol": "PNM", "reportedCurrency": "USD", "cik": "0001108426", "fillingDate": "2002-03-26", "acceptedDate": "2002-03-26 00:00:00", "calendarYear": "2001", "period": "FY", "revenue": 2352098000, "costOfRevenue": 152455000, "grossProfit": 2199643000, "grossProfitRatio": 0.935183398, "researchAndDevelopmentExpenses": 0, "generalAndAdministrativeExpenses": 0, "sellingAndMarketingExpenses": 0, "sellingGeneralAndAdministrativeExpenses": 155392000, "otherExpenses": 1732805000, "operatingExpenses": 1888197000, "costAndExpenses": 2040652000, "interestIncome": 0, "interestExpense": 64840000, "depreciationAndAmortization": 106768000, "ebitda": 425618000, "ebitdaratio": 0.1809524943, "operatingIncome": 311446000, "operatingIncomeRatio": 0.1324119998, "totalOtherIncomeExpensesNet": -7404000, "incomeBeforeTax": 239202000, "incomeBeforeTaxRatio": 0.1016972932, "incomeTaxExpense": 88769000, "netIncome": 150433000, "netIncomeRatio": 0.063956944, "eps": 2.55, "epsdiluted": 2.51, "weightedAverageShsOut": 58763529, "weightedAverageShsOutDil": 59700000, "link": "https://www.sec.gov/Archives/edgar/data/1108426/000110842602000015/0001108426-02-000015-index.htm", "finalLink": "https://www.sec.gov/Archives/edgar/data/81023/000110842602000015/f10k_2001pnmr.txt", "calculatedOtherExpenses": 1732805000, "calculatedOperatingExpenses": 1888197000, "calculatedNetInterest": -64840000, "calculatedOtherIncome": -7404000, "calculatedIncomeNonControlling": 0, "calculatedEbitda": 418214000}, {"date": "2000-12-31", "symbol": "PNM", "reportedCurrency": "USD", "cik": "0001108426", "fillingDate": "2000-12-31", "acceptedDate": "2000-12-30 19:00:00", "calendarYear": "2000", "period": "FY", "revenue": 1611274000, "costOfRevenue": 139894000, "grossProfit": 1471380000, "grossProfitRatio": 0.9131780194, "researchAndDevelopmentExpenses": 0, "generalAndAdministrativeExpenses": 0, "sellingAndMarketingExpenses": 0, "sellingGeneralAndAdministrativeExpenses": 147268000, "otherExpenses": 1137674000, "operatingExpenses": 1284942000, "costAndExpenses": 1424836000, "interestIncome": 0, "interestExpense": 65442000, "depreciationAndAmortization": 103829000, "ebitda": 256353000, "ebitdaratio": 0.1590995697, "operatingIncome": 186438000, "operatingIncomeRatio": 0.1157084394, "totalOtherIncomeExpensesNet": 33914000, "incomeBeforeTax": 154910000, "incomeBeforeTaxRatio": 0.0961413143, "incomeTaxExpense": 53964000, "netIncome": 100946000, "netIncomeRatio": 0.0626498038, "eps": 1.69, "epsdiluted": 1.69, "weightedAverageShsOut": 59384615, "weightedAverageShsOutDil": 59384615, "link": "", "finalLink": "", "calculatedOtherExpenses": 1137674000, "calculatedOperatingExpenses": 1284942000, "calculatedNetInterest": -65442000, "calculatedOtherIncome": 33914000, "calculatedIncomeNonControlling": 0, "calculatedEbitda": 290267000}, {"date": "1999-12-31", "symbol": "PNM", "reportedCurrency": "USD", "cik": "0001108426", "fillingDate": "1999-12-31", "acceptedDate": "1999-12-30 19:00:00", "calendarYear": "1999", "period": "FY", "revenue": 1157600000, "costOfRevenue": 200000000, "grossProfit": 957600000, "grossProfitRatio": 0.8272287491, "researchAndDevelopmentExpenses": 0, "generalAndAdministrativeExpenses": 0, "sellingAndMarketingExpenses": 0, "sellingGeneralAndAdministrativeExpenses": 153700000, "otherExpenses": 658700000, "operatingExpenses": 812400000, "costAndExpenses": 1012400000, "interestIncome": 0, "interestExpense": 0, "depreciationAndAmortization": 73700000, "ebitda": 218900000, "ebitdaratio": 0.1890981341, "operatingIncome": 145200000, "operatingIncomeRatio": 0.1254319281, "totalOtherIncomeExpensesNet": 30200000, "incomeBeforeTax": 104600000, "incomeBeforeTaxRatio": 0.0903593642, "incomeTaxExpense": 25000000, "netIncome": 83100000, "netIncomeRatio": 0.0717864547, "eps": 1.34, "epsdiluted": 1.34, "weightedAverageShsOut": 61567164, "weightedAverageShsOutDil": 61567164, "link": "", "finalLink": "", "calculatedOtherExpenses": 658700000, "calculatedOperatingExpenses": 812400000, "calculatedNetInterest": 0, "calculatedOtherIncome": -40600000, "calculatedIncomeNonControlling": -3500000, "calculatedEbitda": 218900000}, {"date": "1998-12-31", "symbol": "PNM", "reportedCurrency": "USD", "cik": "0001108426", "fillingDate": "1998-12-31", "acceptedDate": "1998-12-30 19:00:00", "calendarYear": "1998", "period": "FY", "revenue": 1092500000, "costOfRevenue": 445800000, "grossProfit": 646700000, "grossProfitRatio": 0.5919450801, "researchAndDevelopmentExpenses": 0, "generalAndAdministrativeExpenses": 0, "sellingAndMarketingExpenses": 0, "sellingGeneralAndAdministrativeExpenses": 0, "otherExpenses": 469700000, "operatingExpenses": 469700000, "costAndExpenses": 915500000, "interestIncome": 0, "interestExpense": 63200000, "depreciationAndAmortization": 75400000, "ebitda": 252400000, "ebitdaratio": 0.2310297483, "operatingIncome": 177000000, "operatingIncomeRatio": 0.16201373, "totalOtherIncomeExpensesNet": 22700000, "incomeBeforeTax": 136400000, "incomeBeforeTaxRatio": 0.1248512586, "incomeTaxExpense": 41300000, "netIncome": 82700000, "netIncomeRatio": 0.0756979405, "eps": 1.31, "epsdiluted": 1.3, "weightedAverageShsOut": 62512690, "weightedAverageShsOutDil": 63153846, "link": "", "finalLink": "", "calculatedOtherExpenses": 469700000, "calculatedOperatingExpenses": 469700000, "calculatedNetInterest": -63200000, "calculatedOtherIncome": 22600000, "calculatedIncomeNonControlling": 12400000, "calculatedEbitda": 252400000}, {"date": "1997-12-31", "symbol": "PNM", "reportedCurrency": "USD", "cik": "0001108426", "fillingDate": "1997-12-31", "acceptedDate": "1997-12-30 19:00:00", "calendarYear": "1997", "period": "FY", "revenue": 1135300000, "costOfRevenue": 527000000, "grossProfit": 608300000, "grossProfitRatio": 0.535805514, "researchAndDevelopmentExpenses": 0, "generalAndAdministrativeExpenses": 0, "sellingAndMarketingExpenses": 0, "sellingGeneralAndAdministrativeExpenses": 0, "otherExpenses": 445900000, "operatingExpenses": 445900000, "costAndExpenses": 972900000, "interestIncome": 0, "interestExpense": 0, "depreciationAndAmortization": 81700000, "ebitda": 244100000, "ebitdaratio": 0.2150092487, "operatingIncome": 162400000, "operatingIncomeRatio": 0.143045891, "totalOtherIncomeExpensesNet": 13200000, "incomeBeforeTax": 119300000, "incomeBeforeTaxRatio": 0.1050823571, "incomeTaxExpense": 38300000, "netIncome": 81000000, "netIncomeRatio": 0.0713467806, "eps": 1.28, "epsdiluted": 1.27, "weightedAverageShsOut": 62781109, "weightedAverageShsOutDil": 63109806, "link": "", "finalLink": "", "calculatedOtherExpenses": 445900000, "calculatedOperatingExpenses": 445900000, "calculatedNetInterest": 0, "calculatedOtherIncome": -43100000, "calculatedIncomeNonControlling": 0, "calculatedEbitda": 244100000}, {"date": "1996-12-31", "symbol": "PNM", "reportedCurrency": "USD", "cik": "0001108426", "fillingDate": "1996-12-31", "acceptedDate": "1996-12-30 19:00:00", "calendarYear": "1996", "period": "FY", "revenue": 883300000, "costOfRevenue": 291900000, "grossProfit": 591400000, "grossProfitRatio": 0.6695346994, "researchAndDevelopmentExpenses": 0, "generalAndAdministrativeExpenses": 0, "sellingAndMarketingExpenses": 0, "sellingGeneralAndAdministrativeExpenses": 0, "otherExpenses": 426100000, "operatingExpenses": 426100000, "costAndExpenses": 718000000, "interestIncome": 0, "interestExpense": 54700000, "depreciationAndAmortization": 90000000, "ebitda": 255300000, "ebitdaratio": 0.2890297747, "operatingIncome": 165300000, "operatingIncomeRatio": 0.1871391373, "totalOtherIncomeExpensesNet": 1300000, "incomeBeforeTax": 112000000, "incomeBeforeTaxRatio": 0.1267972376, "incomeTaxExpense": 39400000, "netIncome": 72600000, "netIncomeRatio": 0.0821917808, "eps": 1.15, "epsdiluted": 1.14, "weightedAverageShsOut": 62759318, "weightedAverageShsOutDil": 63126332, "link": "", "finalLink": "", "calculatedOtherExpenses": 426100000, "calculatedOperatingExpenses": 426100000, "calculatedNetInterest": -54700000, "calculatedOtherIncome": 1400000, "calculatedIncomeNonControlling": 0, "calculatedEbitda": 255300000}, {"date": "1995-12-31", "symbol": "PNM", "reportedCurrency": "USD", "cik": "0001108426", "fillingDate": "1995-12-31", "acceptedDate": "1995-12-30 19:00:00", "calendarYear": "1995", "period": "FY", "revenue": 808500000, "costOfRevenue": 235100000, "grossProfit": 573400000, "grossProfitRatio": 0.7092145949, "researchAndDevelopmentExpenses": 0, "generalAndAdministrativeExpenses": 0, "sellingAndMarketingExpenses": 0, "sellingGeneralAndAdministrativeExpenses": 0, "otherExpenses": 429800000, "operatingExpenses": 429800000, "costAndExpenses": 664900000, "interestIncome": 0, "interestExpense": 57900000, "depreciationAndAmortization": 73000000, "ebitda": 216600000, "ebitdaratio": 0.267903525, "operatingIncome": 143600000, "operatingIncomeRatio": 0.1776128633, "totalOtherIncomeExpensesNet": 20100000, "incomeBeforeTax": 105800000, "incomeBeforeTaxRatio": 0.1308596166, "incomeTaxExpense": 30200000, "netIncome": 75600000, "netIncomeRatio": 0.0935064935, "eps": 1.15, "epsdiluted": 1.15, "weightedAverageShsOut": 62661000, "weightedAverageShsOutDil": 62781109, "link": "", "finalLink": "", "calculatedOtherExpenses": 429800000, "calculatedOperatingExpenses": 429800000, "calculatedNetInterest": -57900000, "calculatedOtherIncome": 20100000, "calculatedIncomeNonControlling": 0, "calculatedEbitda": 216600000}, {"date": "1994-12-31", "symbol": "PNM", "reportedCurrency": "USD", "cik": "0001108426", "fillingDate": "1994-12-31", "acceptedDate": "1994-12-30 19:00:00", "calendarYear": "1994", "period": "FY", "revenue": 904700000, "costOfRevenue": 269800000, "grossProfit": 634900000, "grossProfitRatio": 0.7017795954, "researchAndDevelopmentExpenses": 0, "generalAndAdministrativeExpenses": 0, "sellingAndMarketingExpenses": 0, "sellingGeneralAndAdministrativeExpenses": 0, "otherExpenses": 439600000, "operatingExpenses": 439600000, "costAndExpenses": 709400000, "interestIncome": 0, "interestExpense": 70800000, "depreciationAndAmortization": 90900000, "ebitda": 286200000, "ebitdaratio": 0.3163479606, "operatingIncome": 195300000, "operatingIncomeRatio": 0.215872665, "totalOtherIncomeExpensesNet": -200000, "incomeBeforeTax": 124500000, "incomeBeforeTaxRatio": 0.1376146789, "incomeTaxExpense": 44200000, "netIncome": 80300000, "netIncomeRatio": 0.0887587045, "eps": 1.18, "epsdiluted": 1.18, "weightedAverageShsOut": 62661000, "weightedAverageShsOutDil": 62676995, "link": "", "finalLink": "", "calculatedOtherExpenses": 439600000, "calculatedOperatingExpenses": 439600000, "calculatedNetInterest": -70800000, "calculatedOtherIncome": 0, "calculatedIncomeNonControlling": 0, "calculatedEbitda": 286200000}, {"date": "1993-12-31", "symbol": "PNM", "reportedCurrency": "USD", "cik": "0001108426", "fillingDate": "1993-12-31", "acceptedDate": "1993-12-30 19:00:00", "calendarYear": "1993", "period": "FY", "revenue": 873900000, "costOfRevenue": 0, "grossProfit": 873900000, "grossProfitRatio": 1, "researchAndDevelopmentExpenses": 0, "generalAndAdministrativeExpenses": 0, "sellingAndMarketingExpenses": 0, "sellingGeneralAndAdministrativeExpenses": 0, "otherExpenses": 0, "operatingExpenses": 0, "costAndExpenses": 0, "interestIncome": 0, "interestExpense": 0, "depreciationAndAmortization": 0, "ebitda": 873900000, "ebitdaratio": 1, "operatingIncome": 873900000, "operatingIncomeRatio": 1, "totalOtherIncomeExpensesNet": 0, "incomeBeforeTax": 0, "incomeBeforeTaxRatio": 0, "incomeTaxExpense": 61500000, "netIncome": -61500000, "netIncomeRatio": -0.0703741847, "eps": -0.98, "epsdiluted": -0.98, "weightedAverageShsOut": 62438293, "weightedAverageShsOutDil": 62438293, "link": "", "finalLink": "", "calculatedOtherExpenses": 0, "calculatedOperatingExpenses": 0, "calculatedNetInterest": 0, "calculatedOtherIncome": -873900000, "calculatedIncomeNonControlling": 0, "calculatedEbitda": 873900000}, {"date": "1992-12-31", "symbol": "PNM", "reportedCurrency": "USD", "cik": "0001108426", "fillingDate": "1992-12-31", "acceptedDate": "1992-12-30 19:00:00", "calendarYear": "1992", "period": "FY", "revenue": 852000000, "costOfRevenue": 0, "grossProfit": 852000000, "grossProfitRatio": 1, "researchAndDevelopmentExpenses": 0, "generalAndAdministrativeExpenses": 0, "sellingAndMarketingExpenses": 0, "sellingGeneralAndAdministrativeExpenses": 0, "otherExpenses": 0, "operatingExpenses": 0, "costAndExpenses": 0, "interestIncome": 0, "interestExpense": 0, "depreciationAndAmortization": 0, "ebitda": 852000000, "ebitdaratio": 1, "operatingIncome": 852000000, "operatingIncomeRatio": 1, "totalOtherIncomeExpensesNet": 0, "incomeBeforeTax": 0, "incomeBeforeTaxRatio": 0, "incomeTaxExpense": 104300000, "netIncome": -104300000, "netIncomeRatio": -0.1224178404, "eps": -1.67, "epsdiluted": -1.67, "weightedAverageShsOut": 62552993, "weightedAverageShsOutDil": 62552993, "link": "", "finalLink": "", "calculatedOtherExpenses": 0, "calculatedOperatingExpenses": 0, "calculatedNetInterest": 0, "calculatedOtherIncome": -852000000, "calculatedIncomeNonControlling": 0, "calculatedEbitda": 852000000}, {"date": "1991-12-31", "symbol": "PNM", "reportedCurrency": "USD", "cik": "0001108426", "fillingDate": "1991-12-31", "acceptedDate": "1991-12-30 19:00:00", "calendarYear": "1991", "period": "FY", "revenue": 857200000, "costOfRevenue": 0, "grossProfit": 857200000, "grossProfitRatio": 1, "researchAndDevelopmentExpenses": 0, "generalAndAdministrativeExpenses": 0, "sellingAndMarketingExpenses": 0, "sellingGeneralAndAdministrativeExpenses": 0, "otherExpenses": 0, "operatingExpenses": 0, "costAndExpenses": 0, "interestIncome": 0, "interestExpense": 0, "depreciationAndAmortization": 0, "ebitda": 857200000, "ebitdaratio": 1, "operatingIncome": 857200000, "operatingIncomeRatio": 1, "totalOtherIncomeExpensesNet": 0, "incomeBeforeTax": 0, "incomeBeforeTaxRatio": 0, "incomeTaxExpense": -23000000, "netIncome": 23000000, "netIncomeRatio": 0.0268315446, "eps": 0.21, "epsdiluted": 0.21, "weightedAverageShsOut": 63249625, "weightedAverageShsOutDil": 63249625, "link": "", "finalLink": "", "calculatedOtherExpenses": 0, "calculatedOperatingExpenses": 0, "calculatedNetInterest": 0, "calculatedOtherIncome": -857200000, "calculatedIncomeNonControlling": 0, "calculatedEbitda": 857200000}, {"date": "1990-12-31", "symbol": "PNM", "reportedCurrency": "USD", "cik": "0001108426", "fillingDate": "1990-12-31", "acceptedDate": "1990-12-30 19:00:00", "calendarYear": "1990", "period": "FY", "revenue": 855100000, "costOfRevenue": 0, "grossProfit": 855100000, "grossProfitRatio": 1, "researchAndDevelopmentExpenses": 0, "generalAndAdministrativeExpenses": 0, "sellingAndMarketingExpenses": 0, "sellingGeneralAndAdministrativeExpenses": 0, "otherExpenses": 0, "operatingExpenses": 0, "costAndExpenses": 0, "interestIncome": 0, "interestExpense": 0, "depreciationAndAmortization": 0, "ebitda": 855100000, "ebitdaratio": 1, "operatingIncome": 855100000, "operatingIncomeRatio": 1, "totalOtherIncomeExpensesNet": 0, "incomeBeforeTax": 0, "incomeBeforeTaxRatio": 0, "incomeTaxExpense": -400000, "netIncome": 400000, "netIncomeRatio": 0.0004677815, "eps": -0.15, "epsdiluted": -0.15, "weightedAverageShsOut": 62577407, "weightedAverageShsOutDil": 62577407, "link": "", "finalLink": "", "calculatedOtherExpenses": 0, "calculatedOperatingExpenses": 0, "calculatedNetInterest": 0, "calculatedOtherIncome": -855100000, "calculatedIncomeNonControlling": 0, "calculatedEbitda": 855100000}, {"date": "1989-12-31", "symbol": "PNM", "reportedCurrency": "USD", "cik": "0001108426", "fillingDate": "1989-12-31", "acceptedDate": "1989-12-30 19:00:00", "calendarYear": "1989", "period": "FY", "revenue": 915300000, "costOfRevenue": 0, "grossProfit": 915300000, "grossProfitRatio": 1, "researchAndDevelopmentExpenses": 0, "generalAndAdministrativeExpenses": 0, "sellingAndMarketingExpenses": 0, "sellingGeneralAndAdministrativeExpenses": 0, "otherExpenses": 0, "operatingExpenses": 0, "costAndExpenses": 0, "interestIncome": 0, "interestExpense": 0, "depreciationAndAmortization": 0, "ebitda": 915300000, "ebitdaratio": 1, "operatingIncome": 915300000, "operatingIncomeRatio": 1, "totalOtherIncomeExpensesNet": 0, "incomeBeforeTax": 0, "incomeBeforeTaxRatio": 0, "incomeTaxExpense": -82600000, "netIncome": 82600000, "netIncomeRatio": 0.090243636, "eps": 1.15, "epsdiluted": 1.15, "weightedAverageShsOut": 62483209, "weightedAverageShsOutDil": 62483209, "link": "", "finalLink": "", "calculatedOtherExpenses": 0, "calculatedOperatingExpenses": 0, "calculatedNetInterest": 0, "calculatedOtherIncome": -915300000, "calculatedIncomeNonControlling": 0, "calculatedEbitda": 915300000}, {"date": "1988-12-31", "symbol": "PNM", "reportedCurrency": "USD", "cik": "0001108426", "fillingDate": "1988-12-31", "acceptedDate": "1988-12-30 19:00:00", "calendarYear": "1988", "period": "FY", "revenue": 841900000, "costOfRevenue": 0, "grossProfit": 841900000, "grossProfitRatio": 1, "researchAndDevelopmentExpenses": 0, "generalAndAdministrativeExpenses": 0, "sellingAndMarketingExpenses": 0, "sellingGeneralAndAdministrativeExpenses": 0, "otherExpenses": 0, "operatingExpenses": 0, "costAndExpenses": 0, "interestIncome": 0, "interestExpense": 0, "depreciationAndAmortization": 0, "ebitda": 841900000, "ebitdaratio": 1, "operatingIncome": 841900000, "operatingIncomeRatio": 1, "totalOtherIncomeExpensesNet": 0, "incomeBeforeTax": 0, "incomeBeforeTaxRatio": 0, "incomeTaxExpense": 183500000, "netIncome": -183500000, "netIncomeRatio": -0.2179593776, "eps": -2.93, "epsdiluted": -2.93, "weightedAverageShsOut": 62608181, "weightedAverageShsOutDil": 62608181, "link": "", "finalLink": "", "calculatedOtherExpenses": 0, "calculatedOperatingExpenses": 0, "calculatedNetInterest": 0, "calculatedOtherIncome": -841900000, "calculatedIncomeNonControlling": 0, "calculatedEbitda": 841900000}, {"date": "1987-12-31", "symbol": "PNM", "reportedCurrency": "USD", "cik": "0001108426", "fillingDate": "1987-12-31", "acceptedDate": "1987-12-30 19:00:00", "calendarYear": "1987", "period": "FY", "revenue": 689700000, "costOfRevenue": 0, "grossProfit": 689700000, "grossProfitRatio": 1, "researchAndDevelopmentExpenses": 0, "generalAndAdministrativeExpenses": 0, "sellingAndMarketingExpenses": 0, "sellingGeneralAndAdministrativeExpenses": 0, "otherExpenses": 0, "operatingExpenses": 0, "costAndExpenses": 0, "interestIncome": 0, "interestExpense": 0, "depreciationAndAmortization": 0, "ebitda": 689700000, "ebitdaratio": 1, "operatingIncome": 689700000, "operatingIncomeRatio": 1, "totalOtherIncomeExpensesNet": 0, "incomeBeforeTax": 0, "incomeBeforeTaxRatio": 0, "incomeTaxExpense": -95400000, "netIncome": 95400000, "netIncomeRatio": 0.1383210091, "eps": 1.33, "epsdiluted": 1.33, "weightedAverageShsOut": 62593703, "weightedAverageShsOutDil": 62593703, "link": "", "finalLink": "", "calculatedOtherExpenses": 0, "calculatedOperatingExpenses": 0, "calculatedNetInterest": 0, "calculatedOtherIncome": -689700000, "calculatedIncomeNonControlling": 0, "calculatedEbitda": 689700000}, {"date": "1986-12-31", "symbol": "PNM", "reportedCurrency": "USD", "cik": "0001108426", "fillingDate": "1986-12-31", "acceptedDate": "1986-12-30 19:00:00", "calendarYear": "1986", "period": "FY", "revenue": 698000000, "costOfRevenue": 0, "grossProfit": 698000000, "grossProfitRatio": 1, "researchAndDevelopmentExpenses": 0, "generalAndAdministrativeExpenses": 0, "sellingAndMarketingExpenses": 0, "sellingGeneralAndAdministrativeExpenses": 0, "otherExpenses": 0, "operatingExpenses": 0, "costAndExpenses": 0, "interestIncome": 0, "interestExpense": 0, "depreciationAndAmortization": 0, "ebitda": 698000000, "ebitdaratio": 1, "operatingIncome": 698000000, "operatingIncomeRatio": 1, "totalOtherIncomeExpensesNet": 0, "incomeBeforeTax": 0, "incomeBeforeTaxRatio": 0, "incomeTaxExpense": -151000000, "netIncome": 151000000, "netIncomeRatio": 0.2163323782, "eps": 2.19, "epsdiluted": 2.19, "weightedAverageShsOut": 60516854, "weightedAverageShsOutDil": 60516854, "link": "", "finalLink": "", "calculatedOtherExpenses": 0, "calculatedOperatingExpenses": 0, "calculatedNetInterest": 0, "calculatedOtherIncome": -698000000, "calculatedIncomeNonControlling": 0, "calculatedEbitda": 698000000}, {"date": "1985-12-31", "symbol": "PNM", "reportedCurrency": "USD", "cik": "0001108426", "fillingDate": "1985-12-31", "acceptedDate": "1985-12-30 19:00:00", "calendarYear": "1985", "period": "FY", "revenue": 749000000, "costOfRevenue": 0, "grossProfit": 749000000, "grossProfitRatio": 1, "researchAndDevelopmentExpenses": 0, "generalAndAdministrativeExpenses": 0, "sellingAndMarketingExpenses": 0, "sellingGeneralAndAdministrativeExpenses": 0, "otherExpenses": 0, "operatingExpenses": 0, "costAndExpenses": 0, "interestIncome": 0, "interestExpense": 0, "depreciationAndAmortization": 0, "ebitda": 749000000, "ebitdaratio": 1, "operatingIncome": 749000000, "operatingIncomeRatio": 1, "totalOtherIncomeExpensesNet": 0, "incomeBeforeTax": 0, "incomeBeforeTaxRatio": 0, "incomeTaxExpense": -146300000, "netIncome": 146300000, "netIncomeRatio": 0.1953271028, "eps": 2.2, "epsdiluted": 2.2, "weightedAverageShsOut": 55608559, "weightedAverageShsOutDil": 55608559, "link": "", "finalLink": "", "calculatedOtherExpenses": 0, "calculatedOperatingExpenses": 0, "calculatedNetInterest": 0, "calculatedOtherIncome": -749000000, "calculatedIncomeNonControlling": 0, "calculatedEbitda": 749000000}]}