{"originalCurrency": "USD", "convertedCurrency": "USD", "report": [{"date": "2023-12-31", "symbol": "PNW", "reportedCurrency": "USD", "cik": "0000764622", "fillingDate": "2024-02-27", "acceptedDate": "2024-02-27 08:22:54", "calendarYear": "2023", "period": "FY", "revenue": 4695991000, "costOfRevenue": 2851382000, "grossProfit": 1844609000, "grossProfitRatio": 0.3928050544, "researchAndDevelopmentExpenses": 0, "generalAndAdministrativeExpenses": 0, "sellingAndMarketingExpenses": 0, "sellingGeneralAndAdministrativeExpenses": 40648000, "otherExpenses": 19213000, "operatingExpenses": 1019969000, "costAndExpenses": 3871351000, "interestIncome": 27242000, "interestExpense": 331323000, "depreciationAndAmortization": 854136000, "ebitda": 1725231000, "ebitdaratio": 0.3673837961, "operatingIncome": 824640000, "operatingIncomeRatio": 0.1756051066, "totalOtherIncomeExpensesNet": 75134000, "incomeBeforeTax": 595693000, "incomeBeforeTaxRatio": 0.126851393, "incomeTaxExpense": 76912000, "netIncome": 501557000, "netIncomeRatio": 0.106805358, "eps": 4.42, "epsdiluted": 4.41, "weightedAverageShsOut": 113442000, "weightedAverageShsOutDil": 113804000, "link": "https://www.sec.gov/Archives/edgar/data/764622/000076462224000016/0000764622-24-000016-index.htm", "finalLink": "https://www.sec.gov/Archives/edgar/data/7286/000076462224000016/pnw-20231231.htm", "calculatedOtherExpenses": 979321000, "calculatedOperatingExpenses": 1019969000, "calculatedNetInterest": -304081000, "calculatedOtherIncome": 75134000, "calculatedIncomeNonControlling": 17224000, "calculatedEbitda": 1678776000}, {"date": "2022-12-31", "symbol": "PNW", "reportedCurrency": "USD", "cik": "0000764622", "fillingDate": "2023-02-27", "acceptedDate": "2023-02-27 08:34:26", "calendarYear": "2022", "period": "FY", "revenue": 4324385000, "costOfRevenue": 2616415000, "grossProfit": 1707970000, "grossProfitRatio": 0.3949625207, "researchAndDevelopmentExpenses": 0, "generalAndAdministrativeExpenses": 0, "sellingAndMarketingExpenses": 0, "sellingGeneralAndAdministrativeExpenses": 98487000, "otherExpenses": 976059000, "operatingExpenses": 976059000, "costAndExpenses": 3592474000, "interestIncome": 7326000, "interestExpense": 255539000, "depreciationAndAmortization": 892369000, "ebitda": 1624280000, "ebitdaratio": 0.3756094797, "operatingIncome": 731911000, "operatingIncomeRatio": 0.1692520439, "totalOtherIncomeExpensesNet": -156258000, "incomeBeforeTax": 575653000, "incomeBeforeTaxRatio": 0.1331178884, "incomeTaxExpense": 74827000, "netIncome": 483602000, "netIncomeRatio": 0.1118313934, "eps": 4.27, "epsdiluted": 4.26, "weightedAverageShsOut": 113196000, "weightedAverageShsOutDil": 113416000, "link": "https://www.sec.gov/Archives/edgar/data/764622/000076462223000023/0000764622-23-000023-index.htm", "finalLink": "https://www.sec.gov/Archives/edgar/data/7286/000076462223000023/pnw-20221231.htm", "calculatedOtherExpenses": 877572000, "calculatedOperatingExpenses": 976059000, "calculatedNetInterest": -248213000, "calculatedOtherIncome": 91955000, "calculatedIncomeNonControlling": 17224000, "calculatedEbitda": 1624280000}, {"date": "2021-12-31", "symbol": "PNW", "reportedCurrency": "USD", "cik": "0000764622", "fillingDate": "2022-02-25", "acceptedDate": "2022-02-25 08:33:03", "calendarYear": "2021", "period": "FY", "revenue": 3803835000, "costOfRevenue": 2106618000, "grossProfit": 1697217000, "grossProfitRatio": 0.4461857573, "researchAndDevelopmentExpenses": 0, "generalAndAdministrativeExpenses": 0, "sellingAndMarketingExpenses": 0, "sellingGeneralAndAdministrativeExpenses": 112541000, "otherExpenses": 891907000, "operatingExpenses": 891907000, "costAndExpenses": 2998525000, "interestIncome": 6726000, "interestExpense": 233262000, "depreciationAndAmortization": 783120000, "ebitda": 1588430000, "ebitdaratio": 0.4175864621, "operatingIncome": 805310000, "operatingIncomeRatio": 0.2117100242, "totalOtherIncomeExpensesNet": -59280000, "incomeBeforeTax": 746030000, "incomeBeforeTaxRatio": 0.196125752, "incomeTaxExpense": 110086000, "netIncome": 618720000, "netIncomeRatio": 0.1626568976, "eps": 5.48, "epsdiluted": 5.47, "weightedAverageShsOut": 112910000, "weightedAverageShsOutDil": 113192000, "link": "https://www.sec.gov/Archives/edgar/data/764622/000076462222000014/0000764622-22-000014-index.htm", "finalLink": "https://www.sec.gov/Archives/edgar/data/7286/000076462222000014/pnw-20211231.htm", "calculatedOtherExpenses": 779366000, "calculatedOperatingExpenses": 891907000, "calculatedNetInterest": -226536000, "calculatedOtherIncome": 167256000, "calculatedIncomeNonControlling": 17224000, "calculatedEbitda": 1588430000}, {"date": "2020-12-31", "symbol": "PNW", "reportedCurrency": "USD", "cik": "0000764622", "fillingDate": "2021-02-24", "acceptedDate": "2021-02-24 08:32:56", "calendarYear": "2020", "period": "FY", "revenue": 3586982000, "costOfRevenue": 1952329000, "grossProfit": 1634653000, "grossProfitRatio": 0.4557182054, "researchAndDevelopmentExpenses": 0, "generalAndAdministrativeExpenses": 0, "sellingAndMarketingExpenses": 0, "sellingGeneralAndAdministrativeExpenses": 56341000, "otherExpenses": 846501000, "operatingExpenses": 846501000, "costAndExpenses": 2798830000, "interestIncome": 12210000, "interestExpense": 228971000, "depreciationAndAmortization": 669646000, "ebitda": 1457798000, "ebitdaratio": 0.4064135254, "operatingIncome": 788152000, "operatingIncomeRatio": 0.2197256635, "totalOtherIncomeExpensesNet": -139927000, "incomeBeforeTax": 648225000, "incomeBeforeTaxRatio": 0.1807159891, "incomeTaxExpense": 78173000, "netIncome": 550559000, "netIncomeRatio": 0.1534880855, "eps": 4.89, "epsdiluted": 4.87, "weightedAverageShsOut": 112666000, "weightedAverageShsOutDil": 112942000, "link": "https://www.sec.gov/Archives/edgar/data/764622/000076462221000013/0000764622-21-000013-index.htm", "finalLink": "https://www.sec.gov/Archives/edgar/data/7286/000076462221000013/pnw-20201231.htm", "calculatedOtherExpenses": 790160000, "calculatedOperatingExpenses": 846501000, "calculatedNetInterest": -216761000, "calculatedOtherIncome": 76834000, "calculatedIncomeNonControlling": 19493000, "calculatedEbitda": 1457798000}, {"date": "2019-12-31", "symbol": "PNW", "reportedCurrency": "USD", "cik": "0000764622", "fillingDate": "2020-02-21", "acceptedDate": "2020-02-21 08:37:06", "calendarYear": "2019", "period": "FY", "revenue": 3471209000, "costOfRevenue": 1983853000, "grossProfit": 1487356000, "grossProfitRatio": 0.4284835629, "researchAndDevelopmentExpenses": 0, "generalAndAdministrativeExpenses": 0, "sellingAndMarketingExpenses": 0, "sellingGeneralAndAdministrativeExpenses": 22989000, "otherExpenses": 815396000, "operatingExpenses": 815396000, "costAndExpenses": 2799249000, "interestIncome": 10377000, "interestExpense": 216723000, "depreciationAndAmortization": 646301000, "ebitda": 1318261000, "ebitdaratio": 0.3797699879, "operatingIncome": 671960000, "operatingIncomeRatio": 0.1935809685, "totalOtherIncomeExpensesNet": -129920000, "incomeBeforeTax": 542040000, "incomeBeforeTaxRatio": 0.1561530867, "incomeTaxExpense": -15773000, "netIncome": 538320000, "netIncomeRatio": 0.155081414, "eps": 4.79, "epsdiluted": 4.77, "weightedAverageShsOut": 112443000, "weightedAverageShsOutDil": 112758000, "link": "https://www.sec.gov/Archives/edgar/data/764622/000076462220000017/0000764622-20-000017-index.htm", "finalLink": "https://www.sec.gov/Archives/edgar/data/7286/000076462220000017/pnw2019123110-kfinal.htm", "calculatedOtherExpenses": 792407000, "calculatedOperatingExpenses": 815396000, "calculatedNetInterest": -206346000, "calculatedOtherIncome": 76426000, "calculatedIncomeNonControlling": 19493000, "calculatedEbitda": 1318261000}, {"date": "2018-12-31", "symbol": "PNW", "reportedCurrency": "USD", "cik": "0000764622", "fillingDate": "2019-02-22", "acceptedDate": "2019-02-22 08:37:14", "calendarYear": "2018", "period": "FY", "revenue": 3691247000, "costOfRevenue": 2112860000, "grossProfit": 1578387000, "grossProfitRatio": 0.4276026503, "researchAndDevelopmentExpenses": 0, "generalAndAdministrativeExpenses": 0, "sellingAndMarketingExpenses": 0, "sellingGeneralAndAdministrativeExpenses": 49791000, "otherExpenses": 56721000, "operatingExpenses": 804700000, "costAndExpenses": 2917560000, "interestIncome": 8647000, "interestExpense": 218285000, "depreciationAndAmortization": 582354000, "ebitda": 1412762000, "ebitdaratio": 0.3827329897, "operatingIncome": 773687000, "operatingIncomeRatio": 0.2096004413, "totalOtherIncomeExpensesNet": 109040000, "incomeBeforeTax": 664442000, "incomeBeforeTaxRatio": 0.1800047518, "incomeTaxExpense": 133902000, "netIncome": 511047000, "netIncomeRatio": 0.1384483347, "eps": 4.56, "epsdiluted": 4.54, "weightedAverageShsOut": 112129000, "weightedAverageShsOutDil": 112550000, "link": "https://www.sec.gov/Archives/edgar/data/764622/000076462219000019/0000764622-19-000019-index.htm", "finalLink": "https://www.sec.gov/Archives/edgar/data/7286/000076462219000019/pnw2018123110-k.htm", "calculatedOtherExpenses": 754909000, "calculatedOperatingExpenses": 804700000, "calculatedNetInterest": -209638000, "calculatedOtherIncome": 100393000, "calculatedIncomeNonControlling": 19493000, "calculatedEbitda": 1356041000}, {"date": "2017-12-31", "symbol": "PNW", "reportedCurrency": "USD", "cik": "0000764622", "fillingDate": "2018-02-23", "acceptedDate": "2018-02-23 08:35:47", "calendarYear": "2017", "period": "FY", "revenue": 3565296000, "costOfRevenue": 1905744000, "grossProfit": 1659552000, "grossProfitRatio": 0.4654738344, "researchAndDevelopmentExpenses": 0, "generalAndAdministrativeExpenses": 0, "sellingAndMarketingExpenses": 0, "sellingGeneralAndAdministrativeExpenses": 24664000, "otherExpenses": -17533000, "operatingExpenses": 725125000, "costAndExpenses": 2630869000, "interestIncome": 3497000, "interestExpense": 197684000, "depreciationAndAmortization": 534118000, "ebitda": 1451012000, "ebitdaratio": 0.4069821973, "operatingIncome": 934427000, "operatingIncomeRatio": 0.2620895993, "totalOtherIncomeExpensesNet": 29478000, "incomeBeforeTax": 766221000, "incomeBeforeTaxRatio": 0.2149109078, "incomeTaxExpense": 258272000, "netIncome": 488456000, "netIncomeRatio": 0.1370029305, "eps": 4.37, "epsdiluted": 4.35, "weightedAverageShsOut": 111839000, "weightedAverageShsOutDil": 112367000, "link": "https://www.sec.gov/Archives/edgar/data/764622/000076462218000018/0000764622-18-000018-index.htm", "finalLink": "https://www.sec.gov/Archives/edgar/data/7286/000076462218000018/pnw2017123110-k.htm", "calculatedOtherExpenses": 700461000, "calculatedOperatingExpenses": 725125000, "calculatedNetInterest": -194187000, "calculatedOtherIncome": 25981000, "calculatedIncomeNonControlling": 19493000, "calculatedEbitda": 1468545000}, {"date": "2016-12-31", "symbol": "PNW", "reportedCurrency": "USD", "cik": "0000764622", "fillingDate": "2017-02-24", "acceptedDate": "2017-02-24 08:35:37", "calendarYear": "2016", "period": "FY", "revenue": 3498682000, "costOfRevenue": 1986829000, "grossProfit": 1511853000, "grossProfitRatio": 0.4321207243, "researchAndDevelopmentExpenses": 0, "generalAndAdministrativeExpenses": 0, "sellingAndMarketingExpenses": 0, "sellingGeneralAndAdministrativeExpenses": 20373000, "otherExpenses": -14436000, "operatingExpenses": 655869000, "costAndExpenses": 2642698000, "interestIncome": 884000, "interestExpense": 185750000, "depreciationAndAmortization": 485829000, "ebitda": 1327377000, "ebitdaratio": 0.3793934402, "operatingIncome": 855984000, "operatingIncomeRatio": 0.2446589887, "totalOtherIncomeExpensesNet": 27704000, "incomeBeforeTax": 697938000, "incomeBeforeTaxRatio": 0.1994859779, "incomeTaxExpense": 236411000, "netIncome": 442034000, "netIncomeRatio": 0.1263430057, "eps": 3.97, "epsdiluted": 3.95, "weightedAverageShsOut": 111409000, "weightedAverageShsOutDil": 112046000, "link": "https://www.sec.gov/Archives/edgar/data/764622/000076462217000010/0000764622-17-000010-index.htm", "finalLink": "https://www.sec.gov/Archives/edgar/data/7286/000076462217000010/pnw2016123110-k.htm", "calculatedOtherExpenses": 635496000, "calculatedOperatingExpenses": 655869000, "calculatedNetInterest": -184866000, "calculatedOtherIncome": 26820000, "calculatedIncomeNonControlling": 19493000, "calculatedEbitda": 1341813000}, {"date": "2015-12-31", "symbol": "PNW", "reportedCurrency": "USD", "cik": "0000764622", "fillingDate": "2016-02-19", "acceptedDate": "2016-02-19 08:35:32", "calendarYear": "2015", "period": "FY", "revenue": 3495443000, "costOfRevenue": 1969675000, "grossProfit": 1525768000, "grossProfitRatio": 0.4365020399, "researchAndDevelopmentExpenses": 0, "generalAndAdministrativeExpenses": 0, "sellingAndMarketingExpenses": 0, "sellingGeneralAndAdministrativeExpenses": 0, "otherExpenses": -15615000, "operatingExpenses": 671166000, "costAndExpenses": 2640841000, "interestIncome": 493000, "interestExpense": 178705000, "depreciationAndAmortization": 571664000, "ebitda": 1411144000, "ebitdaratio": 0.4037096299, "operatingIncome": 854602000, "operatingIncomeRatio": 0.2444903264, "totalOtherIncomeExpensesNet": 17520000, "incomeBeforeTax": 693910000, "incomeBeforeTaxRatio": 0.198518471, "incomeTaxExpense": 237720000, "netIncome": 437257000, "netIncomeRatio": 0.1250934431, "eps": 3.94, "epsdiluted": 3.92, "weightedAverageShsOut": 111026000, "weightedAverageShsOutDil": 111552000, "link": "https://www.sec.gov/Archives/edgar/data/764622/000076462216000087/0000764622-16-000087-index.htm", "finalLink": "https://www.sec.gov/Archives/edgar/data/7286/000076462216000087/pnw2015123110-k.htm", "calculatedOtherExpenses": 671166000, "calculatedOperatingExpenses": 671166000, "calculatedNetInterest": -178212000, "calculatedOtherIncome": 17520000, "calculatedIncomeNonControlling": 18933000, "calculatedEbitda": 1426266000}, {"date": "2014-12-31", "symbol": "PNW", "reportedCurrency": "USD", "cik": "0000764622", "fillingDate": "2015-02-20", "acceptedDate": "2015-02-20 08:34:03", "calendarYear": "2014", "period": "FY", "revenue": 3491632000, "costOfRevenue": 2087854000, "grossProfit": 1403778000, "grossProfitRatio": 0.4020406503, "researchAndDevelopmentExpenses": 0, "generalAndAdministrativeExpenses": 0, "sellingAndMarketingExpenses": 0, "sellingGeneralAndAdministrativeExpenses": 0, "otherExpenses": -12138000, "operatingExpenses": 592536000, "costAndExpenses": 2680390000, "interestIncome": 1010000, "interestExpense": 185493000, "depreciationAndAmortization": 417358000, "ebitda": 1216462000, "ebitdaratio": 0.3483935306, "operatingIncome": 811242000, "operatingIncomeRatio": 0.2323389177, "totalOtherIncomeExpensesNet": 18652000, "incomeBeforeTax": 644401000, "incomeBeforeTaxRatio": 0.184555818, "incomeTaxExpense": 220705000, "netIncome": 397595000, "netIncomeRatio": 0.1138708203, "eps": 3.59, "epsdiluted": 3.58, "weightedAverageShsOut": 110626000, "weightedAverageShsOutDil": 111178000, "link": "https://www.sec.gov/Archives/edgar/data/764622/000076462215000013/0000764622-15-000013-index.htm", "finalLink": "https://www.sec.gov/Archives/edgar/data/7286/000076462215000013/pnw12311410-k.htm", "calculatedOtherExpenses": 592536000, "calculatedOperatingExpenses": 592536000, "calculatedNetInterest": -184483000, "calculatedOtherIncome": 17642000, "calculatedIncomeNonControlling": 26101000, "calculatedEbitda": 1228600000}, {"date": "2013-12-31", "symbol": "PNW", "reportedCurrency": "USD", "cik": "0000764622", "fillingDate": "2014-02-21", "acceptedDate": "2014-02-21 08:38:08", "calendarYear": "2013", "period": "FY", "revenue": 3454628000, "costOfRevenue": 2020436000, "grossProfit": 1434192000, "grossProfitRatio": 0.4151509222, "researchAndDevelopmentExpenses": 0, "generalAndAdministrativeExpenses": 0, "sellingAndMarketingExpenses": 0, "sellingGeneralAndAdministrativeExpenses": 0, "otherExpenses": -12238000, "operatingExpenses": 587869000, "costAndExpenses": 2608305000, "interestIncome": 1629000, "interestExpense": 187027000, "depreciationAndAmortization": 492322000, "ebitda": 1328036000, "ebitdaratio": 0.384422288, "operatingIncome": 846323000, "operatingIncomeRatio": 0.2449823831, "totalOtherIncomeExpensesNet": 9632000, "incomeBeforeTax": 670557000, "incomeBeforeTaxRatio": 0.1941039672, "incomeTaxExpense": 230591000, "netIncome": 406074000, "netIncomeRatio": 0.1175449281, "eps": 3.69, "epsdiluted": 3.66, "weightedAverageShsOut": 109984000, "weightedAverageShsOutDil": 110806000, "link": "https://www.sec.gov/Archives/edgar/data/764622/000110465914012068/0001104659-14-012068-index.htm", "finalLink": "https://www.sec.gov/Archives/edgar/data/7286/000110465914012068/a13-25897_110k.htm", "calculatedOtherExpenses": 587869000, "calculatedOperatingExpenses": 587869000, "calculatedNetInterest": -185398000, "calculatedOtherIncome": 9632000, "calculatedIncomeNonControlling": 33892000, "calculatedEbitda": 1338645000}, {"date": "2012-12-31", "symbol": "PNW", "reportedCurrency": "USD", "cik": "0000764622", "fillingDate": "2013-02-22", "acceptedDate": "2013-02-22 08:06:01", "calendarYear": "2012", "period": "FY", "revenue": 3301804000, "costOfRevenue": 1879559000, "grossProfit": 1422245000, "grossProfitRatio": 0.4307478578, "researchAndDevelopmentExpenses": 0, "generalAndAdministrativeExpenses": 0, "sellingAndMarketingExpenses": 0, "sellingGeneralAndAdministrativeExpenses": 0, "otherExpenses": -17022000, "operatingExpenses": 570490000, "costAndExpenses": 2450049000, "interestIncome": 1239000, "interestExpense": 199645000, "depreciationAndAmortization": 481262000, "ebitda": 1317234000, "ebitdaratio": 0.3989437289, "operatingIncome": 851755000, "operatingIncomeRatio": 0.257966554, "totalOtherIncomeExpensesNet": 2961000, "incomeBeforeTax": 656310000, "incomeBeforeTaxRatio": 0.1987731555, "incomeTaxExpense": 237317000, "netIncome": 381542000, "netIncomeRatio": 0.1155556175, "eps": 3.48, "epsdiluted": 3.45, "weightedAverageShsOut": 109510000, "weightedAverageShsOutDil": 110527000, "link": "https://www.sec.gov/Archives/edgar/data/764622/000110465913012982/0001104659-13-012982-index.htm", "finalLink": "https://www.sec.gov/Archives/edgar/data/7286/000110465913012982/a12-28943_110k.htm", "calculatedOtherExpenses": 570490000, "calculatedOperatingExpenses": 570490000, "calculatedNetInterest": -198406000, "calculatedOtherIncome": 2961000, "calculatedIncomeNonControlling": 37451000, "calculatedEbitda": 1333017000}, {"date": "2011-12-31", "symbol": "PNW", "reportedCurrency": "USD", "cik": "0000764622", "fillingDate": "2012-02-24", "acceptedDate": "2012-02-24 08:03:21", "calendarYear": "2011", "period": "FY", "revenue": 3241379000, "costOfRevenue": 1009464000, "grossProfit": 2231915000, "grossProfitRatio": 0.6885695872, "researchAndDevelopmentExpenses": 0, "generalAndAdministrativeExpenses": 0, "sellingAndMarketingExpenses": 0, "sellingGeneralAndAdministrativeExpenses": 0, "otherExpenses": 1485407000, "operatingExpenses": 1485407000, "costAndExpenses": 2494871000, "interestIncome": 1850000, "interestExpense": 223637000, "depreciationAndAmortization": 493784000, "ebitda": 1242142000, "ebitdaratio": 0.383214058, "operatingIncome": 746508000, "operatingIncomeRatio": 0.2303056816, "totalOtherIncomeExpensesNet": 14517000, "incomeBeforeTax": 539238000, "incomeBeforeTaxRatio": 0.1663606755, "incomeTaxExpense": 183604000, "netIncome": 339473000, "netIncomeRatio": 0.1047310419, "eps": 3.11, "epsdiluted": 3.09, "weightedAverageShsOut": 109053000, "weightedAverageShsOutDil": 109864000, "link": "https://www.sec.gov/Archives/edgar/data/764622/000110465912012301/0001104659-12-012301-index.htm", "finalLink": "https://www.sec.gov/Archives/edgar/data/7286/000110465912012301/a12-3670_410k.htm", "calculatedOtherExpenses": 1485407000, "calculatedOperatingExpenses": 1485407000, "calculatedNetInterest": -221787000, "calculatedOtherIncome": 14517000, "calculatedIncomeNonControlling": 16161000, "calculatedEbitda": 1240292000}, {"date": "2010-12-31", "symbol": "PNW", "reportedCurrency": "USD", "cik": "0000764622", "fillingDate": "2011-02-18", "acceptedDate": "2011-02-18 08:04:00", "calendarYear": "2010", "period": "FY", "revenue": 3263645000, "costOfRevenue": 1046815000, "grossProfit": 2216830000, "grossProfitRatio": 0.6792497346, "researchAndDevelopmentExpenses": 0, "generalAndAdministrativeExpenses": 0, "sellingAndMarketingExpenses": 0, "sellingGeneralAndAdministrativeExpenses": 0, "otherExpenses": 1492946000, "operatingExpenses": 1492946000, "costAndExpenses": 2539761000, "interestIncome": 3255000, "interestExpense": 227635000, "depreciationAndAmortization": 472807000, "ebitda": 1202724000, "ebitdaratio": 0.3685216989, "operatingIncome": 723884000, "operatingIncomeRatio": 0.22180231, "totalOtherIncomeExpensesNet": 15415000, "incomeBeforeTax": 514919000, "incomeBeforeTaxRatio": 0.1577742064, "incomeTaxExpense": 164321000, "netIncome": 350053000, "netIncomeRatio": 0.1072582956, "eps": 3.28, "epsdiluted": 3.27, "weightedAverageShsOut": 106573000, "weightedAverageShsOutDil": 107138000, "link": "https://www.sec.gov/Archives/edgar/data/764622/000095012311015421/0000950123-11-015421-index.htm", "finalLink": "https://www.sec.gov/Archives/edgar/data/7286/000095012311015421/c09734e10vk.htm", "calculatedOtherExpenses": 1492946000, "calculatedOperatingExpenses": 1492946000, "calculatedNetInterest": -224380000, "calculatedOtherIncome": 15415000, "calculatedIncomeNonControlling": 545000, "calculatedEbitda": 1196691000}, {"date": "2009-12-31", "symbol": "PNW", "reportedCurrency": "USD", "cik": "0000764622", "fillingDate": "2010-02-19", "acceptedDate": "2010-02-19 08:02:57", "calendarYear": "2009", "period": "FY", "revenue": 3297101000, "costOfRevenue": 1281001000, "grossProfit": 2016100000, "grossProfitRatio": 0.6114765668, "researchAndDevelopmentExpenses": 0, "generalAndAdministrativeExpenses": 0, "sellingAndMarketingExpenses": 0, "sellingGeneralAndAdministrativeExpenses": 0, "otherExpenses": 1435874000, "operatingExpenses": 1435874000, "costAndExpenses": 2716875000, "interestIncome": 1660000, "interestExpense": 223114000, "depreciationAndAmortization": 443160000, "ebitda": 1027562000, "ebitdaratio": 0.3116562095, "operatingIncome": 321773000, "operatingIncomeRatio": 0.0975927034, "totalOtherIncomeExpensesNet": -253714000, "incomeBeforeTax": 105058000, "incomeBeforeTaxRatio": 0.0318637494, "incomeTaxExpense": 37827000, "netIncome": 68330000, "netIncomeRatio": 0.0207242666, "eps": 0.68, "epsdiluted": 0.67, "weightedAverageShsOut": 101161000, "weightedAverageShsOutDil": 101264000, "link": "https://www.sec.gov/Archives/edgar/data/764622/000095012310014366/0000950123-10-014366-index.htm", "finalLink": "https://www.sec.gov/Archives/edgar/data/7286/000095012310014366/c96360e10vk.htm", "calculatedOtherExpenses": 1694327000, "calculatedOperatingExpenses": 1694327000, "calculatedNetInterest": -221454000, "calculatedOtherIncome": 4739000, "calculatedIncomeNonControlling": -1099000, "calculatedEbitda": 764933000}, {"date": "2008-12-31", "symbol": "PNW", "reportedCurrency": "USD", "cik": "0000764622", "fillingDate": "2009-02-20", "acceptedDate": "2009-02-20 08:05:58", "calendarYear": "2008", "period": "FY", "revenue": 3367076000, "costOfRevenue": 1478813000, "grossProfit": 1888263000, "grossProfitRatio": 0.5608020134, "researchAndDevelopmentExpenses": 0, "generalAndAdministrativeExpenses": 0, "sellingAndMarketingExpenses": 66897000, "sellingGeneralAndAdministrativeExpenses": 66897000, "otherExpenses": 1357717000, "operatingExpenses": 1357717000, "costAndExpenses": 2836530000, "interestIncome": 7602000, "interestExpense": 197470000, "depreciationAndAmortization": 390358000, "ebitda": 920904000, "ebitdaratio": 0.273502588, "operatingIncome": 477296000, "operatingIncomeRatio": 0.1417538541, "totalOtherIncomeExpensesNet": -54112000, "incomeBeforeTax": 278964000, "incomeBeforeTaxRatio": 0.0828505207, "incomeTaxExpense": 65407000, "netIncome": 242125000, "netIncomeRatio": 0.0719095738, "eps": 2.4, "epsdiluted": 2.4, "weightedAverageShsOut": 100691000, "weightedAverageShsOutDil": 100965000, "link": "https://www.sec.gov/Archives/edgar/data/764622/000095013409003359/0000950134-09-003359-index.htm", "finalLink": "https://www.sec.gov/Archives/edgar/data/7286/000095013409003359/p14106e10vk.htm", "calculatedOtherExpenses": 1344070000, "calculatedOperatingExpenses": 1410967000, "calculatedNetInterest": -189868000, "calculatedOtherIncome": -8464000, "calculatedIncomeNonControlling": -28568000, "calculatedEbitda": 867654000}, {"date": "2007-12-31", "symbol": "PNW", "reportedCurrency": "USD", "cik": "0000764622", "fillingDate": "2008-02-27", "acceptedDate": "2008-02-27 12:55:50", "calendarYear": "2007", "period": "FY", "revenue": 3523620000, "costOfRevenue": 1435159000, "grossProfit": 2088461000, "grossProfitRatio": 0.5927032427, "researchAndDevelopmentExpenses": 0, "generalAndAdministrativeExpenses": 0, "sellingAndMarketingExpenses": 342371000, "sellingGeneralAndAdministrativeExpenses": 342371000, "otherExpenses": 1469210000, "operatingExpenses": 1469210000, "costAndExpenses": 2904369000, "interestIncome": 0, "interestExpense": 212620000, "depreciationAndAmortization": 403896000, "ebitda": 1035992000, "ebitdaratio": 0.2940135429, "operatingIncome": 619251000, "operatingIncomeRatio": 0.175742844, "totalOtherIncomeExpensesNet": -12845000, "incomeBeforeTax": 449700000, "incomeBeforeTaxRatio": 0.1276244317, "incomeTaxExpense": 150920000, "netIncome": 307143000, "netIncomeRatio": 0.0871668909, "eps": 3.06, "epsdiluted": 3.05, "weightedAverageShsOut": 100256000, "weightedAverageShsOutDil": 100835000, "link": "https://www.sec.gov/Archives/edgar/data/764622/000095015308000407/0000950153-08-000407-index.htm", "finalLink": "https://www.sec.gov/Archives/edgar/data/7286/000095015308000407/p75022e10vk.htm", "calculatedOtherExpenses": 1126839000, "calculatedOperatingExpenses": 1469210000, "calculatedNetInterest": -212620000, "calculatedOtherIncome": 43069000, "calculatedIncomeNonControlling": -8363000, "calculatedEbitda": 1023147000}, {"date": "2006-12-31", "symbol": "PNW", "reportedCurrency": "USD", "cik": "0000764622", "fillingDate": "2007-02-28", "acceptedDate": "2007-02-28 17:09:14", "calendarYear": "2006", "period": "FY", "revenue": 3401748000, "costOfRevenue": 1251286000, "grossProfit": 2150462000, "grossProfitRatio": 0.632163817, "researchAndDevelopmentExpenses": 0, "generalAndAdministrativeExpenses": 0, "sellingAndMarketingExpenses": 330742000, "sellingGeneralAndAdministrativeExpenses": 330742000, "otherExpenses": 1531592000, "operatingExpenses": 1531592000, "costAndExpenses": 2782878000, "interestIncome": 0, "interestExpense": 196826000, "depreciationAndAmortization": 652097000, "ebitda": 1273618000, "ebitdaratio": 0.3744010432, "operatingIncome": 618870000, "operatingIncomeRatio": 0.1819270563, "totalOtherIncomeExpensesNet": -2651000, "incomeBeforeTax": 473561000, "incomeBeforeTaxRatio": 0.1392110762, "incomeTaxExpense": 156418000, "netIncome": 327255000, "netIncomeRatio": 0.0962020114, "eps": 3.29, "epsdiluted": 3.27, "weightedAverageShsOut": 99417000, "weightedAverageShsOutDil": 100010000, "link": "https://www.sec.gov/Archives/edgar/data/764622/000095015307000444/0000950153-07-000444-index.htm", "finalLink": "https://www.sec.gov/Archives/edgar/data/7286/000095015307000444/p73495e10vk.htm", "calculatedOtherExpenses": 1200850000, "calculatedOperatingExpenses": 1531592000, "calculatedNetInterest": -196826000, "calculatedOtherIncome": 51517000, "calculatedIncomeNonControlling": -10112000, "calculatedEbitda": 1270967000}, {"date": "2005-12-31", "symbol": "PNW", "reportedCurrency": "USD", "cik": "0000764622", "fillingDate": "2006-03-13", "acceptedDate": "2006-03-10 21:26:03", "calendarYear": "2005", "period": "FY", "revenue": 2987955000, "costOfRevenue": 888232000, "grossProfit": 2099723000, "grossProfitRatio": 0.7027291241, "researchAndDevelopmentExpenses": 0, "generalAndAdministrativeExpenses": 0, "sellingAndMarketingExpenses": 351558000, "sellingGeneralAndAdministrativeExpenses": 351558000, "otherExpenses": 1584434000, "operatingExpenses": 1584434000, "costAndExpenses": 2472666000, "interestIncome": 0, "interestExpense": 185087000, "depreciationAndAmortization": 381604000, "ebitda": 900249000, "ebitdaratio": 0.3012926902, "operatingIncome": 515289000, "operatingIncomeRatio": 0.1724554085, "totalOtherIncomeExpensesNet": -3356000, "incomeBeforeTax": 350055000, "incomeBeforeTaxRatio": 0.1171553788, "incomeTaxExpense": 126892000, "netIncome": 176267000, "netIncomeRatio": 0.0589925216, "eps": 1.83, "epsdiluted": 1.82, "weightedAverageShsOut": 96320765, "weightedAverageShsOutDil": 96850000, "link": "https://www.sec.gov/Archives/edgar/data/764622/000095015306000633/0000950153-06-000633-index.htm", "finalLink": "https://www.sec.gov/Archives/edgar/data/7286/000095015306000633/p71939e10vk.htm", "calculatedOtherExpenses": 1232876000, "calculatedOperatingExpenses": 1584434000, "calculatedNetInterest": -185087000, "calculatedOtherIncome": 19853000, "calculatedIncomeNonControlling": 46896000, "calculatedEbitda": 896893000}, {"date": "2004-12-31", "symbol": "PNW", "reportedCurrency": "USD", "cik": "0000764622", "fillingDate": "2005-03-16", "acceptedDate": "2005-03-16 16:05:10", "calendarYear": "2004", "period": "FY", "revenue": 2899725000, "costOfRevenue": 949580000, "grossProfit": 1950145000, "grossProfitRatio": 0.6725275673, "researchAndDevelopmentExpenses": 0, "generalAndAdministrativeExpenses": 0, "sellingAndMarketingExpenses": 461870000, "sellingGeneralAndAdministrativeExpenses": 461870000, "otherExpenses": 1443886000, "operatingExpenses": 1443886000, "costAndExpenses": 2393466000, "interestIncome": 0, "interestExpense": 195859000, "depreciationAndAmortization": 431551000, "ebitda": 905331000, "ebitdaratio": 0.3122127098, "operatingIncome": 506259000, "operatingIncomeRatio": 0.1745886248, "totalOtherIncomeExpensesNet": 32479000, "incomeBeforeTax": 364075000, "incomeBeforeTaxRatio": 0.1255550095, "incomeTaxExpense": 128857000, "netIncome": 243195000, "netIncomeRatio": 0.0838682979, "eps": 2.66, "epsdiluted": 2.66, "weightedAverageShsOut": 91426692, "weightedAverageShsOutDil": 91426692, "link": "https://www.sec.gov/Archives/edgar/data/764622/000095015305000539/0000950153-05-000539-index.htm", "finalLink": "https://www.sec.gov/Archives/edgar/data/7286/000095015305000539/p70328e10vk.htm", "calculatedOtherExpenses": 982016000, "calculatedOperatingExpenses": 1443886000, "calculatedNetInterest": -195859000, "calculatedOtherIncome": 53675000, "calculatedIncomeNonControlling": -7977000, "calculatedEbitda": 937810000}, {"date": "2003-12-31", "symbol": "PNW", "reportedCurrency": "USD", "cik": "0000764622", "fillingDate": "2004-03-15", "acceptedDate": "2004-03-15 16:11:35", "calendarYear": "2003", "period": "FY", "revenue": 2817852000, "costOfRevenue": 862181000, "grossProfit": 1955671000, "grossProfitRatio": 0.694028998, "researchAndDevelopmentExpenses": 0, "generalAndAdministrativeExpenses": 0, "sellingAndMarketingExpenses": 391886000, "sellingGeneralAndAdministrativeExpenses": 391886000, "otherExpenses": 1473617000, "operatingExpenses": 1473617000, "costAndExpenses": 2335798000, "interestIncome": 0, "interestExpense": 204590000, "depreciationAndAmortization": 466900000, "ebitda": 933965000, "ebitdaratio": 0.3314457253, "operatingIncome": 482054000, "operatingIncomeRatio": 0.1710714402, "totalOtherIncomeExpensesNet": 14989000, "incomeBeforeTax": 336136000, "incomeBeforeTaxRatio": 0.1192880251, "incomeTaxExpense": 105560000, "netIncome": 240579000, "netIncomeRatio": 0.0853767338, "eps": 2.64, "epsdiluted": 2.63, "weightedAverageShsOut": 91265000, "weightedAverageShsOutDil": 91405000, "link": "https://www.sec.gov/Archives/edgar/data/764622/000095015304000639/0000950153-04-000639-index.htm", "finalLink": "https://www.sec.gov/Archives/edgar/data/764622/000095015304000639/p68820e10vk.htm", "calculatedOtherExpenses": 1081731000, "calculatedOperatingExpenses": 1473617000, "calculatedNetInterest": -204590000, "calculatedOtherIncome": 58672000, "calculatedIncomeNonControlling": -10003000, "calculatedEbitda": 948954000}, {"date": "2002-12-31", "symbol": "PNW", "reportedCurrency": "USD", "cik": "0000764622", "fillingDate": "2003-03-31", "acceptedDate": "2003-03-31 15:00:00", "calendarYear": "2002", "period": "FY", "revenue": 2637279000, "costOfRevenue": 693582000, "grossProfit": 1943697000, "grossProfitRatio": 0.7370084849, "researchAndDevelopmentExpenses": 0, "generalAndAdministrativeExpenses": 0, "sellingAndMarketingExpenses": 0, "sellingGeneralAndAdministrativeExpenses": 0, "otherExpenses": 1427650000, "operatingExpenses": 1427650000, "costAndExpenses": 2121232000, "interestIncome": 0, "interestExpense": 0, "depreciationAndAmortization": 456071000, "ebitda": 990669000, "ebitdaratio": 0.375640575, "operatingIncome": 516047000, "operatingIncomeRatio": 0.1956740261, "totalOtherIncomeExpensesNet": -18551000, "incomeBeforeTax": 353253000, "incomeBeforeTaxRatio": 0.1339460103, "incomeTaxExpense": 138100000, "netIncome": 149408000, "netIncomeRatio": 0.0566523299, "eps": 1.76, "epsdiluted": 1.76, "weightedAverageShsOut": 84902946, "weightedAverageShsOutDil": 84963921, "link": "https://www.sec.gov/Archives/edgar/data/764622/000095014703000433/0000950147-03-000433-index.htm", "finalLink": "https://www.sec.gov/Archives/edgar/data/764622/000095014703000433/e-9738.txt", "calculatedOtherExpenses": 1427650000, "calculatedOperatingExpenses": 1427650000, "calculatedNetInterest": 0, "calculatedOtherIncome": -162794000, "calculatedIncomeNonControlling": 65745000, "calculatedEbitda": 972118000}, {"date": "2001-12-31", "symbol": "PNW", "reportedCurrency": "USD", "cik": "0000764622", "fillingDate": "2002-03-27", "acceptedDate": "2002-03-27 00:00:00", "calendarYear": "2001", "period": "FY", "revenue": 4551373000, "costOfRevenue": 2664218000, "grossProfit": 1887155000, "grossProfitRatio": 0.4146342214, "researchAndDevelopmentExpenses": 0, "generalAndAdministrativeExpenses": 0, "sellingAndMarketingExpenses": 0, "sellingGeneralAndAdministrativeExpenses": 0, "otherExpenses": 1212528000, "operatingExpenses": 1212528000, "costAndExpenses": 3876746000, "interestIncome": 0, "interestExpense": 0, "depreciationAndAmortization": 456265000, "ebitda": 1136657000, "ebitdaratio": 0.2497393644, "operatingIncome": 674627000, "operatingIncomeRatio": 0.1482249422, "totalOtherIncomeExpensesNet": -5765000, "incomeBeforeTax": 540902000, "incomeBeforeTaxRatio": 0.1188436984, "incomeTaxExpense": 213535000, "netIncome": 312166000, "netIncomeRatio": 0.0685872153, "eps": 3.68, "epsdiluted": 3.68, "weightedAverageShsOut": 84827717, "weightedAverageShsOutDil": 84827717, "link": "https://www.sec.gov/Archives/edgar/data/764622/000095014702000461/0000950147-02-000461-index.htm", "finalLink": "https://www.sec.gov/Archives/edgar/data/764622/000095014702000461/e-8288.txt", "calculatedOtherExpenses": 1212528000, "calculatedOperatingExpenses": 1212528000, "calculatedNetInterest": 0, "calculatedOtherIncome": -133725000, "calculatedIncomeNonControlling": 15201000, "calculatedEbitda": 1130892000}, {"date": "2000-12-31", "symbol": "PNW", "reportedCurrency": "USD", "cik": "0000764622", "fillingDate": "2001-03-14", "acceptedDate": "2001-03-14 00:00:00", "calendarYear": "2000", "period": "FY", "revenue": 3690175000, "costOfRevenue": 1934783000, "grossProfit": 1755392000, "grossProfitRatio": 0.4756934292, "researchAndDevelopmentExpenses": 0, "generalAndAdministrativeExpenses": 0, "sellingAndMarketingExpenses": 0, "sellingGeneralAndAdministrativeExpenses": 0, "otherExpenses": 1079421000, "operatingExpenses": 1079421000, "costAndExpenses": 3014204000, "interestIncome": 0, "interestExpense": 0, "depreciationAndAmortization": 424493000, "ebitda": 1100650000, "ebitdaratio": 0.2982649874, "operatingIncome": 675971000, "operatingIncomeRatio": 0.1831812854, "totalOtherIncomeExpensesNet": -186000, "incomeBeforeTax": 526184000, "incomeBeforeTaxRatio": 0.1425905275, "incomeTaxExpense": 223852000, "netIncome": 302332000, "netIncomeRatio": 0.0819289058, "eps": 3.57, "epsdiluted": 3.56, "weightedAverageShsOut": 84732544, "weightedAverageShsOutDil": 84935282, "link": "https://www.sec.gov/Archives/edgar/data/764622/000095014701500557/0000950147-01-500557-index.htm", "finalLink": "https://www.sec.gov/Archives/edgar/data/764622/000095014701500557/e-6440.txt", "calculatedOtherExpenses": 1079421000, "calculatedOperatingExpenses": 1079421000, "calculatedNetInterest": 0, "calculatedOtherIncome": -149787000, "calculatedIncomeNonControlling": 0, "calculatedEbitda": 1100464000}, {"date": "1999-12-31", "symbol": "PNW", "reportedCurrency": "USD", "cik": "0000764622", "fillingDate": "2000-03-30", "acceptedDate": "2000-03-30 00:00:00", "calendarYear": "1999", "period": "FY", "revenue": 2423400000, "costOfRevenue": 796100000, "grossProfit": 1627300000, "grossProfitRatio": 0.6714945944, "researchAndDevelopmentExpenses": 0, "generalAndAdministrativeExpenses": 0, "sellingAndMarketingExpenses": 0, "sellingGeneralAndAdministrativeExpenses": 0, "otherExpenses": 1048500000, "operatingExpenses": 1048500000, "costAndExpenses": 1844600000, "interestIncome": 0, "interestExpense": 0, "depreciationAndAmortization": 406200000, "ebitda": 985000000, "ebitdaratio": 0.4064537427, "operatingIncome": 578800000, "operatingIncomeRatio": 0.2388379962, "totalOtherIncomeExpensesNet": 10800000, "incomeBeforeTax": 437900000, "incomeBeforeTaxRatio": 0.180696542, "incomeTaxExpense": 168100000, "netIncome": 167900000, "netIncomeRatio": 0.0692828258, "eps": 1.98, "epsdiluted": 1.97, "weightedAverageShsOut": 84717000, "weightedAverageShsOutDil": 85009000, "link": "https://www.sec.gov/Archives/edgar/data/764622/000095014700000476/0000950147-00-000476-index.html", "finalLink": "https://www.sec.gov/Archives/edgar/data/764622/000095014700000476/", "calculatedOtherExpenses": 1048500000, "calculatedOperatingExpenses": 1048500000, "calculatedNetInterest": 0, "calculatedOtherIncome": -140900000, "calculatedIncomeNonControlling": 101900000, "calculatedEbitda": 985000000}, {"date": "1998-12-31", "symbol": "PNW", "reportedCurrency": "USD", "cik": "0000764622", "fillingDate": "1999-03-31", "acceptedDate": "1999-03-31 00:00:00", "calendarYear": "1998", "period": "FY", "revenue": 2130600000, "costOfRevenue": 537500000, "grossProfit": 1593100000, "grossProfitRatio": 0.7477236459, "researchAndDevelopmentExpenses": 0, "generalAndAdministrativeExpenses": 0, "sellingAndMarketingExpenses": 0, "sellingGeneralAndAdministrativeExpenses": 0, "otherExpenses": 1025900000, "operatingExpenses": 1025900000, "costAndExpenses": 1563400000, "interestIncome": 0, "interestExpense": 0, "depreciationAndAmortization": 412000000, "ebitda": 979200000, "ebitdaratio": 0.4595888482, "operatingIncome": 567200000, "operatingIncomeRatio": 0.2662160894, "totalOtherIncomeExpensesNet": 600000, "incomeBeforeTax": 407500000, "incomeBeforeTaxRatio": 0.1912606777, "incomeTaxExpense": 164600000, "netIncome": 242900000, "netIncomeRatio": 0.1140054445, "eps": 2.87, "epsdiluted": 2.85, "weightedAverageShsOut": 84774218, "weightedAverageShsOutDil": 85345946, "link": "https://www.sec.gov/Archives/edgar/data/764622/000095014799000291/0000950147-99-000291-index.html", "finalLink": "https://www.sec.gov/Archives/edgar/data/764622/", "calculatedOtherExpenses": 1025900000, "calculatedOperatingExpenses": 1025900000, "calculatedNetInterest": 0, "calculatedOtherIncome": -159700000, "calculatedIncomeNonControlling": 0, "calculatedEbitda": 979200000}, {"date": "1997-12-31", "symbol": "PNW", "reportedCurrency": "USD", "cik": "0000764622", "fillingDate": "1998-03-31", "acceptedDate": "1998-03-31 00:00:00", "calendarYear": "1997", "period": "FY", "revenue": 1995100000, "costOfRevenue": 436600000, "grossProfit": 1558500000, "grossProfitRatio": 0.7811638514, "researchAndDevelopmentExpenses": 0, "generalAndAdministrativeExpenses": 0, "sellingAndMarketingExpenses": 0, "sellingGeneralAndAdministrativeExpenses": 0, "otherExpenses": 1000800000, "operatingExpenses": 1000800000, "costAndExpenses": 1437400000, "interestIncome": 0, "interestExpense": 0, "depreciationAndAmortization": 397200000, "ebitda": 954900000, "ebitdaratio": 0.4786226254, "operatingIncome": 557700000, "operatingIncomeRatio": 0.2795348604, "totalOtherIncomeExpensesNet": 4600000, "incomeBeforeTax": 386200000, "incomeBeforeTaxRatio": 0.1935742569, "incomeTaxExpense": 150300000, "netIncome": 235900000, "netIncomeRatio": 0.1182396872, "eps": 2.76, "epsdiluted": 2.74, "weightedAverageShsOut": 85471014, "weightedAverageShsOutDil": 86094891, "link": "https://www.sec.gov/Archives/edgar/data/764622/000095014798000260/0000950147-98-000260-index.html", "finalLink": "https://www.sec.gov/Archives/edgar/data/764622/", "calculatedOtherExpenses": 1000800000, "calculatedOperatingExpenses": 1000800000, "calculatedNetInterest": 0, "calculatedOtherIncome": -171500000, "calculatedIncomeNonControlling": 0, "calculatedEbitda": 954900000}, {"date": "1996-12-31", "symbol": "PNW", "reportedCurrency": "USD", "cik": "0000764622", "fillingDate": "1997-03-31", "acceptedDate": "1997-03-31 00:00:00", "calendarYear": "1996", "period": "FY", "revenue": 1817800000, "costOfRevenue": 325500000, "grossProfit": 1492300000, "grossProfitRatio": 0.8209373969, "researchAndDevelopmentExpenses": 0, "generalAndAdministrativeExpenses": 0, "sellingAndMarketingExpenses": 0, "sellingGeneralAndAdministrativeExpenses": 0, "otherExpenses": 948400000, "operatingExpenses": 948400000, "costAndExpenses": 1273900000, "interestIncome": 0, "interestExpense": 0, "depreciationAndAmortization": 341500000, "ebitda": 885400000, "ebitdaratio": 0.4870722852, "operatingIncome": 543900000, "operatingIncomeRatio": 0.2992078336, "totalOtherIncomeExpensesNet": -6700000, "incomeBeforeTax": 339600000, "incomeBeforeTaxRatio": 0.186819232, "incomeTaxExpense": 128500000, "netIncome": 181300000, "netIncomeRatio": 0.0997359445, "eps": 2.07, "epsdiluted": 2.06, "weightedAverageShsOut": 87584541, "weightedAverageShsOutDil": 88009709, "link": "https://www.sec.gov/Archives/edgar/data/764622/000095014797000207/0000950147-97-000207-index.html", "finalLink": "https://www.sec.gov/Archives/edgar/data/764622/", "calculatedOtherExpenses": 948400000, "calculatedOperatingExpenses": 948400000, "calculatedNetInterest": 0, "calculatedOtherIncome": -204300000, "calculatedIncomeNonControlling": 29800000, "calculatedEbitda": 885400000}, {"date": "1995-12-31", "symbol": "PNW", "reportedCurrency": "USD", "cik": "0000764622", "fillingDate": "1996-04-01", "acceptedDate": "1996-04-01 00:00:00", "calendarYear": "1995", "period": "FY", "revenue": 1669800000, "costOfRevenue": 269800000, "grossProfit": 1400000000, "grossProfitRatio": 0.8384237633, "researchAndDevelopmentExpenses": 0, "generalAndAdministrativeExpenses": 0, "sellingAndMarketingExpenses": 0, "sellingGeneralAndAdministrativeExpenses": 0, "otherExpenses": 837500000, "operatingExpenses": 837500000, "costAndExpenses": 1107300000, "interestIncome": 0, "interestExpense": 0, "depreciationAndAmortization": 279800000, "ebitda": 842300000, "ebitdaratio": 0.5044316685, "operatingIncome": 562500000, "operatingIncomeRatio": 0.3368666906, "totalOtherIncomeExpensesNet": -3500000, "incomeBeforeTax": 327600000, "incomeBeforeTaxRatio": 0.1961911606, "incomeTaxExpense": 128000000, "netIncome": 188000000, "netIncomeRatio": 0.1125883339, "eps": 2.15, "epsdiluted": 2.15, "weightedAverageShsOut": 87419300, "weightedAverageShsOutDil": 87419300, "link": "https://www.sec.gov/Archives/edgar/data/764622/000095014796000117/0000950147-96-000117-index.html", "finalLink": "https://www.sec.gov/Archives/edgar/data/764622/", "calculatedOtherExpenses": 837500000, "calculatedOperatingExpenses": 837500000, "calculatedNetInterest": 0, "calculatedOtherIncome": -234900000, "calculatedIncomeNonControlling": 11600000, "calculatedEbitda": 842300000}, {"date": "1994-12-31", "symbol": "PNW", "reportedCurrency": "USD", "cik": "0000764622", "fillingDate": "1995-03-31", "acceptedDate": "1995-03-31 00:00:00", "calendarYear": "1994", "period": "FY", "revenue": 1685500000, "costOfRevenue": 300700000, "grossProfit": 1384800000, "grossProfitRatio": 0.8215959656, "researchAndDevelopmentExpenses": 0, "generalAndAdministrativeExpenses": 0, "sellingAndMarketingExpenses": 0, "sellingGeneralAndAdministrativeExpenses": 0, "otherExpenses": 850900000, "operatingExpenses": 850900000, "costAndExpenses": 1151600000, "interestIncome": 0, "interestExpense": 0, "depreciationAndAmortization": 221000000, "ebitda": 754900000, "ebitdaratio": 0.4478789677, "operatingIncome": 533900000, "operatingIncomeRatio": 0.3167606052, "totalOtherIncomeExpensesNet": 50700000, "incomeBeforeTax": 323600000, "incomeBeforeTaxRatio": 0.1919905073, "incomeTaxExpense": 123000000, "netIncome": 200600000, "netIncomeRatio": 0.119015129, "eps": 2.3, "epsdiluted": 2.3, "weightedAverageShsOut": 87410967, "weightedAverageShsOutDil": 87410967, "link": "https://www.sec.gov/Archives/edgar/data/764622/000095014795000046/0000950147-95-000046-index.html", "finalLink": "https://www.sec.gov/Archives/edgar/data/764622/", "calculatedOtherExpenses": 850900000, "calculatedOperatingExpenses": 850900000, "calculatedNetInterest": 0, "calculatedOtherIncome": -210300000, "calculatedIncomeNonControlling": 0, "calculatedEbitda": 754900000}, {"date": "1993-12-31", "symbol": "PNW", "reportedCurrency": "USD", "cik": "0000764622", "fillingDate": "1994-03-31", "acceptedDate": "1994-03-31 00:00:00", "calendarYear": "1993", "period": "FY", "revenue": 1718500000, "costOfRevenue": 0, "grossProfit": 1718500000, "grossProfitRatio": 1, "researchAndDevelopmentExpenses": 0, "generalAndAdministrativeExpenses": 0, "sellingAndMarketingExpenses": 0, "sellingGeneralAndAdministrativeExpenses": 0, "otherExpenses": 0, "operatingExpenses": 0, "costAndExpenses": 0, "interestIncome": 0, "interestExpense": 0, "depreciationAndAmortization": 0, "ebitda": 1718500000, "ebitdaratio": 1, "operatingIncome": 1718500000, "operatingIncomeRatio": 1, "totalOtherIncomeExpensesNet": 0, "incomeBeforeTax": 0, "incomeBeforeTaxRatio": 0, "incomeTaxExpense": -189300000, "netIncome": 189300000, "netIncomeRatio": 0.1101542042, "eps": 2.17, "epsdiluted": 2.16, "weightedAverageShsOut": 87235023, "weightedAverageShsOutDil": 87638889, "link": "https://www.sec.gov/Archives/edgar/data/764622/000095014794000034/0000950147-94-000034-index.html", "finalLink": "https://www.sec.gov/Archives/edgar/data/764622/", "calculatedOtherExpenses": 0, "calculatedOperatingExpenses": 0, "calculatedNetInterest": 0, "calculatedOtherIncome": -1718500000, "calculatedIncomeNonControlling": 0, "calculatedEbitda": 1718500000}, {"date": "1992-12-31", "symbol": "PNW", "reportedCurrency": "USD", "cik": "0000764622", "fillingDate": "1992-12-31", "acceptedDate": "1992-12-30 19:00:00", "calendarYear": "1992", "period": "FY", "revenue": 1689600000, "costOfRevenue": 0, "grossProfit": 1689600000, "grossProfitRatio": 1, "researchAndDevelopmentExpenses": 0, "generalAndAdministrativeExpenses": 0, "sellingAndMarketingExpenses": 0, "sellingGeneralAndAdministrativeExpenses": 0, "otherExpenses": 0, "operatingExpenses": 0, "costAndExpenses": 0, "interestIncome": 0, "interestExpense": 0, "depreciationAndAmortization": 0, "ebitda": 1689600000, "ebitdaratio": 1, "operatingIncome": 1689600000, "operatingIncomeRatio": 1, "totalOtherIncomeExpensesNet": 0, "incomeBeforeTax": 0, "incomeBeforeTaxRatio": 0, "incomeTaxExpense": -156400000, "netIncome": 156400000, "netIncomeRatio": 0.0925662879, "eps": 1.8, "epsdiluted": 1.8, "weightedAverageShsOut": 86888889, "weightedAverageShsOutDil": 86888889, "link": "", "finalLink": "", "calculatedOtherExpenses": 0, "calculatedOperatingExpenses": 0, "calculatedNetInterest": 0, "calculatedOtherIncome": -1689600000, "calculatedIncomeNonControlling": 0, "calculatedEbitda": 1689600000}, {"date": "1991-12-31", "symbol": "PNW", "reportedCurrency": "USD", "cik": "0000764622", "fillingDate": "1991-12-31", "acceptedDate": "1991-12-30 19:00:00", "calendarYear": "1991", "period": "FY", "revenue": 1474600000, "costOfRevenue": 0, "grossProfit": 1474600000, "grossProfitRatio": 1, "researchAndDevelopmentExpenses": 0, "generalAndAdministrativeExpenses": 0, "sellingAndMarketingExpenses": 0, "sellingGeneralAndAdministrativeExpenses": 0, "otherExpenses": 0, "operatingExpenses": 0, "costAndExpenses": 0, "interestIncome": 0, "interestExpense": 0, "depreciationAndAmortization": 0, "ebitda": 1474600000, "ebitdaratio": 1, "operatingIncome": 1474600000, "operatingIncomeRatio": 1, "totalOtherIncomeExpensesNet": 0, "incomeBeforeTax": 0, "incomeBeforeTaxRatio": 0, "incomeTaxExpense": 186800000, "netIncome": -186800000, "netIncomeRatio": -0.1266784213, "eps": -2.15, "epsdiluted": -2.15, "weightedAverageShsOut": 86883721, "weightedAverageShsOutDil": 86883721, "link": "", "finalLink": "", "calculatedOtherExpenses": 0, "calculatedOperatingExpenses": 0, "calculatedNetInterest": 0, "calculatedOtherIncome": -1474600000, "calculatedIncomeNonControlling": 0, "calculatedEbitda": 1474600000}, {"date": "1990-12-31", "symbol": "PNW", "reportedCurrency": "USD", "cik": "0000764622", "fillingDate": "1990-12-31", "acceptedDate": "1990-12-30 19:00:00", "calendarYear": "1990", "period": "FY", "revenue": 1596600000, "costOfRevenue": 0, "grossProfit": 1596600000, "grossProfitRatio": 1, "researchAndDevelopmentExpenses": 0, "generalAndAdministrativeExpenses": 0, "sellingAndMarketingExpenses": 0, "sellingGeneralAndAdministrativeExpenses": 0, "otherExpenses": 0, "operatingExpenses": 0, "costAndExpenses": 0, "interestIncome": 0, "interestExpense": 0, "depreciationAndAmortization": 0, "ebitda": 1596600000, "ebitdaratio": 1, "operatingIncome": 1596600000, "operatingIncomeRatio": 1, "totalOtherIncomeExpensesNet": 0, "incomeBeforeTax": 0, "incomeBeforeTaxRatio": 0, "incomeTaxExpense": -97300000, "netIncome": 97300000, "netIncomeRatio": 0.0609420018, "eps": 1.12, "epsdiluted": 1.12, "weightedAverageShsOut": 86875000, "weightedAverageShsOutDil": 86875000, "link": "", "finalLink": "", "calculatedOtherExpenses": 0, "calculatedOperatingExpenses": 0, "calculatedNetInterest": 0, "calculatedOtherIncome": -1596600000, "calculatedIncomeNonControlling": 0, "calculatedEbitda": 1596600000}, {"date": "1989-12-31", "symbol": "PNW", "reportedCurrency": "USD", "cik": "0000764622", "fillingDate": "1989-12-31", "acceptedDate": "1989-12-30 19:00:00", "calendarYear": "1989", "period": "FY", "revenue": 1507900000, "costOfRevenue": 0, "grossProfit": 1507900000, "grossProfitRatio": 1, "researchAndDevelopmentExpenses": 0, "generalAndAdministrativeExpenses": 0, "sellingAndMarketingExpenses": 0, "sellingGeneralAndAdministrativeExpenses": 0, "otherExpenses": 0, "operatingExpenses": 0, "costAndExpenses": 0, "interestIncome": 0, "interestExpense": 0, "depreciationAndAmortization": 0, "ebitda": 1507900000, "ebitdaratio": 1, "operatingIncome": 1507900000, "operatingIncomeRatio": 1, "totalOtherIncomeExpensesNet": 0, "incomeBeforeTax": 0, "incomeBeforeTaxRatio": 0, "incomeTaxExpense": 551400000, "netIncome": -551400000, "netIncomeRatio": -0.3656741163, "eps": -6.36, "epsdiluted": -6.36, "weightedAverageShsOut": 86698113, "weightedAverageShsOutDil": 86698113, "link": "", "finalLink": "", "calculatedOtherExpenses": 0, "calculatedOperatingExpenses": 0, "calculatedNetInterest": 0, "calculatedOtherIncome": -1507900000, "calculatedIncomeNonControlling": 0, "calculatedEbitda": 1507900000}, {"date": "1988-12-31", "symbol": "PNW", "reportedCurrency": "USD", "cik": "0000764622", "fillingDate": "1988-12-31", "acceptedDate": "1988-12-30 19:00:00", "calendarYear": "1988", "period": "FY", "revenue": 1442000000, "costOfRevenue": 0, "grossProfit": 1442000000, "grossProfitRatio": 1, "researchAndDevelopmentExpenses": 0, "generalAndAdministrativeExpenses": 0, "sellingAndMarketingExpenses": 0, "sellingGeneralAndAdministrativeExpenses": 0, "otherExpenses": 0, "operatingExpenses": 0, "costAndExpenses": 0, "interestIncome": 0, "interestExpense": 0, "depreciationAndAmortization": 0, "ebitda": 1442000000, "ebitdaratio": 1, "operatingIncome": 1442000000, "operatingIncomeRatio": 1, "totalOtherIncomeExpensesNet": 0, "incomeBeforeTax": 0, "incomeBeforeTaxRatio": 0, "incomeTaxExpense": -4200000, "netIncome": 4200000, "netIncomeRatio": 0.0029126214, "eps": 0.05, "epsdiluted": 0.05, "weightedAverageShsOut": 84000000, "weightedAverageShsOutDil": 84000000, "link": "", "finalLink": "", "calculatedOtherExpenses": 0, "calculatedOperatingExpenses": 0, "calculatedNetInterest": 0, "calculatedOtherIncome": -1442000000, "calculatedIncomeNonControlling": 0, "calculatedEbitda": 1442000000}, {"date": "1987-12-31", "symbol": "PNW", "reportedCurrency": "USD", "cik": "0000764622", "fillingDate": "1987-12-31", "acceptedDate": "1987-12-30 19:00:00", "calendarYear": "1987", "period": "FY", "revenue": 1313400000, "costOfRevenue": 0, "grossProfit": 1313400000, "grossProfitRatio": 1, "researchAndDevelopmentExpenses": 0, "generalAndAdministrativeExpenses": 0, "sellingAndMarketingExpenses": 0, "sellingGeneralAndAdministrativeExpenses": 0, "otherExpenses": 0, "operatingExpenses": 0, "costAndExpenses": 0, "interestIncome": 0, "interestExpense": 0, "depreciationAndAmortization": 0, "ebitda": 1313400000, "ebitdaratio": 1, "operatingIncome": 1313400000, "operatingIncomeRatio": 1, "totalOtherIncomeExpensesNet": 0, "incomeBeforeTax": 0, "incomeBeforeTaxRatio": 0, "incomeTaxExpense": -268400000, "netIncome": 268400000, "netIncomeRatio": 0.2043551089, "eps": 3.21, "epsdiluted": 3.21, "weightedAverageShsOut": 73333333, "weightedAverageShsOutDil": 73333333, "link": "", "finalLink": "", "calculatedOtherExpenses": 0, "calculatedOperatingExpenses": 0, "calculatedNetInterest": 0, "calculatedOtherIncome": -1313400000, "calculatedIncomeNonControlling": 0, "calculatedEbitda": 1313400000}, {"date": "1986-12-31", "symbol": "PNW", "reportedCurrency": "USD", "cik": "0000764622", "fillingDate": "1986-12-31", "acceptedDate": "1986-12-30 19:00:00", "calendarYear": "1986", "period": "FY", "revenue": 1249900000, "costOfRevenue": 0, "grossProfit": 1249900000, "grossProfitRatio": 1, "researchAndDevelopmentExpenses": 0, "generalAndAdministrativeExpenses": 0, "sellingAndMarketingExpenses": 0, "sellingGeneralAndAdministrativeExpenses": 0, "otherExpenses": 0, "operatingExpenses": 0, "costAndExpenses": 0, "interestIncome": 0, "interestExpense": 0, "depreciationAndAmortization": 0, "ebitda": 1249900000, "ebitdaratio": 1, "operatingIncome": 1249900000, "operatingIncomeRatio": 1, "totalOtherIncomeExpensesNet": 0, "incomeBeforeTax": 0, "incomeBeforeTaxRatio": 0, "incomeTaxExpense": -234200000, "netIncome": 234200000, "netIncomeRatio": 0.18737499, "eps": 3.04, "epsdiluted": 3.04, "weightedAverageShsOut": 77039474, "weightedAverageShsOutDil": 77039474, "link": "", "finalLink": "", "calculatedOtherExpenses": 0, "calculatedOperatingExpenses": 0, "calculatedNetInterest": 0, "calculatedOtherIncome": -1249900000, "calculatedIncomeNonControlling": 0, "calculatedEbitda": 1249900000}, {"date": "1985-12-31", "symbol": "PNW", "reportedCurrency": "USD", "cik": "0000764622", "fillingDate": "1985-12-31", "acceptedDate": "1985-12-30 19:00:00", "calendarYear": "1985", "period": "FY", "revenue": 1174500000, "costOfRevenue": 0, "grossProfit": 1174500000, "grossProfitRatio": 1, "researchAndDevelopmentExpenses": 0, "generalAndAdministrativeExpenses": 0, "sellingAndMarketingExpenses": 0, "sellingGeneralAndAdministrativeExpenses": 0, "otherExpenses": 0, "operatingExpenses": 0, "costAndExpenses": 0, "interestIncome": 0, "interestExpense": 0, "depreciationAndAmortization": 0, "ebitda": 1174500000, "ebitdaratio": 1, "operatingIncome": 1174500000, "operatingIncomeRatio": 1, "totalOtherIncomeExpensesNet": 0, "incomeBeforeTax": 0, "incomeBeforeTaxRatio": 0, "incomeTaxExpense": -279500000, "netIncome": 279500000, "netIncomeRatio": 0.2379736058, "eps": 3.88, "epsdiluted": 3.88, "weightedAverageShsOut": 60592784, "weightedAverageShsOutDil": 60592784, "link": "", "finalLink": "", "calculatedOtherExpenses": 0, "calculatedOperatingExpenses": 0, "calculatedNetInterest": 0, "calculatedOtherIncome": -1174500000, "calculatedIncomeNonControlling": 0, "calculatedEbitda": 1174500000}]}