{"originalCurrency": "USD", "convertedCurrency": "USD", "report": [{"date": "2023-12-31", "symbol": "POOL", "reportedCurrency": "USD", "cik": "0000945841", "fillingDate": "2024-02-27", "acceptedDate": "2024-02-27 15:25:31", "calendarYear": "2023", "period": "FY", "revenue": 5541595000, "costOfRevenue": 3881551000, "grossProfit": 1660044000, "grossProfitRatio": 0.299560686, "researchAndDevelopmentExpenses": 0, "generalAndAdministrativeExpenses": 827995000, "sellingAndMarketingExpenses": 84932000, "sellingGeneralAndAdministrativeExpenses": 912927000, "otherExpenses": 0, "operatingExpenses": 912927000, "costAndExpenses": 4794478000, "interestIncome": 0, "interestExpense": 59244000, "depreciationAndAmortization": 40140000, "ebitda": 787257000, "ebitdaratio": 0.1420632507, "operatingIncome": 747117000, "operatingIncomeRatio": 0.1348198488, "totalOtherIncomeExpensesNet": -58981000, "incomeBeforeTax": 688136000, "incomeBeforeTaxRatio": 0.1241765232, "incomeTaxExpense": 165084000, "netIncome": 523229000, "netIncomeRatio": 0.0944184842, "eps": 13.45, "epsdiluted": 13.35, "weightedAverageShsOut": 38704000, "weightedAverageShsOutDil": 38997000, "link": "https://www.sec.gov/Archives/edgar/data/945841/000094584124000021/0000945841-24-000021-index.htm", "finalLink": "https://www.sec.gov/Archives/edgar/data/945841/000094584124000021/pool-20231231.htm", "calculatedOtherExpenses": 0, "calculatedOperatingExpenses": 912927000, "calculatedNetInterest": -59244000, "calculatedOtherIncome": 263000, "calculatedIncomeNonControlling": -177000, "calculatedEbitda": 787257000}, {"date": "2022-12-31", "symbol": "POOL", "reportedCurrency": "USD", "cik": "0000945841", "fillingDate": "2023-02-24", "acceptedDate": "2023-02-24 12:43:49", "calendarYear": "2022", "period": "FY", "revenue": 6179727000, "costOfRevenue": 4246315000, "grossProfit": 1933412000, "grossProfitRatio": 0.3128636589, "researchAndDevelopmentExpenses": 0, "generalAndAdministrativeExpenses": 907629000, "sellingAndMarketingExpenses": 89002000, "sellingGeneralAndAdministrativeExpenses": 907629000, "otherExpenses": 0, "operatingExpenses": 907629000, "costAndExpenses": 5153944000, "interestIncome": 40811000, "interestExpense": 40911000, "depreciationAndAmortization": 39025000, "ebitda": 1064808000, "ebitdaratio": 0.1723066407, "operatingIncome": 1025783000, "operatingIncomeRatio": 0.1659916368, "totalOtherIncomeExpensesNet": -40911000, "incomeBeforeTax": 984872000, "incomeBeforeTaxRatio": 0.1593714415, "incomeTaxExpense": 236763000, "netIncome": 748462000, "netIncomeRatio": 0.1211157062, "eps": 18.89, "epsdiluted": 18.7, "weightedAverageShsOut": 39409000, "weightedAverageShsOutDil": 39806000, "link": "https://www.sec.gov/Archives/edgar/data/945841/000094584123000015/0000945841-23-000015-index.htm", "finalLink": "https://www.sec.gov/Archives/edgar/data/945841/000094584123000015/pool-20221231.htm", "calculatedOtherExpenses": 0, "calculatedOperatingExpenses": 907629000, "calculatedNetInterest": -100000, "calculatedOtherIncome": -40811000, "calculatedIncomeNonControlling": -353000, "calculatedEbitda": 1064808000}, {"date": "2021-12-31", "symbol": "POOL", "reportedCurrency": "USD", "cik": "0000945841", "fillingDate": "2022-02-25", "acceptedDate": "2022-02-25 11:29:44", "calendarYear": "2021", "period": "FY", "revenue": 5295584000, "costOfRevenue": 3678492000, "grossProfit": 1617092000, "grossProfitRatio": 0.3053661315, "researchAndDevelopmentExpenses": 0, "generalAndAdministrativeExpenses": 711397000, "sellingAndMarketingExpenses": 75411000, "sellingGeneralAndAdministrativeExpenses": 786808000, "otherExpenses": 0, "operatingExpenses": 786808000, "costAndExpenses": 4465300000, "interestIncome": 8339000, "interestExpense": 8639000, "depreciationAndAmortization": 27526000, "ebitda": 860310000, "ebitdaratio": 0.1624580027, "operatingIncome": 832784000, "operatingIncomeRatio": 0.1572600869, "totalOtherIncomeExpensesNet": -8639000, "incomeBeforeTax": 824145000, "incomeBeforeTaxRatio": 0.1556287276, "incomeTaxExpense": 173812000, "netIncome": 650624000, "netIncomeRatio": 0.1228616145, "eps": 16.21, "epsdiluted": 15.97, "weightedAverageShsOut": 39876000, "weightedAverageShsOutDil": 40480000, "link": "https://www.sec.gov/Archives/edgar/data/945841/000094584122000023/0000945841-22-000023-index.htm", "finalLink": "https://www.sec.gov/Archives/edgar/data/945841/000094584122000023/pool-20211231.htm", "calculatedOtherExpenses": -2500000, "calculatedOperatingExpenses": 784308000, "calculatedNetInterest": -300000, "calculatedOtherIncome": -8339000, "calculatedIncomeNonControlling": -291000, "calculatedEbitda": 860310000}, {"date": "2020-12-31", "symbol": "POOL", "reportedCurrency": "USD", "cik": "0000945841", "fillingDate": "2021-02-25", "acceptedDate": "2021-02-25 12:33:19", "calendarYear": "2020", "period": "FY", "revenue": 3936623000, "costOfRevenue": 2805721000, "grossProfit": 1130902000, "grossProfitRatio": 0.2872771916, "researchAndDevelopmentExpenses": 0, "generalAndAdministrativeExpenses": 600707000, "sellingAndMarketingExpenses": 59224000, "sellingGeneralAndAdministrativeExpenses": 659931000, "otherExpenses": 0, "operatingExpenses": 659931000, "costAndExpenses": 3465652000, "interestIncome": 10653000, "interestExpense": 12353000, "depreciationAndAmortization": 36342000, "ebitda": 500369000, "ebitdaratio": 0.1271061516, "operatingIncome": 464027000, "operatingIncomeRatio": 0.1178743812, "totalOtherIncomeExpensesNet": -12353000, "incomeBeforeTax": 451674000, "incomeBeforeTaxRatio": 0.1147364124, "incomeTaxExpense": 85231000, "netIncome": 366738000, "netIncomeRatio": 0.0931605592, "eps": 9.14, "epsdiluted": 8.97, "weightedAverageShsOut": 40106000, "weightedAverageShsOutDil": 40865000, "link": "https://www.sec.gov/Archives/edgar/data/945841/000094584121000022/0000945841-21-000022-index.htm", "finalLink": "https://www.sec.gov/Archives/edgar/data/945841/000094584121000022/pool-20201231.htm", "calculatedOtherExpenses": 6944000, "calculatedOperatingExpenses": 666875000, "calculatedNetInterest": -1700000, "calculatedOtherIncome": -10653000, "calculatedIncomeNonControlling": -295000, "calculatedEbitda": 500369000}, {"date": "2019-12-31", "symbol": "POOL", "reportedCurrency": "USD", "cik": "0000945841", "fillingDate": "2020-02-27", "acceptedDate": "2020-02-27 12:44:49", "calendarYear": "2019", "period": "FY", "revenue": 3199517000, "costOfRevenue": 2274592000, "grossProfit": 924925000, "grossProfitRatio": 0.2890826959, "researchAndDevelopmentExpenses": 0, "generalAndAdministrativeExpenses": 532099000, "sellingAndMarketingExpenses": 51580000, "sellingGeneralAndAdministrativeExpenses": 583679000, "otherExpenses": 0, "operatingExpenses": 583679000, "costAndExpenses": 2858271000, "interestIncome": 22472000, "interestExpense": 23772000, "depreciationAndAmortization": 29274000, "ebitda": 370520000, "ebitdaratio": 0.1158049793, "operatingIncome": 341246000, "operatingIncomeRatio": 0.1066554733, "totalOtherIncomeExpensesNet": -23772000, "incomeBeforeTax": 317474000, "incomeBeforeTaxRatio": 0.0992256019, "incomeTaxExpense": 56161000, "netIncome": 261575000, "netIncomeRatio": 0.0817545273, "eps": 6.57, "epsdiluted": 6.4, "weightedAverageShsOut": 39833000, "weightedAverageShsOutDil": 40865000, "link": "https://www.sec.gov/Archives/edgar/data/945841/000094584120000041/0000945841-20-000041-index.htm", "finalLink": "https://www.sec.gov/Archives/edgar/data/945841/000094584120000041/pool-20191231.htm", "calculatedOtherExpenses": 0, "calculatedOperatingExpenses": 583679000, "calculatedNetInterest": -1300000, "calculatedOtherIncome": -22472000, "calculatedIncomeNonControlling": -262000, "calculatedEbitda": 370520000}, {"date": "2018-12-31", "symbol": "POOL", "reportedCurrency": "USD", "cik": "0000945841", "fillingDate": "2019-02-27", "acceptedDate": "2019-02-27 13:35:33", "calendarYear": "2018", "period": "FY", "revenue": 2998097000, "costOfRevenue": 2127924000, "grossProfit": 870173000, "grossProfitRatio": 0.2902417767, "researchAndDevelopmentExpenses": 0, "generalAndAdministrativeExpenses": 556284000, "sellingAndMarketingExpenses": 48610000, "sellingGeneralAndAdministrativeExpenses": 556284000, "otherExpenses": 0, "operatingExpenses": 556284000, "costAndExpenses": 2684208000, "interestIncome": 0, "interestExpense": 20896000, "depreciationAndAmortization": 27915000, "ebitda": 341804000, "ebitdaratio": 0.1140069851, "operatingIncome": 313889000, "operatingIncomeRatio": 0.1046960789, "totalOtherIncomeExpensesNet": -20896000, "incomeBeforeTax": 292993000, "incomeBeforeTaxRatio": 0.0977263244, "incomeTaxExpense": 58774000, "netIncome": 234461000, "netIncomeRatio": 0.0782032736, "eps": 5.82, "epsdiluted": 5.62, "weightedAverageShsOut": 40311000, "weightedAverageShsOutDil": 41693000, "link": "https://www.sec.gov/Archives/edgar/data/945841/000094584119000013/0000945841-19-000013-index.htm", "finalLink": "https://www.sec.gov/Archives/edgar/data/945841/000094584119000013/pool-12312018x10k.htm", "calculatedOtherExpenses": 0, "calculatedOperatingExpenses": 556284000, "calculatedNetInterest": -20896000, "calculatedOtherIncome": 0, "calculatedIncomeNonControlling": -242000, "calculatedEbitda": 341804000}, {"date": "2017-12-31", "symbol": "POOL", "reportedCurrency": "USD", "cik": "0000945841", "fillingDate": "2018-02-28", "acceptedDate": "2018-02-28 11:18:54", "calendarYear": "2017", "period": "FY", "revenue": 2788188000, "costOfRevenue": 1982899000, "grossProfit": 805289000, "grossProfitRatio": 0.288821629, "researchAndDevelopmentExpenses": 0, "generalAndAdministrativeExpenses": 520918000, "sellingAndMarketingExpenses": 45247000, "sellingGeneralAndAdministrativeExpenses": 520918000, "otherExpenses": 0, "operatingExpenses": 520918000, "costAndExpenses": 2503817000, "interestIncome": 0, "interestExpense": 15189000, "depreciationAndAmortization": 25725000, "ebitda": 310096000, "ebitdaratio": 0.1112177515, "operatingIncome": 284371000, "operatingIncomeRatio": 0.1019913291, "totalOtherIncomeExpensesNet": -15189000, "incomeBeforeTax": 269182000, "incomeBeforeTaxRatio": 0.0965437051, "incomeTaxExpense": 77982000, "netIncome": 191633000, "netIncomeRatio": 0.0687303008, "eps": 4.69, "epsdiluted": 4.51, "weightedAverageShsOut": 40838000, "weightedAverageShsOutDil": 42449000, "link": "https://www.sec.gov/Archives/edgar/data/945841/000094584118000020/0000945841-18-000020-index.htm", "finalLink": "https://www.sec.gov/Archives/edgar/data/945841/000094584118000020/pool-12312017x10k.htm", "calculatedOtherExpenses": 0, "calculatedOperatingExpenses": 520918000, "calculatedNetInterest": -15189000, "calculatedOtherIncome": 0, "calculatedIncomeNonControlling": -433000, "calculatedEbitda": 310096000}, {"date": "2016-12-31", "symbol": "POOL", "reportedCurrency": "USD", "cik": "0000945841", "fillingDate": "2017-02-24", "acceptedDate": "2017-02-24 11:37:43", "calendarYear": "2016", "period": "FY", "revenue": 2570803000, "costOfRevenue": 1829716000, "grossProfit": 741087000, "grossProfitRatio": 0.2882706298, "researchAndDevelopmentExpenses": 0, "generalAndAdministrativeExpenses": 485228000, "sellingAndMarketingExpenses": 39879000, "sellingGeneralAndAdministrativeExpenses": 485228000, "otherExpenses": 0, "operatingExpenses": 485228000, "costAndExpenses": 2314944000, "interestIncome": 0, "interestExpense": 14481000, "depreciationAndAmortization": 21977000, "ebitda": 277836000, "ebitdaratio": 0.1080736252, "operatingIncome": 255859000, "operatingIncomeRatio": 0.0995249344, "totalOtherIncomeExpensesNet": -14481000, "incomeBeforeTax": 241378000, "incomeBeforeTaxRatio": 0.0938920641, "incomeTaxExpense": 92931000, "netIncome": 148955000, "netIncomeRatio": 0.0579410402, "eps": 3.56, "epsdiluted": 3.47, "weightedAverageShsOut": 41872000, "weightedAverageShsOutDil": 42984000, "link": "https://www.sec.gov/Archives/edgar/data/945841/000094584117000028/0000945841-17-000028-index.htm", "finalLink": "https://www.sec.gov/Archives/edgar/data/945841/000094584117000028/pool-12312016x10k.htm", "calculatedOtherExpenses": 0, "calculatedOperatingExpenses": 485228000, "calculatedNetInterest": -14481000, "calculatedOtherIncome": 0, "calculatedIncomeNonControlling": -508000, "calculatedEbitda": 277836000}, {"date": "2015-12-31", "symbol": "POOL", "reportedCurrency": "USD", "cik": "0000945841", "fillingDate": "2016-02-26", "acceptedDate": "2016-02-26 14:32:29", "calendarYear": "2015", "period": "FY", "revenue": 2363139000, "costOfRevenue": 1687495000, "grossProfit": 675644000, "grossProfitRatio": 0.2859095466, "researchAndDevelopmentExpenses": 0, "generalAndAdministrativeExpenses": 459422000, "sellingAndMarketingExpenses": 36783000, "sellingGeneralAndAdministrativeExpenses": 459422000, "otherExpenses": 0, "operatingExpenses": 459422000, "costAndExpenses": 2146917000, "interestIncome": 0, "interestExpense": 8072000, "depreciationAndAmortization": 17388000, "ebitda": 233610000, "ebitdaratio": 0.0988558015, "operatingIncome": 216222000, "operatingIncomeRatio": 0.0914977917, "totalOtherIncomeExpensesNet": -8072000, "incomeBeforeTax": 208150000, "incomeBeforeTaxRatio": 0.088081996, "incomeTaxExpense": 80137000, "netIncome": 128275000, "netIncomeRatio": 0.0542816144, "eps": 2.98, "epsdiluted": 2.9, "weightedAverageShsOut": 43105000, "weightedAverageShsOutDil": 44254000, "link": "https://www.sec.gov/Archives/edgar/data/945841/000094584116000190/0000945841-16-000190-index.htm", "finalLink": "https://www.sec.gov/Archives/edgar/data/945841/000094584116000190/pool-12312015x10k.htm", "calculatedOtherExpenses": 0, "calculatedOperatingExpenses": 459422000, "calculatedNetInterest": -8072000, "calculatedOtherIncome": 0, "calculatedIncomeNonControlling": -262000, "calculatedEbitda": 233610000}, {"date": "2014-12-31", "symbol": "POOL", "reportedCurrency": "USD", "cik": "0000945841", "fillingDate": "2015-02-26", "acceptedDate": "2015-02-26 14:49:53", "calendarYear": "2014", "period": "FY", "revenue": 2246562000, "costOfRevenue": 1603222000, "grossProfit": 643340000, "grossProfitRatio": 0.2863664568, "researchAndDevelopmentExpenses": 0, "generalAndAdministrativeExpenses": 454470000, "sellingAndMarketingExpenses": 38674000, "sellingGeneralAndAdministrativeExpenses": 454470000, "otherExpenses": 0, "operatingExpenses": 454470000, "costAndExpenses": 2057692000, "interestIncome": 0, "interestExpense": 7485000, "depreciationAndAmortization": 15882000, "ebitda": 204752000, "ebitdaratio": 0.091140151, "operatingIncome": 188870000, "operatingIncomeRatio": 0.0840706822, "totalOtherIncomeExpensesNet": -7485000, "incomeBeforeTax": 181385000, "incomeBeforeTaxRatio": 0.0807389246, "incomeTaxExpense": 70559000, "netIncome": 110692000, "netIncomeRatio": 0.0492717317, "eps": 2.5, "epsdiluted": 2.44, "weightedAverageShsOut": 44281000, "weightedAverageShsOutDil": 45441000, "link": "https://www.sec.gov/Archives/edgar/data/945841/000094584115000034/0000945841-15-000034-index.htm", "finalLink": "https://www.sec.gov/Archives/edgar/data/945841/000094584115000034/pool-12312014x10k.htm", "calculatedOtherExpenses": 0, "calculatedOperatingExpenses": 454470000, "calculatedNetInterest": -7485000, "calculatedOtherIncome": 0, "calculatedIncomeNonControlling": 134000, "calculatedEbitda": 204752000}, {"date": "2013-12-31", "symbol": "POOL", "reportedCurrency": "USD", "cik": "0000945841", "fillingDate": "2014-02-27", "acceptedDate": "2014-02-27 15:24:50", "calendarYear": "2013", "period": "FY", "revenue": 2079700000, "costOfRevenue": 1488423000, "grossProfit": 591277000, "grossProfitRatio": 0.2843087945, "researchAndDevelopmentExpenses": 0, "generalAndAdministrativeExpenses": 425791000, "sellingAndMarketingExpenses": 35010000, "sellingGeneralAndAdministrativeExpenses": 425791000, "otherExpenses": 0, "operatingExpenses": 425791000, "costAndExpenses": 1914214000, "interestIncome": 0, "interestExpense": 6748000, "depreciationAndAmortization": 14596000, "ebitda": 180082000, "ebitdaratio": 0.0865903736, "operatingIncome": 165486000, "operatingIncomeRatio": 0.0795720537, "totalOtherIncomeExpensesNet": -6748000, "incomeBeforeTax": 158738000, "incomeBeforeTaxRatio": 0.0763273549, "incomeTaxExpense": 61590000, "netIncome": 97330000, "netIncomeRatio": 0.0468000192, "eps": 2.1, "epsdiluted": 2.05, "weightedAverageShsOut": 46282000, "weightedAverageShsOutDil": 47530000, "link": "https://www.sec.gov/Archives/edgar/data/945841/000094584114000019/0000945841-14-000019-index.htm", "finalLink": "https://www.sec.gov/Archives/edgar/data/945841/000094584114000019/pool-12312013x10k.htm", "calculatedOtherExpenses": 0, "calculatedOperatingExpenses": 425791000, "calculatedNetInterest": -6748000, "calculatedOtherIncome": 0, "calculatedIncomeNonControlling": -182000, "calculatedEbitda": 180082000}, {"date": "2012-12-31", "symbol": "POOL", "reportedCurrency": "USD", "cik": "0000945841", "fillingDate": "2013-03-01", "acceptedDate": "2013-03-01 16:38:52", "calendarYear": "2012", "period": "FY", "revenue": 1953974000, "costOfRevenue": 1386567000, "grossProfit": 567407000, "grossProfitRatio": 0.2903861566, "researchAndDevelopmentExpenses": 0, "generalAndAdministrativeExpenses": 415592000, "sellingAndMarketingExpenses": 33964000, "sellingGeneralAndAdministrativeExpenses": 415592000, "otherExpenses": 0, "operatingExpenses": 415592000, "costAndExpenses": 1802159000, "interestIncome": 0, "interestExpense": 6469000, "depreciationAndAmortization": 12876000, "ebitda": 164691000, "ebitdaratio": 0.0842851543, "operatingIncome": 144869000, "operatingIncomeRatio": 0.0741406999, "totalOtherIncomeExpensesNet": -6946000, "incomeBeforeTax": 138400000, "incomeBeforeTaxRatio": 0.070830011, "incomeTaxExpense": 56744000, "netIncome": 81972000, "netIncomeRatio": 0.0419514282, "eps": 1.75, "epsdiluted": 1.71, "weightedAverageShsOut": 46937000, "weightedAverageShsOutDil": 48058000, "link": "https://www.sec.gov/Archives/edgar/data/945841/000094584113000019/0000945841-13-000019-index.htm", "finalLink": "https://www.sec.gov/Archives/edgar/data/945841/000094584113000019/pool-12312012x10k.htm", "calculatedOtherExpenses": 6946000, "calculatedOperatingExpenses": 422538000, "calculatedNetInterest": -6469000, "calculatedOtherIncome": 0, "calculatedIncomeNonControlling": -316000, "calculatedEbitda": 157745000}, {"date": "2011-12-31", "symbol": "POOL", "reportedCurrency": "USD", "cik": "0000945841", "fillingDate": "2012-02-29", "acceptedDate": "2012-02-29 16:49:37", "calendarYear": "2011", "period": "FY", "revenue": 1793318000, "costOfRevenue": 1261728000, "grossProfit": 531590000, "grossProfitRatio": 0.2964281851, "researchAndDevelopmentExpenses": 0, "generalAndAdministrativeExpenses": 406523000, "sellingAndMarketingExpenses": 0, "sellingGeneralAndAdministrativeExpenses": 406523000, "otherExpenses": 0, "operatingExpenses": 406523000, "costAndExpenses": 1668251000, "interestIncome": 0, "interestExpense": 7964000, "depreciationAndAmortization": 11305000, "ebitda": 136372000, "ebitdaratio": 0.0760445164, "operatingIncome": 125067000, "operatingIncomeRatio": 0.0697405591, "totalOtherIncomeExpensesNet": -7964000, "incomeBeforeTax": 117103000, "incomeBeforeTaxRatio": 0.065299629, "incomeTaxExpense": 45319000, "netIncome": 71993000, "netIncomeRatio": 0.0401451388, "eps": 1.49, "epsdiluted": 1.47, "weightedAverageShsOut": 48158000, "weightedAverageShsOutDil": 48987000, "link": "https://www.sec.gov/Archives/edgar/data/945841/000094584112000018/0000945841-12-000018-index.htm", "finalLink": "https://www.sec.gov/Archives/edgar/data/945841/000094584112000018/pool201110k.htm", "calculatedOtherExpenses": 0, "calculatedOperatingExpenses": 406523000, "calculatedNetInterest": -7964000, "calculatedOtherIncome": 0, "calculatedIncomeNonControlling": -209000, "calculatedEbitda": 136372000}, {"date": "2010-12-31", "symbol": "POOL", "reportedCurrency": "USD", "cik": "0000945841", "fillingDate": "2011-03-01", "acceptedDate": "2011-03-01 16:22:09", "calendarYear": "2010", "period": "FY", "revenue": 1613746000, "costOfRevenue": 1142484000, "grossProfit": 471262000, "grossProfitRatio": 0.2920298486, "researchAndDevelopmentExpenses": 0, "generalAndAdministrativeExpenses": 370017000, "sellingAndMarketingExpenses": 0, "sellingGeneralAndAdministrativeExpenses": 370017000, "otherExpenses": 0, "operatingExpenses": 370017000, "costAndExpenses": 1512501000, "interestIncome": 0, "interestExpense": 6619000, "depreciationAndAmortization": 11328000, "ebitda": 112573000, "ebitdaratio": 0.0697588096, "operatingIncome": 101245000, "operatingIncomeRatio": 0.0627391176, "totalOtherIncomeExpensesNet": -6619000, "incomeBeforeTax": 94626000, "incomeBeforeTaxRatio": 0.0586374807, "incomeTaxExpense": 37093000, "netIncome": 57638000, "netIncomeRatio": 0.0357168972, "eps": 1.17, "epsdiluted": 1.15, "weightedAverageShsOut": 49469000, "weightedAverageShsOutDil": 50161000, "link": "https://www.sec.gov/Archives/edgar/data/945841/000094584111000020/0000945841-11-000020-index.htm", "finalLink": "https://www.sec.gov/Archives/edgar/data/945841/000094584111000020/pool201010k.htm", "calculatedOtherExpenses": 0, "calculatedOperatingExpenses": 370017000, "calculatedNetInterest": -6619000, "calculatedOtherIncome": 0, "calculatedIncomeNonControlling": -105000, "calculatedEbitda": 112573000}, {"date": "2009-12-31", "symbol": "POOL", "reportedCurrency": "USD", "cik": "0000945841", "fillingDate": "2010-03-01", "acceptedDate": "2010-03-01 16:03:03", "calendarYear": "2009", "period": "FY", "revenue": 1539794000, "costOfRevenue": 1090070000, "grossProfit": 449724000, "grossProfitRatio": 0.2920676402, "researchAndDevelopmentExpenses": 0, "generalAndAdministrativeExpenses": 361284000, "sellingAndMarketingExpenses": 0, "sellingGeneralAndAdministrativeExpenses": 361284000, "otherExpenses": 0, "operatingExpenses": 361284000, "costAndExpenses": 1451354000, "interestIncome": 0, "interestExpense": 9667000, "depreciationAndAmortization": 11545000, "ebitda": 99985000, "ebitdaratio": 0.0649340107, "operatingIncome": 88440000, "operatingIncomeRatio": 0.0574362545, "totalOtherIncomeExpensesNet": -28614000, "incomeBeforeTax": 78773000, "incomeBeforeTaxRatio": 0.0511581419, "incomeTaxExpense": 30957000, "netIncome": 19202000, "netIncomeRatio": 0.0124704993, "eps": 0.39, "epsdiluted": 0.39, "weightedAverageShsOut": 48649000, "weightedAverageShsOutDil": 49049000, "link": "https://www.sec.gov/Archives/edgar/data/945841/000094584110000036/0000945841-10-000036-index.htm", "finalLink": "https://www.sec.gov/Archives/edgar/data/945841/000094584110000036/pool2009.htm", "calculatedOtherExpenses": 0, "calculatedOperatingExpenses": 361284000, "calculatedNetInterest": -9667000, "calculatedOtherIncome": 0, "calculatedIncomeNonControlling": 28614000, "calculatedEbitda": 99985000}, {"date": "2008-12-31", "symbol": "POOL", "reportedCurrency": "USD", "cik": "0000945841", "fillingDate": "2009-03-02", "acceptedDate": "2009-03-02 16:59:19", "calendarYear": "2008", "period": "FY", "revenue": 1783683000, "costOfRevenue": 1268455000, "grossProfit": 515228000, "grossProfitRatio": 0.2888562598, "researchAndDevelopmentExpenses": 0, "generalAndAdministrativeExpenses": 399752000, "sellingAndMarketingExpenses": 0, "sellingGeneralAndAdministrativeExpenses": 399752000, "otherExpenses": 0, "operatingExpenses": 399752000, "costAndExpenses": 1668207000, "interestIncome": 0, "interestExpense": 18912000, "depreciationAndAmortization": 13454000, "ebitda": 128930000, "ebitdaratio": 0.0722830234, "operatingIncome": 115476000, "operatingIncomeRatio": 0.0647402033, "totalOtherIncomeExpensesNet": -1697000, "incomeBeforeTax": 96564000, "incomeBeforeTaxRatio": 0.0541374224, "incomeTaxExpense": 37911000, "netIncome": 56956000, "netIncomeRatio": 0.0319316829, "eps": 1.19, "epsdiluted": 1.17, "weightedAverageShsOut": 47861000, "weightedAverageShsOutDil": 48488000, "link": "https://www.sec.gov/Archives/edgar/data/945841/000094584109000010/0000945841-09-000010-index.htm", "finalLink": "https://www.sec.gov/Archives/edgar/data/945841/000094584109000010/pool200810k.htm", "calculatedOtherExpenses": 0, "calculatedOperatingExpenses": 399752000, "calculatedNetInterest": -18912000, "calculatedOtherIncome": 0, "calculatedIncomeNonControlling": 1697000, "calculatedEbitda": 128930000}, {"date": "2007-12-31", "symbol": "POOL", "reportedCurrency": "USD", "cik": "0000945841", "fillingDate": "2008-02-29", "acceptedDate": "2008-02-29 16:53:34", "calendarYear": "2007", "period": "FY", "revenue": 1928367000, "costOfRevenue": 1397721000, "grossProfit": 530646000, "grossProfitRatio": 0.2751789467, "researchAndDevelopmentExpenses": 0, "generalAndAdministrativeExpenses": 396872000, "sellingAndMarketingExpenses": 0, "sellingGeneralAndAdministrativeExpenses": 396872000, "otherExpenses": 0, "operatingExpenses": 396872000, "costAndExpenses": 1794593000, "interestIncome": 0, "interestExpense": 22148000, "depreciationAndAmortization": 13983000, "ebitda": 147757000, "ebitdaratio": 0.0766228628, "operatingIncome": 133774000, "operatingIncomeRatio": 0.0693716497, "totalOtherIncomeExpensesNet": 922000, "incomeBeforeTax": 111626000, "incomeBeforeTaxRatio": 0.0578862841, "incomeTaxExpense": 43154000, "netIncome": 69394000, "netIncomeRatio": 0.0359858886, "eps": 1.42, "epsdiluted": 1.37, "weightedAverageShsOut": 48887000, "weightedAverageShsOutDil": 50802000, "link": "https://www.sec.gov/Archives/edgar/data/945841/000094584108000016/0000945841-08-000016-index.htm", "finalLink": "https://www.sec.gov/Archives/edgar/data/945841/000094584108000016/pool200710k.htm", "calculatedOtherExpenses": 0, "calculatedOperatingExpenses": 396872000, "calculatedNetInterest": -22148000, "calculatedOtherIncome": 0, "calculatedIncomeNonControlling": -922000, "calculatedEbitda": 147757000}, {"date": "2006-12-31", "symbol": "POOL", "reportedCurrency": "USD", "cik": "0000945841", "fillingDate": "2007-03-01", "acceptedDate": "2007-03-01 17:27:07", "calendarYear": "2006", "period": "FY", "revenue": 1909762000, "costOfRevenue": 1369814000, "grossProfit": 539948000, "grossProfitRatio": 0.2827305183, "researchAndDevelopmentExpenses": 0, "generalAndAdministrativeExpenses": 372566000, "sellingAndMarketingExpenses": 0, "sellingGeneralAndAdministrativeExpenses": 372566000, "otherExpenses": 0, "operatingExpenses": 372566000, "costAndExpenses": 1742380000, "interestIncome": 0, "interestExpense": 15196000, "depreciationAndAmortization": 12904000, "ebitda": 180286000, "ebitdaratio": 0.0944023391, "operatingIncome": 167382000, "operatingIncomeRatio": 0.0876454762, "totalOtherIncomeExpensesNet": 1597000, "incomeBeforeTax": 152186000, "incomeBeforeTaxRatio": 0.0796884638, "incomeTaxExpense": 58759000, "netIncome": 95024000, "netIncomeRatio": 0.0497569854, "eps": 1.83, "epsdiluted": 1.74, "weightedAverageShsOut": 51866000, "weightedAverageShsOutDil": 54662000, "link": "https://www.sec.gov/Archives/edgar/data/945841/000094584107000018/0000945841-07-000018-index.htm", "finalLink": "https://www.sec.gov/Archives/edgar/data/945841/000094584107000018/pool10k2006.htm", "calculatedOtherExpenses": 0, "calculatedOperatingExpenses": 372566000, "calculatedNetInterest": -15196000, "calculatedOtherIncome": 0, "calculatedIncomeNonControlling": -1597000, "calculatedEbitda": 180286000}, {"date": "2005-12-31", "symbol": "POOL", "reportedCurrency": "USD", "cik": "0000945841", "fillingDate": "2006-03-07", "acceptedDate": "2006-03-07 13:50:58", "calendarYear": "2005", "period": "FY", "revenue": 1552659000, "costOfRevenue": 1120211000, "grossProfit": 432448000, "grossProfitRatio": 0.2785209115, "researchAndDevelopmentExpenses": 0, "generalAndAdministrativeExpenses": 292191000, "sellingAndMarketingExpenses": 0, "sellingGeneralAndAdministrativeExpenses": 292191000, "otherExpenses": 0, "operatingExpenses": 292191000, "costAndExpenses": 1412402000, "interestIncome": 0, "interestExpense": 6434000, "depreciationAndAmortization": 9798000, "ebitda": 150055000, "ebitdaratio": 0.0966438864, "operatingIncome": 140257000, "operatingIncomeRatio": 0.0903334216, "totalOtherIncomeExpensesNet": 1467000, "incomeBeforeTax": 133823000, "incomeBeforeTaxRatio": 0.0861895626, "incomeTaxExpense": 51669000, "netIncome": 83621000, "netIncomeRatio": 0.0538566421, "eps": 1.53, "epsdiluted": 1.45, "weightedAverageShsOut": 52445000, "weightedAverageShsOutDil": 55665000, "link": "https://www.sec.gov/Archives/edgar/data/945841/000119312506047003/0001193125-06-047003-index.htm", "finalLink": "https://www.sec.gov/Archives/edgar/data/945841/000119312506047003/d10k.htm", "calculatedOtherExpenses": 0, "calculatedOperatingExpenses": 292191000, "calculatedNetInterest": -6434000, "calculatedOtherIncome": 0, "calculatedIncomeNonControlling": -1467000, "calculatedEbitda": 150055000}, {"date": "2004-12-31", "symbol": "POOL", "reportedCurrency": "USD", "cik": "0000945841", "fillingDate": "2005-03-01", "acceptedDate": "2005-03-01 17:16:44", "calendarYear": "2004", "period": "FY", "revenue": 1310853000, "costOfRevenue": 940019000, "grossProfit": 370834000, "grossProfitRatio": 0.2828951835, "researchAndDevelopmentExpenses": 0, "generalAndAdministrativeExpenses": 257240000, "sellingAndMarketingExpenses": 0, "sellingGeneralAndAdministrativeExpenses": 257240000, "otherExpenses": 0, "operatingExpenses": 257240000, "costAndExpenses": 1197259000, "interestIncome": 0, "interestExpense": 3855000, "depreciationAndAmortization": 10275000, "ebitda": 123869000, "ebitdaratio": 0.0944949586, "operatingIncome": 113594000, "operatingIncomeRatio": 0.0866565511, "totalOtherIncomeExpensesNet": -3855000, "incomeBeforeTax": 109739000, "incomeBeforeTaxRatio": 0.0837157179, "incomeTaxExpense": 42798000, "netIncome": 66941000, "netIncomeRatio": 0.0510667481, "eps": 1.2, "epsdiluted": 1.13, "weightedAverageShsOut": 52838333, "weightedAverageShsOutDil": 56111504, "link": "https://www.sec.gov/Archives/edgar/data/945841/000094584105000053/0000945841-05-000053-index.htm", "finalLink": "https://www.sec.gov/Archives/edgar/data/945841/000094584105000053/pool10kparen.htm", "calculatedOtherExpenses": 0, "calculatedOperatingExpenses": 257240000, "calculatedNetInterest": -3855000, "calculatedOtherIncome": 0, "calculatedIncomeNonControlling": 0, "calculatedEbitda": 123869000}, {"date": "2003-12-31", "symbol": "POOL", "reportedCurrency": "USD", "cik": "0000945841", "fillingDate": "2004-03-01", "acceptedDate": "2004-03-01 15:22:05", "calendarYear": "2003", "period": "FY", "revenue": 1155832000, "costOfRevenue": 840694000, "grossProfit": 315138000, "grossProfitRatio": 0.2726503506, "researchAndDevelopmentExpenses": 0, "generalAndAdministrativeExpenses": 227112000, "sellingAndMarketingExpenses": 0, "sellingGeneralAndAdministrativeExpenses": 227112000, "otherExpenses": 0, "operatingExpenses": 227112000, "costAndExpenses": 1067806000, "interestIncome": 0, "interestExpense": 4669000, "depreciationAndAmortization": 8940000, "ebitda": 96966000, "ebitdaratio": 0.0838928149, "operatingIncome": 88026000, "operatingIncomeRatio": 0.0761581268, "totalOtherIncomeExpensesNet": -4669000, "incomeBeforeTax": 83357000, "incomeBeforeTaxRatio": 0.0721186124, "incomeTaxExpense": 32509000, "netIncome": 50848000, "netIncomeRatio": 0.0439925526, "eps": 0.91, "epsdiluted": 0.87, "weightedAverageShsOut": 55876923, "weightedAverageShsOutDil": 58445977, "link": "https://www.sec.gov/Archives/edgar/data/945841/000094584104000045/0000945841-04-000045-index.htm", "finalLink": "https://www.sec.gov/Archives/edgar/data/945841/000094584104000045/pool10k03.htm", "calculatedOtherExpenses": 0, "calculatedOperatingExpenses": 227112000, "calculatedNetInterest": -4669000, "calculatedOtherIncome": 0, "calculatedIncomeNonControlling": 0, "calculatedEbitda": 96966000}, {"date": "2002-12-31", "symbol": "POOL", "reportedCurrency": "USD", "cik": "0000945841", "fillingDate": "2003-03-18", "acceptedDate": "2003-03-18 12:46:53", "calendarYear": "2002", "period": "FY", "revenue": 983246000, "costOfRevenue": 727714000, "grossProfit": 255532000, "grossProfitRatio": 0.2598861323, "researchAndDevelopmentExpenses": 0, "generalAndAdministrativeExpenses": 182845000, "sellingAndMarketingExpenses": 0, "sellingGeneralAndAdministrativeExpenses": 182845000, "otherExpenses": 0, "operatingExpenses": 182845000, "costAndExpenses": 910559000, "interestIncome": 0, "interestExpense": 4977000, "depreciationAndAmortization": 6842000, "ebitda": 79529000, "ebitdaratio": 0.0808841328, "operatingIncome": 72687000, "operatingIncomeRatio": 0.0739255486, "totalOtherIncomeExpensesNet": -4977000, "incomeBeforeTax": 67710000, "incomeBeforeTaxRatio": 0.0688637432, "incomeTaxExpense": 26407000, "netIncome": 41303000, "netIncomeRatio": 0.0420067816, "eps": 0.76, "epsdiluted": 0.72, "weightedAverageShsOut": 54346053, "weightedAverageShsOutDil": 57365278, "link": "https://www.sec.gov/Archives/edgar/data/945841/000094584103000005/0000945841-03-000005-index.htm", "finalLink": "https://www.sec.gov/Archives/edgar/data/945841/000094584103000005/pool10k2002.htm", "calculatedOtherExpenses": 0, "calculatedOperatingExpenses": 182845000, "calculatedNetInterest": -4977000, "calculatedOtherIncome": 0, "calculatedIncomeNonControlling": 0, "calculatedEbitda": 79529000}, {"date": "2001-12-31", "symbol": "POOL", "reportedCurrency": "USD", "cik": "0000945841", "fillingDate": "2002-03-21", "acceptedDate": "2002-03-21 00:00:00", "calendarYear": "2001", "period": "FY", "revenue": 856053000, "costOfRevenue": 633360000, "grossProfit": 222693000, "grossProfitRatio": 0.2601392671, "researchAndDevelopmentExpenses": 0, "generalAndAdministrativeExpenses": 155989000, "sellingAndMarketingExpenses": 0, "sellingGeneralAndAdministrativeExpenses": 155989000, "otherExpenses": 2179000, "operatingExpenses": 158168000, "costAndExpenses": 791528000, "interestIncome": 0, "interestExpense": -5035000, "depreciationAndAmortization": 8107000, "ebitda": 71262000, "ebitdaratio": 0.0832448458, "operatingIncome": 64524000, "operatingIncomeRatio": 0.0753738378, "totalOtherIncomeExpensesNet": 1370000, "incomeBeforeTax": 58585000, "incomeBeforeTaxRatio": 0.0684361833, "incomeTaxExpense": 23141000, "netIncome": 35444000, "netIncomeRatio": 0.0414039785, "eps": 0.62, "epsdiluted": 0.59, "weightedAverageShsOut": 57206250, "weightedAverageShsOutDil": 60131250, "link": "https://www.sec.gov/Archives/edgar/data/945841/000094584102000008/0000945841-02-000008-index.htm", "finalLink": "https://www.sec.gov/Archives/edgar/data/945841/000094584102000008/pool10k2001.htm", "calculatedOtherExpenses": 2180000, "calculatedOperatingExpenses": 158169000, "calculatedNetInterest": 5035000, "calculatedOtherIncome": -10974000, "calculatedIncomeNonControlling": 0, "calculatedEbitda": 72631000}, {"date": "2000-12-31", "symbol": "POOL", "reportedCurrency": "USD", "cik": "0000945841", "fillingDate": "2001-03-27", "acceptedDate": "2001-03-27 00:00:00", "calendarYear": "2000", "period": "FY", "revenue": 669761000, "costOfRevenue": 505467000, "grossProfit": 164294000, "grossProfitRatio": 0.2453024288, "researchAndDevelopmentExpenses": 0, "generalAndAdministrativeExpenses": 110919000, "sellingAndMarketingExpenses": 0, "sellingGeneralAndAdministrativeExpenses": 110919000, "otherExpenses": 5131000, "operatingExpenses": 116050000, "costAndExpenses": 621517000, "interestIncome": 0, "interestExpense": -3639000, "depreciationAndAmortization": 5131000, "ebitda": 52758000, "ebitdaratio": 0.0787713826, "operatingIncome": 48244000, "operatingIncomeRatio": 0.072031665, "totalOtherIncomeExpensesNet": 617000, "incomeBeforeTax": 45222000, "incomeBeforeTaxRatio": 0.0675196077, "incomeTaxExpense": 17146000, "netIncome": 28076000, "netIncomeRatio": 0.041919431, "eps": 0.49, "epsdiluted": 0.47, "weightedAverageShsOut": 57297959, "weightedAverageShsOutDil": 59736170, "link": "https://www.sec.gov/Archives/edgar/data/945841/000094584101500007/0000945841-01-500007-index.htm", "finalLink": "https://www.sec.gov/Archives/edgar/data/945841/000094584101500007/pool10k2000.htm", "calculatedOtherExpenses": 5131000, "calculatedOperatingExpenses": 116050000, "calculatedNetInterest": 3639000, "calculatedOtherIncome": -6661000, "calculatedIncomeNonControlling": 0, "calculatedEbitda": 53375000}, {"date": "1999-12-31", "symbol": "POOL", "reportedCurrency": "USD", "cik": "0000945841", "fillingDate": "2000-03-22", "acceptedDate": "2000-03-22 00:00:00", "calendarYear": "1999", "period": "FY", "revenue": 569800000, "costOfRevenue": 434900000, "grossProfit": 134900000, "grossProfitRatio": 0.2367497367, "researchAndDevelopmentExpenses": 0, "generalAndAdministrativeExpenses": 92500000, "sellingAndMarketingExpenses": 0, "sellingGeneralAndAdministrativeExpenses": 92500000, "otherExpenses": 4600000, "operatingExpenses": 97100000, "costAndExpenses": 532000000, "interestIncome": 0, "interestExpense": -3053000, "depreciationAndAmortization": 4600000, "ebitda": 42600000, "ebitdaratio": 0.0747630748, "operatingIncome": 37800000, "operatingIncomeRatio": 0.0663390663, "totalOtherIncomeExpensesNet": -200000, "incomeBeforeTax": 34500000, "incomeBeforeTaxRatio": 0.0605475605, "incomeTaxExpense": 12900000, "netIncome": 21100000, "netIncomeRatio": 0.037030537, "eps": 0.36, "epsdiluted": 0.35, "weightedAverageShsOut": 58272750, "weightedAverageShsOutDil": 60145875, "link": "https://www.sec.gov/Archives/edgar/data/945841/000089155400000755/0000891554-00-000755-index.html", "finalLink": "https://www.sec.gov/Archives/edgar/data/945841/000089155400000755/0000891554-00-000755-d1.html", "calculatedOtherExpenses": 4600000, "calculatedOperatingExpenses": 97100000, "calculatedNetInterest": 3053000, "calculatedOtherIncome": -6353000, "calculatedIncomeNonControlling": 500000, "calculatedEbitda": 42400000}, {"date": "1998-12-31", "symbol": "POOL", "reportedCurrency": "USD", "cik": "0000945841", "fillingDate": "1999-03-31", "acceptedDate": "1999-03-31 00:00:00", "calendarYear": "1998", "period": "FY", "revenue": 457600000, "costOfRevenue": 353700000, "grossProfit": 103900000, "grossProfitRatio": 0.2270541958, "researchAndDevelopmentExpenses": 0, "generalAndAdministrativeExpenses": 76100000, "sellingAndMarketingExpenses": 0, "sellingGeneralAndAdministrativeExpenses": 76100000, "otherExpenses": 3300000, "operatingExpenses": 79400000, "costAndExpenses": 433100000, "interestIncome": 0, "interestExpense": 0, "depreciationAndAmortization": 3300000, "ebitda": 27100000, "ebitdaratio": 0.059222028, "operatingIncome": 24500000, "operatingIncomeRatio": 0.0535402098, "totalOtherIncomeExpensesNet": 700000, "incomeBeforeTax": 21700000, "incomeBeforeTaxRatio": 0.0474213287, "incomeTaxExpense": 8000000, "netIncome": 13700000, "netIncomeRatio": 0.0299388112, "eps": 0.23, "epsdiluted": 0.23, "weightedAverageShsOut": 58856625, "weightedAverageShsOutDil": 60299437, "link": "https://www.sec.gov/Archives/edgar/data/945841/000095013199001990/0000950131-99-001990-index.html", "finalLink": "https://www.sec.gov/Archives/edgar/data/945841/", "calculatedOtherExpenses": 3300000, "calculatedOperatingExpenses": 79400000, "calculatedNetInterest": 0, "calculatedOtherIncome": -2800000, "calculatedIncomeNonControlling": 0, "calculatedEbitda": 27800000}, {"date": "1997-12-31", "symbol": "POOL", "reportedCurrency": "USD", "cik": "0000945841", "fillingDate": "1998-03-25", "acceptedDate": "1998-03-25 00:00:00", "calendarYear": "1997", "period": "FY", "revenue": 335000000, "costOfRevenue": 260700000, "grossProfit": 74300000, "grossProfitRatio": 0.2217910448, "researchAndDevelopmentExpenses": 0, "generalAndAdministrativeExpenses": 56800000, "sellingAndMarketingExpenses": 0, "sellingGeneralAndAdministrativeExpenses": 56800000, "otherExpenses": 2600000, "operatingExpenses": 59400000, "costAndExpenses": 320100000, "interestIncome": 0, "interestExpense": 0, "depreciationAndAmortization": 2600000, "ebitda": 16600000, "ebitdaratio": 0.0495522388, "operatingIncome": 14900000, "operatingIncomeRatio": 0.0444776119, "totalOtherIncomeExpensesNet": 900000, "incomeBeforeTax": 11400000, "incomeBeforeTaxRatio": 0.0340298507, "incomeTaxExpense": 4300000, "netIncome": 7100000, "netIncomeRatio": 0.0211940299, "eps": 0.14, "epsdiluted": 0.14, "weightedAverageShsOut": 48736687, "weightedAverageShsOutDil": 50050406, "link": "https://www.sec.gov/Archives/edgar/data/945841/000095013198001968/0000950131-98-001968-index.html", "finalLink": "https://www.sec.gov/Archives/edgar/data/945841/", "calculatedOtherExpenses": 2600000, "calculatedOperatingExpenses": 59400000, "calculatedNetInterest": 0, "calculatedOtherIncome": -3500000, "calculatedIncomeNonControlling": 0, "calculatedEbitda": 17500000}, {"date": "1996-12-31", "symbol": "POOL", "reportedCurrency": "USD", "cik": "0000945841", "fillingDate": "1997-03-27", "acceptedDate": "1997-03-27 00:00:00", "calendarYear": "1996", "period": "FY", "revenue": 235800000, "costOfRevenue": 182800000, "grossProfit": 53000000, "grossProfitRatio": 0.2247667515, "researchAndDevelopmentExpenses": 0, "generalAndAdministrativeExpenses": 40700000, "sellingAndMarketingExpenses": 0, "sellingGeneralAndAdministrativeExpenses": 40700000, "otherExpenses": 2500000, "operatingExpenses": 43200000, "costAndExpenses": 226000000, "interestIncome": 0, "interestExpense": 0, "depreciationAndAmortization": 2500000, "ebitda": 11500000, "ebitdaratio": 0.0487701442, "operatingIncome": 9800000, "operatingIncomeRatio": 0.0415606446, "totalOtherIncomeExpensesNet": 800000, "incomeBeforeTax": 7400000, "incomeBeforeTaxRatio": 0.0313825276, "incomeTaxExpense": 2900000, "netIncome": 4500000, "netIncomeRatio": 0.0190839695, "eps": 0.0939, "epsdiluted": 0.0922, "weightedAverageShsOut": 48102609, "weightedAverageShsOutDil": 49070812, "link": "https://www.sec.gov/Archives/edgar/data/945841/000089924397000484/0000899243-97-000484-index.html", "finalLink": "https://www.sec.gov/Archives/edgar/data/945841/", "calculatedOtherExpenses": 2500000, "calculatedOperatingExpenses": 43200000, "calculatedNetInterest": 0, "calculatedOtherIncome": -2400000, "calculatedIncomeNonControlling": 0, "calculatedEbitda": 12300000}, {"date": "1995-12-31", "symbol": "POOL", "reportedCurrency": "USD", "cik": "0000945841", "fillingDate": "1995-12-31", "acceptedDate": "1995-12-30 19:00:00", "calendarYear": "1995", "period": "FY", "revenue": 161100000, "costOfRevenue": 122600000, "grossProfit": 38500000, "grossProfitRatio": 0.2389819988, "researchAndDevelopmentExpenses": 0, "generalAndAdministrativeExpenses": 26900000, "sellingAndMarketingExpenses": 0, "sellingGeneralAndAdministrativeExpenses": 26900000, "otherExpenses": 2100000, "operatingExpenses": 29000000, "costAndExpenses": 151600000, "interestIncome": 0, "interestExpense": 0, "depreciationAndAmortization": 2100000, "ebitda": 12200000, "ebitdaratio": 0.0757293606, "operatingIncome": 9500000, "operatingIncomeRatio": 0.0589695841, "totalOtherIncomeExpensesNet": -600000, "incomeBeforeTax": 3800000, "incomeBeforeTaxRatio": 0.0235878336, "incomeTaxExpense": 1500000, "netIncome": 1500000, "netIncomeRatio": 0.009310987, "eps": 0.1, "epsdiluted": 0.0979, "weightedAverageShsOut": 16095203, "weightedAverageShsOutDil": 17117151, "link": "", "finalLink": "", "calculatedOtherExpenses": 2100000, "calculatedOperatingExpenses": 29000000, "calculatedNetInterest": 0, "calculatedOtherIncome": -5700000, "calculatedIncomeNonControlling": 800000, "calculatedEbitda": 11600000}, {"date": "1994-12-31", "symbol": "POOL", "reportedCurrency": "USD", "cik": "0000945841", "fillingDate": "1994-12-31", "acceptedDate": "1994-12-30 19:00:00", "calendarYear": "1994", "period": "FY", "revenue": 102000000, "costOfRevenue": 77100000, "grossProfit": 24900000, "grossProfitRatio": 0.2441176471, "researchAndDevelopmentExpenses": 0, "generalAndAdministrativeExpenses": 17100000, "sellingAndMarketingExpenses": 0, "sellingGeneralAndAdministrativeExpenses": 17100000, "otherExpenses": 1600000, "operatingExpenses": 18700000, "costAndExpenses": 95800000, "interestIncome": 0, "interestExpense": 0, "depreciationAndAmortization": 1600000, "ebitda": 7900000, "ebitdaratio": 0.0774509804, "operatingIncome": 6200000, "operatingIncomeRatio": 0.0607843137, "totalOtherIncomeExpensesNet": -100000, "incomeBeforeTax": 1900000, "incomeBeforeTaxRatio": 0.018627451, "incomeTaxExpense": 800000, "netIncome": 1100000, "netIncomeRatio": 0.0107843137, "eps": 0.0683, "epsdiluted": 0.0653, "weightedAverageShsOut": 16117216, "weightedAverageShsOutDil": 16849716, "link": "", "finalLink": "", "calculatedOtherExpenses": 1600000, "calculatedOperatingExpenses": 18700000, "calculatedNetInterest": 0, "calculatedOtherIncome": -4300000, "calculatedIncomeNonControlling": 0, "calculatedEbitda": 7800000}, {"date": "1993-12-31", "symbol": "POOL", "reportedCurrency": "USD", "cik": "0000945841", "fillingDate": "1993-12-31", "acceptedDate": "1993-12-30 19:00:00", "calendarYear": "1993", "period": "FY", "revenue": 67300000, "costOfRevenue": 50900000, "grossProfit": 16400000, "grossProfitRatio": 0.2436849926, "researchAndDevelopmentExpenses": 0, "generalAndAdministrativeExpenses": 10700000, "sellingAndMarketingExpenses": 0, "sellingGeneralAndAdministrativeExpenses": 10700000, "otherExpenses": 3.725290298461914e-09, "operatingExpenses": 10700000, "costAndExpenses": 61600000, "interestIncome": 0, "interestExpense": -100000, "depreciationAndAmortization": -100000, "ebitda": 5600000, "ebitdaratio": 0.0832095097, "operatingIncome": 5700000, "operatingIncomeRatio": 0.0846953938, "totalOtherIncomeExpensesNet": 0, "incomeBeforeTax": 5700000, "incomeBeforeTaxRatio": 0.0846953938, "incomeTaxExpense": 0, "netIncome": 5700000, "netIncomeRatio": 0.0846953938, "eps": 0.23, "epsdiluted": 0.23, "weightedAverageShsOut": 24700000, "weightedAverageShsOutDil": 24700000, "link": "", "finalLink": "", "calculatedOtherExpenses": 0, "calculatedOperatingExpenses": 10700000, "calculatedNetInterest": 100000, "calculatedOtherIncome": -100000, "calculatedIncomeNonControlling": 0, "calculatedEbitda": 5600000}, {"date": "1992-12-31", "symbol": "POOL", "reportedCurrency": "USD", "cik": "0000945841", "fillingDate": "1992-12-31", "acceptedDate": "1992-12-30 19:00:00", "calendarYear": "1992", "period": "FY", "revenue": 54100000, "costOfRevenue": 40700000, "grossProfit": 13400000, "grossProfitRatio": 0.247689464, "researchAndDevelopmentExpenses": 0, "generalAndAdministrativeExpenses": 9000000, "sellingAndMarketingExpenses": 0, "sellingGeneralAndAdministrativeExpenses": 9000000, "otherExpenses": 0, "operatingExpenses": 9000000, "costAndExpenses": 49700000, "interestIncome": 0, "interestExpense": -200000, "depreciationAndAmortization": -300000, "ebitda": 4100000, "ebitdaratio": 0.0757855823, "operatingIncome": 4400000, "operatingIncomeRatio": 0.0813308688, "totalOtherIncomeExpensesNet": -200000, "incomeBeforeTax": 4200000, "incomeBeforeTaxRatio": 0.0776340111, "incomeTaxExpense": 100000, "netIncome": 4200000, "netIncomeRatio": 0.0776340111, "eps": 0.17, "epsdiluted": 0.17, "weightedAverageShsOut": 24700000, "weightedAverageShsOutDil": 24700000, "link": "", "finalLink": "", "calculatedOtherExpenses": 0, "calculatedOperatingExpenses": 9000000, "calculatedNetInterest": 200000, "calculatedOtherIncome": -400000, "calculatedIncomeNonControlling": -100000, "calculatedEbitda": 4100000}, {"date": "1991-12-31", "symbol": "POOL", "reportedCurrency": "USD", "cik": "0000945841", "fillingDate": "1991-12-31", "acceptedDate": "1991-12-30 19:00:00", "calendarYear": "1991", "period": "FY", "revenue": 43700000, "costOfRevenue": 33400000, "grossProfit": 10300000, "grossProfitRatio": 0.2356979405, "researchAndDevelopmentExpenses": 0, "generalAndAdministrativeExpenses": 7600000, "sellingAndMarketingExpenses": 0, "sellingGeneralAndAdministrativeExpenses": 7600000, "otherExpenses": 9.313225746154785e-10, "operatingExpenses": 7600000, "costAndExpenses": 41000000, "interestIncome": 0, "interestExpense": -300000, "depreciationAndAmortization": -500000, "ebitda": 2200000, "ebitdaratio": 0.0503432494, "operatingIncome": 2700000, "operatingIncomeRatio": 0.061784897, "totalOtherIncomeExpensesNet": -200000, "incomeBeforeTax": 2500000, "incomeBeforeTaxRatio": 0.057208238, "incomeTaxExpense": 0, "netIncome": 2500000, "netIncomeRatio": 0.057208238, "eps": 0.1, "epsdiluted": 0.1, "weightedAverageShsOut": 24700000, "weightedAverageShsOutDil": 24700000, "link": "", "finalLink": "", "calculatedOtherExpenses": 0, "calculatedOperatingExpenses": 7600000, "calculatedNetInterest": 300000, "calculatedOtherIncome": -500000, "calculatedIncomeNonControlling": 0, "calculatedEbitda": 2200000}, {"date": "1990-12-31", "symbol": "POOL", "reportedCurrency": "USD", "cik": "0000945841", "fillingDate": "1990-12-31", "acceptedDate": "1990-12-30 19:00:00", "calendarYear": "1990", "period": "FY", "revenue": 32100000, "costOfRevenue": 24700000, "grossProfit": 7400000, "grossProfitRatio": 0.230529595, "researchAndDevelopmentExpenses": 0, "generalAndAdministrativeExpenses": 5300000, "sellingAndMarketingExpenses": 0, "sellingGeneralAndAdministrativeExpenses": 5300000, "otherExpenses": 9.313225746154785e-10, "operatingExpenses": 5300000, "costAndExpenses": 30000000, "interestIncome": 0, "interestExpense": -100000, "depreciationAndAmortization": -2500000, "ebitda": -400000, "ebitdaratio": -0.0124610592, "operatingIncome": 2100000, "operatingIncomeRatio": 0.0654205607, "totalOtherIncomeExpensesNet": -2400000, "incomeBeforeTax": -300000, "incomeBeforeTaxRatio": -0.0093457944, "incomeTaxExpense": 0, "netIncome": -300000, "netIncomeRatio": -0.0093457944, "eps": -0.0126, "epsdiluted": -0.0126, "weightedAverageShsOut": 23800000, "weightedAverageShsOutDil": 23800000, "link": "", "finalLink": "", "calculatedOtherExpenses": 0, "calculatedOperatingExpenses": 5300000, "calculatedNetInterest": 100000, "calculatedOtherIncome": -2500000, "calculatedIncomeNonControlling": 0, "calculatedEbitda": -400000}]}