{"originalCurrency": "USD", "convertedCurrency": "USD", "report": [{"date": "2023-12-31", "symbol": "POR", "reportedCurrency": "USD", "cik": "0000784977", "fillingDate": "2024-02-20", "acceptedDate": "2024-02-20 09:00:20", "calendarYear": "2023", "period": "FY", "revenue": 2923000000, "costOfRevenue": 1770000000, "grossProfit": 1153000000, "grossProfitRatio": 0.3944577489, "researchAndDevelopmentExpenses": 0, "generalAndAdministrativeExpenses": 341000000, "sellingAndMarketingExpenses": 0, "sellingGeneralAndAdministrativeExpenses": 341000000, "otherExpenses": -164000000, "operatingExpenses": 505000000, "costAndExpenses": 2527000000, "interestIncome": 0, "interestExpense": 173000000, "depreciationAndAmortization": 458000000, "ebitda": 921000000, "ebitdaratio": 0.3150872391, "operatingIncome": 463000000, "operatingIncomeRatio": 0.1583989052, "totalOtherIncomeExpensesNet": -190000000, "incomeBeforeTax": 273000000, "incomeBeforeTaxRatio": 0.0933971947, "incomeTaxExpense": 45000000, "netIncome": 228000000, "netIncomeRatio": 0.0780020527, "eps": 2.33, "epsdiluted": 2.33, "weightedAverageShsOut": 97760000, "weightedAverageShsOutDil": 97952000, "link": "https://www.sec.gov/Archives/edgar/data/784977/000078497724000034/0000784977-24-000034-index.htm", "finalLink": "https://www.sec.gov/Archives/edgar/data/784977/000078497724000034/por-20231231.htm", "calculatedOtherExpenses": 349000000, "calculatedOperatingExpenses": 690000000, "calculatedNetInterest": -173000000, "calculatedOtherIncome": -17000000, "calculatedIncomeNonControlling": 0, "calculatedEbitda": 921000000}, {"date": "2022-12-31", "symbol": "POR", "reportedCurrency": "USD", "cik": "0000784977", "fillingDate": "2023-02-16", "acceptedDate": "2023-02-15 19:18:09", "calendarYear": "2022", "period": "FY", "revenue": 2647000000, "costOfRevenue": 988000000, "grossProfit": 1659000000, "grossProfitRatio": 0.6267472611, "researchAndDevelopmentExpenses": 0, "generalAndAdministrativeExpenses": 688000000, "sellingAndMarketingExpenses": 0, "sellingGeneralAndAdministrativeExpenses": 688000000, "otherExpenses": 574000000, "operatingExpenses": 1262000000, "costAndExpenses": 2250000000, "interestIncome": 163000000, "interestExpense": 156000000, "depreciationAndAmortization": 434000000, "ebitda": 831000000, "ebitdaratio": 0.3139403098, "operatingIncome": 397000000, "operatingIncomeRatio": 0.1499811107, "totalOtherIncomeExpensesNet": -125000000, "incomeBeforeTax": 272000000, "incomeBeforeTaxRatio": 0.1027578391, "incomeTaxExpense": 39000000, "netIncome": 233000000, "netIncomeRatio": 0.0880241783, "eps": 2.61, "epsdiluted": 2.6, "weightedAverageShsOut": 89290000, "weightedAverageShsOutDil": 89643000, "link": "https://www.sec.gov/Archives/edgar/data/784977/000078497723000005/0000784977-23-000005-index.htm", "finalLink": "https://www.sec.gov/Archives/edgar/data/784977/000078497723000005/por-20221231.htm", "calculatedOtherExpenses": 574000000, "calculatedOperatingExpenses": 1262000000, "calculatedNetInterest": 7000000, "calculatedOtherIncome": -132000000, "calculatedIncomeNonControlling": 0, "calculatedEbitda": 831000000}, {"date": "2021-12-31", "symbol": "POR", "reportedCurrency": "USD", "cik": "0000784977", "fillingDate": "2022-02-17", "acceptedDate": "2022-02-16 19:39:50", "calendarYear": "2021", "period": "FY", "revenue": 2396000000, "costOfRevenue": 822000000, "grossProfit": 1574000000, "grossProfitRatio": 0.6569282137, "researchAndDevelopmentExpenses": 0, "generalAndAdministrativeExpenses": 646000000, "sellingAndMarketingExpenses": 0, "sellingGeneralAndAdministrativeExpenses": 646000000, "otherExpenses": 550000000, "operatingExpenses": 1196000000, "costAndExpenses": 2018000000, "interestIncome": 145000000, "interestExpense": 137000000, "depreciationAndAmortization": 413000000, "ebitda": 791000000, "ebitdaratio": 0.3301335559, "operatingIncome": 378000000, "operatingIncomeRatio": 0.1577629382, "totalOtherIncomeExpensesNet": -111000000, "incomeBeforeTax": 267000000, "incomeBeforeTaxRatio": 0.1114357262, "incomeTaxExpense": 23000000, "netIncome": 244000000, "netIncomeRatio": 0.101836394, "eps": 2.72, "epsdiluted": 2.72, "weightedAverageShsOut": 89481000, "weightedAverageShsOutDil": 89627000, "link": "https://www.sec.gov/Archives/edgar/data/784977/000078497722000009/0000784977-22-000009-index.htm", "finalLink": "https://www.sec.gov/Archives/edgar/data/784977/000078497722000009/por-20211231.htm", "calculatedOtherExpenses": 550000000, "calculatedOperatingExpenses": 1196000000, "calculatedNetInterest": 8000000, "calculatedOtherIncome": -119000000, "calculatedIncomeNonControlling": 0, "calculatedEbitda": 791000000}, {"date": "2020-12-31", "symbol": "POR", "reportedCurrency": "USD", "cik": "0000784977", "fillingDate": "2021-02-19", "acceptedDate": "2021-02-18 19:25:00", "calendarYear": "2020", "period": "FY", "revenue": 2145000000, "costOfRevenue": 708000000, "grossProfit": 1437000000, "grossProfitRatio": 0.6699300699, "researchAndDevelopmentExpenses": 0, "generalAndAdministrativeExpenses": 576000000, "sellingAndMarketingExpenses": 0, "sellingGeneralAndAdministrativeExpenses": 576000000, "otherExpenses": 592000000, "operatingExpenses": 1168000000, "costAndExpenses": 1876000000, "interestIncome": 136000000, "interestExpense": 136000000, "depreciationAndAmortization": 460000000, "ebitda": 729000000, "ebitdaratio": 0.3398601399, "operatingIncome": 269000000, "operatingIncomeRatio": 0.1254079254, "totalOtherIncomeExpensesNet": -114000000, "incomeBeforeTax": 155000000, "incomeBeforeTaxRatio": 0.0722610723, "incomeTaxExpense": 142000000, "netIncome": 13000000, "netIncomeRatio": 0.0060606061, "eps": 0.15, "epsdiluted": 0.15, "weightedAverageShsOut": 89485000, "weightedAverageShsOutDil": 89645000, "link": "https://www.sec.gov/Archives/edgar/data/784977/000078497721000007/0000784977-21-000007-index.htm", "finalLink": "https://www.sec.gov/Archives/edgar/data/784977/000078497721000007/por-20201231.htm", "calculatedOtherExpenses": 592000000, "calculatedOperatingExpenses": 1168000000, "calculatedNetInterest": 0, "calculatedOtherIncome": -114000000, "calculatedIncomeNonControlling": 0, "calculatedEbitda": 729000000}, {"date": "2019-12-31", "symbol": "POR", "reportedCurrency": "USD", "cik": "0000784977", "fillingDate": "2020-02-14", "acceptedDate": "2020-02-13 17:45:13", "calendarYear": "2019", "period": "FY", "revenue": 2123000000, "costOfRevenue": 614000000, "grossProfit": 1509000000, "grossProfitRatio": 0.7107866227, "researchAndDevelopmentExpenses": 0, "generalAndAdministrativeExpenses": 613000000, "sellingAndMarketingExpenses": 0, "sellingGeneralAndAdministrativeExpenses": 613000000, "otherExpenses": 543000000, "operatingExpenses": 1156000000, "costAndExpenses": 1770000000, "interestIncome": 128000000, "interestExpense": 128000000, "depreciationAndAmortization": 415000000, "ebitda": 768000000, "ebitdaratio": 0.3617522374, "operatingIncome": 353000000, "operatingIncomeRatio": 0.1662741404, "totalOtherIncomeExpensesNet": -112000000, "incomeBeforeTax": 241000000, "incomeBeforeTaxRatio": 0.1135186057, "incomeTaxExpense": 27000000, "netIncome": 214000000, "netIncomeRatio": 0.1008007537, "eps": 2.39, "epsdiluted": 2.39, "weightedAverageShsOut": 89353000, "weightedAverageShsOutDil": 89559000, "link": "https://www.sec.gov/Archives/edgar/data/784977/000078497720000005/0000784977-20-000005-index.htm", "finalLink": "https://www.sec.gov/Archives/edgar/data/784977/000078497720000005/a201910-k.htm", "calculatedOtherExpenses": 543000000, "calculatedOperatingExpenses": 1156000000, "calculatedNetInterest": 0, "calculatedOtherIncome": -112000000, "calculatedIncomeNonControlling": 0, "calculatedEbitda": 768000000}, {"date": "2018-12-31", "symbol": "POR", "reportedCurrency": "USD", "cik": "0000784977", "fillingDate": "2019-02-15", "acceptedDate": "2019-02-14 17:48:19", "calendarYear": "2018", "period": "FY", "revenue": 1991000000, "costOfRevenue": 571000000, "grossProfit": 1420000000, "grossProfitRatio": 0.7132094425, "researchAndDevelopmentExpenses": 0, "generalAndAdministrativeExpenses": 271000000, "sellingAndMarketingExpenses": 292000000, "sellingGeneralAndAdministrativeExpenses": 563000000, "otherExpenses": -4000000, "operatingExpenses": 1074000000, "costAndExpenses": 1645000000, "interestIncome": 0, "interestExpense": 124000000, "depreciationAndAmortization": 382000000, "ebitda": 724000000, "ebitdaratio": 0.3636363636, "operatingIncome": 346000000, "operatingIncomeRatio": 0.1737820191, "totalOtherIncomeExpensesNet": 7000000, "incomeBeforeTax": 229000000, "incomeBeforeTaxRatio": 0.1150175791, "incomeTaxExpense": 17000000, "netIncome": 212000000, "netIncomeRatio": 0.1064791562, "eps": 2.38, "epsdiluted": 2.37, "weightedAverageShsOut": 89215000, "weightedAverageShsOutDil": 89347000, "link": "https://www.sec.gov/Archives/edgar/data/784977/000078497719000010/0000784977-19-000010-index.htm", "finalLink": "https://www.sec.gov/Archives/edgar/data/784977/000078497719000010/a201810-k.htm", "calculatedOtherExpenses": 511000000, "calculatedOperatingExpenses": 1074000000, "calculatedNetInterest": -124000000, "calculatedOtherIncome": 7000000, "calculatedIncomeNonControlling": 0, "calculatedEbitda": 728000000}, {"date": "2017-12-31", "symbol": "POR", "reportedCurrency": "USD", "cik": "0000784977", "fillingDate": "2018-02-16", "acceptedDate": "2018-02-15 19:44:41", "calendarYear": "2017", "period": "FY", "revenue": 2009000000, "costOfRevenue": 592000000, "grossProfit": 1417000000, "grossProfitRatio": 0.7053260329, "researchAndDevelopmentExpenses": 0, "generalAndAdministrativeExpenses": 264000000, "sellingAndMarketingExpenses": 309000000, "sellingGeneralAndAdministrativeExpenses": 573000000, "otherExpenses": 5000000, "operatingExpenses": 1041000000, "costAndExpenses": 1633000000, "interestIncome": 0, "interestExpense": 120000000, "depreciationAndAmortization": 345000000, "ebitda": 726000000, "ebitdaratio": 0.3613738178, "operatingIncome": 376000000, "operatingIncomeRatio": 0.1871577899, "totalOtherIncomeExpensesNet": 17000000, "incomeBeforeTax": 273000000, "incomeBeforeTaxRatio": 0.1358885017, "incomeTaxExpense": 86000000, "netIncome": 187000000, "netIncomeRatio": 0.0930811349, "eps": 2.1, "epsdiluted": 2.1, "weightedAverageShsOut": 89056000, "weightedAverageShsOutDil": 89176000, "link": "https://www.sec.gov/Archives/edgar/data/784977/000078497718000005/0000784977-18-000005-index.htm", "finalLink": "https://www.sec.gov/Archives/edgar/data/784977/000078497718000005/a201710-k.htm", "calculatedOtherExpenses": 468000000, "calculatedOperatingExpenses": 1041000000, "calculatedNetInterest": -120000000, "calculatedOtherIncome": 17000000, "calculatedIncomeNonControlling": 0, "calculatedEbitda": 721000000}, {"date": "2016-12-31", "symbol": "POR", "reportedCurrency": "USD", "cik": "0000784977", "fillingDate": "2017-02-17", "acceptedDate": "2017-02-16 18:32:21", "calendarYear": "2016", "period": "FY", "revenue": 1923000000, "costOfRevenue": 617000000, "grossProfit": 1306000000, "grossProfitRatio": 0.6791471659, "researchAndDevelopmentExpenses": 0, "generalAndAdministrativeExpenses": 247000000, "sellingAndMarketingExpenses": 286000000, "sellingGeneralAndAdministrativeExpenses": 533000000, "otherExpenses": 1000000, "operatingExpenses": 973000000, "costAndExpenses": 1590000000, "interestIncome": 0, "interestExpense": 112000000, "depreciationAndAmortization": 321000000, "ebitda": 655000000, "ebitdaratio": 0.3406136245, "operatingIncome": 333000000, "operatingIncomeRatio": 0.1731669267, "totalOtherIncomeExpensesNet": 22000000, "incomeBeforeTax": 243000000, "incomeBeforeTaxRatio": 0.1263650546, "incomeTaxExpense": 50000000, "netIncome": 193000000, "netIncomeRatio": 0.1003640146, "eps": 2.17, "epsdiluted": 2.16, "weightedAverageShsOut": 88896000, "weightedAverageShsOutDil": 89054000, "link": "https://www.sec.gov/Archives/edgar/data/784977/000078497717000006/0000784977-17-000006-index.htm", "finalLink": "https://www.sec.gov/Archives/edgar/data/784977/000078497717000006/por201610k.htm", "calculatedOtherExpenses": 440000000, "calculatedOperatingExpenses": 973000000, "calculatedNetInterest": -112000000, "calculatedOtherIncome": 22000000, "calculatedIncomeNonControlling": 0, "calculatedEbitda": 654000000}, {"date": "2015-12-31", "symbol": "POR", "reportedCurrency": "USD", "cik": "0000784977", "fillingDate": "2016-02-12", "acceptedDate": "2016-02-11 19:17:15", "calendarYear": "2015", "period": "FY", "revenue": 1898000000, "costOfRevenue": 661000000, "grossProfit": 1237000000, "grossProfitRatio": 0.6517386723, "researchAndDevelopmentExpenses": 0, "generalAndAdministrativeExpenses": 241000000, "sellingAndMarketingExpenses": 266000000, "sellingGeneralAndAdministrativeExpenses": 507000000, "otherExpenses": 1000000, "operatingExpenses": 928000000, "costAndExpenses": 1589000000, "interestIncome": 0, "interestExpense": 114000000, "depreciationAndAmortization": 305000000, "ebitda": 615000000, "ebitdaratio": 0.3240252898, "operatingIncome": 309000000, "operatingIncomeRatio": 0.1628029505, "totalOtherIncomeExpensesNet": 22000000, "incomeBeforeTax": 217000000, "incomeBeforeTaxRatio": 0.1143308746, "incomeTaxExpense": 45000000, "netIncome": 172000000, "netIncomeRatio": 0.0906217071, "eps": 2.05, "epsdiluted": 2.04, "weightedAverageShsOut": 84180000, "weightedAverageShsOutDil": 84341000, "link": "https://www.sec.gov/Archives/edgar/data/784977/000078497716000067/0000784977-16-000067-index.htm", "finalLink": "https://www.sec.gov/Archives/edgar/data/784977/000078497716000067/por201510k.htm", "calculatedOtherExpenses": 421000000, "calculatedOperatingExpenses": 928000000, "calculatedNetInterest": -114000000, "calculatedOtherIncome": 22000000, "calculatedIncomeNonControlling": 0, "calculatedEbitda": 614000000}, {"date": "2014-12-31", "symbol": "POR", "reportedCurrency": "USD", "cik": "0000784977", "fillingDate": "2015-02-13", "acceptedDate": "2015-02-12 19:51:05", "calendarYear": "2014", "period": "FY", "revenue": 1900000000, "costOfRevenue": 713000000, "grossProfit": 1187000000, "grossProfitRatio": 0.6247368421, "researchAndDevelopmentExpenses": 0, "generalAndAdministrativeExpenses": 227000000, "sellingAndMarketingExpenses": 257000000, "sellingGeneralAndAdministrativeExpenses": 484000000, "otherExpenses": 1000000, "operatingExpenses": 894000000, "costAndExpenses": 1607000000, "interestIncome": 0, "interestExpense": 96000000, "depreciationAndAmortization": 301000000, "ebitda": 595000000, "ebitdaratio": 0.3131578947, "operatingIncome": 293000000, "operatingIncomeRatio": 0.1542105263, "totalOtherIncomeExpensesNet": 38000000, "incomeBeforeTax": 235000000, "incomeBeforeTaxRatio": 0.1236842105, "incomeTaxExpense": 61000000, "netIncome": 175000000, "netIncomeRatio": 0.0921052632, "eps": 2.24, "epsdiluted": 2.18, "weightedAverageShsOut": 78180000, "weightedAverageShsOutDil": 80494000, "link": "https://www.sec.gov/Archives/edgar/data/784977/000078497715000005/0000784977-15-000005-index.htm", "finalLink": "https://www.sec.gov/Archives/edgar/data/784977/000078497715000005/por201410k.htm", "calculatedOtherExpenses": 410000000, "calculatedOperatingExpenses": 894000000, "calculatedNetInterest": -96000000, "calculatedOtherIncome": 38000000, "calculatedIncomeNonControlling": -1000000, "calculatedEbitda": 594000000}, {"date": "2013-12-31", "symbol": "POR", "reportedCurrency": "USD", "cik": "0000784977", "fillingDate": "2014-02-14", "acceptedDate": "2014-02-13 19:01:03", "calendarYear": "2013", "period": "FY", "revenue": 1810000000, "costOfRevenue": 757000000, "grossProfit": 1053000000, "grossProfitRatio": 0.5817679558, "researchAndDevelopmentExpenses": 0, "generalAndAdministrativeExpenses": 219000000, "sellingAndMarketingExpenses": 225000000, "sellingGeneralAndAdministrativeExpenses": 444000000, "otherExpenses": 7000000, "operatingExpenses": 847000000, "costAndExpenses": 1604000000, "interestIncome": 0, "interestExpense": 101000000, "depreciationAndAmortization": 248000000, "ebitda": 461000000, "ebitdaratio": 0.2546961326, "operatingIncome": 206000000, "operatingIncomeRatio": 0.1138121547, "totalOtherIncomeExpensesNet": 20000000, "incomeBeforeTax": 125000000, "incomeBeforeTaxRatio": 0.0690607735, "incomeTaxExpense": 21000000, "netIncome": 105000000, "netIncomeRatio": 0.0580110497, "eps": 1.36, "epsdiluted": 1.35, "weightedAverageShsOut": 76821000, "weightedAverageShsOutDil": 77388000, "link": "https://www.sec.gov/Archives/edgar/data/784977/000078497714000004/0000784977-14-000004-index.htm", "finalLink": "https://www.sec.gov/Archives/edgar/data/784977/000078497714000004/por201310k.htm", "calculatedOtherExpenses": 403000000, "calculatedOperatingExpenses": 847000000, "calculatedNetInterest": -101000000, "calculatedOtherIncome": 20000000, "calculatedIncomeNonControlling": -1000000, "calculatedEbitda": 454000000}, {"date": "2012-12-31", "symbol": "POR", "reportedCurrency": "USD", "cik": "0000784977", "fillingDate": "2013-02-22", "acceptedDate": "2013-02-21 19:46:54", "calendarYear": "2012", "period": "FY", "revenue": 1805000000, "costOfRevenue": 726000000, "grossProfit": 1079000000, "grossProfitRatio": 0.5977839335, "researchAndDevelopmentExpenses": 0, "generalAndAdministrativeExpenses": 216000000, "sellingAndMarketingExpenses": 211000000, "sellingGeneralAndAdministrativeExpenses": 427000000, "otherExpenses": 4000000, "operatingExpenses": 777000000, "costAndExpenses": 1503000000, "interestIncome": 0, "interestExpense": 108000000, "depreciationAndAmortization": 248000000, "ebitda": 554000000, "ebitdaratio": 0.3069252078, "operatingIncome": 302000000, "operatingIncomeRatio": 0.1673130194, "totalOtherIncomeExpensesNet": 10000000, "incomeBeforeTax": 204000000, "incomeBeforeTaxRatio": 0.1130193906, "incomeTaxExpense": 64000000, "netIncome": 141000000, "netIncomeRatio": 0.0781163435, "eps": 1.87, "epsdiluted": 1.87, "weightedAverageShsOut": 75498000, "weightedAverageShsOutDil": 75647000, "link": "https://www.sec.gov/Archives/edgar/data/784977/000078497713000012/0000784977-13-000012-index.htm", "finalLink": "https://www.sec.gov/Archives/edgar/data/784977/000078497713000012/por201210k.htm", "calculatedOtherExpenses": 350000000, "calculatedOperatingExpenses": 777000000, "calculatedNetInterest": -108000000, "calculatedOtherIncome": 10000000, "calculatedIncomeNonControlling": -1000000, "calculatedEbitda": 550000000}, {"date": "2011-12-31", "symbol": "POR", "reportedCurrency": "USD", "cik": "0000784977", "fillingDate": "2012-02-24", "acceptedDate": "2012-02-23 20:08:31", "calendarYear": "2011", "period": "FY", "revenue": 1813000000, "costOfRevenue": 961000000, "grossProfit": 852000000, "grossProfitRatio": 0.4699393271, "researchAndDevelopmentExpenses": 0, "generalAndAdministrativeExpenses": 218000000, "sellingAndMarketingExpenses": 0, "sellingGeneralAndAdministrativeExpenses": 218000000, "otherExpenses": 325000000, "operatingExpenses": 543000000, "costAndExpenses": 1504000000, "interestIncome": 0, "interestExpense": 110000000, "depreciationAndAmortization": 227000000, "ebitda": 536000000, "ebitdaratio": 0.2956425814, "operatingIncome": 309000000, "operatingIncomeRatio": 0.1704357419, "totalOtherIncomeExpensesNet": 6000000, "incomeBeforeTax": 205000000, "incomeBeforeTaxRatio": 0.1130722559, "incomeTaxExpense": 58000000, "netIncome": 147000000, "netIncomeRatio": 0.0810810811, "eps": 1.95, "epsdiluted": 1.95, "weightedAverageShsOut": 75333000, "weightedAverageShsOutDil": 75350000, "link": "https://www.sec.gov/Archives/edgar/data/784977/000078497712000033/0000784977-12-000033-index.htm", "finalLink": "https://www.sec.gov/Archives/edgar/data/784977/000078497712000033/por2011123110k.htm", "calculatedOtherExpenses": 325000000, "calculatedOperatingExpenses": 543000000, "calculatedNetInterest": -110000000, "calculatedOtherIncome": 6000000, "calculatedIncomeNonControlling": 0, "calculatedEbitda": 536000000}, {"date": "2010-12-31", "symbol": "POR", "reportedCurrency": "USD", "cik": "0000784977", "fillingDate": "2011-02-25", "acceptedDate": "2011-02-24 20:22:01", "calendarYear": "2010", "period": "FY", "revenue": 1783000000, "costOfRevenue": 1003000000, "grossProfit": 780000000, "grossProfitRatio": 0.4374649467, "researchAndDevelopmentExpenses": 0, "generalAndAdministrativeExpenses": 186000000, "sellingAndMarketingExpenses": 0, "sellingGeneralAndAdministrativeExpenses": 186000000, "otherExpenses": 327000000, "operatingExpenses": 513000000, "costAndExpenses": 1516000000, "interestIncome": 0, "interestExpense": 110000000, "depreciationAndAmortization": 238000000, "ebitda": 505000000, "ebitdaratio": 0.2832305104, "operatingIncome": 267000000, "operatingIncomeRatio": 0.1497476164, "totalOtherIncomeExpensesNet": 17000000, "incomeBeforeTax": 174000000, "incomeBeforeTaxRatio": 0.0975883343, "incomeTaxExpense": 53000000, "netIncome": 125000000, "netIncomeRatio": 0.070106562, "eps": 1.66, "epsdiluted": 1.66, "weightedAverageShsOut": 75275000, "weightedAverageShsOutDil": 75291000, "link": "https://www.sec.gov/Archives/edgar/data/784977/000078497711000009/0000784977-11-000009-index.htm", "finalLink": "https://www.sec.gov/Archives/edgar/data/784977/000078497711000009/por2010123110k.htm", "calculatedOtherExpenses": 327000000, "calculatedOperatingExpenses": 513000000, "calculatedNetInterest": -110000000, "calculatedOtherIncome": 17000000, "calculatedIncomeNonControlling": -4000000, "calculatedEbitda": 505000000}, {"date": "2009-12-31", "symbol": "POR", "reportedCurrency": "USD", "cik": "0000784977", "fillingDate": "2010-02-25", "acceptedDate": "2010-02-25 06:13:03", "calendarYear": "2009", "period": "FY", "revenue": 1804000000, "costOfRevenue": 1122000000, "grossProfit": 682000000, "grossProfitRatio": 0.3780487805, "researchAndDevelopmentExpenses": 0, "generalAndAdministrativeExpenses": 179000000, "sellingAndMarketingExpenses": 0, "sellingGeneralAndAdministrativeExpenses": 179000000, "otherExpenses": 295000000, "operatingExpenses": 474000000, "costAndExpenses": 1596000000, "interestIncome": 0, "interestExpense": 104000000, "depreciationAndAmortization": 211000000, "ebitda": 419000000, "ebitdaratio": 0.2322616408, "operatingIncome": 208000000, "operatingIncomeRatio": 0.1152993348, "totalOtherIncomeExpensesNet": 21000000, "incomeBeforeTax": 125000000, "incomeBeforeTaxRatio": 0.0692904656, "incomeTaxExpense": 36000000, "netIncome": 95000000, "netIncomeRatio": 0.0526607539, "eps": 1.31, "epsdiluted": 1.31, "weightedAverageShsOut": 72790000, "weightedAverageShsOutDil": 72852000, "link": "https://www.sec.gov/Archives/edgar/data/784977/000119312510039630/0001193125-10-039630-index.htm", "finalLink": "https://www.sec.gov/Archives/edgar/data/784977/000119312510039630/d10k.htm", "calculatedOtherExpenses": 295000000, "calculatedOperatingExpenses": 474000000, "calculatedNetInterest": -104000000, "calculatedOtherIncome": 21000000, "calculatedIncomeNonControlling": -6000000, "calculatedEbitda": 419000000}, {"date": "2008-12-31", "symbol": "POR", "reportedCurrency": "USD", "cik": "0000784977", "fillingDate": "2009-02-25", "acceptedDate": "2009-02-25 06:13:21", "calendarYear": "2008", "period": "FY", "revenue": 1745000000, "costOfRevenue": 878000000, "grossProfit": 867000000, "grossProfitRatio": 0.4968481375, "researchAndDevelopmentExpenses": 0, "generalAndAdministrativeExpenses": 190000000, "sellingAndMarketingExpenses": 0, "sellingGeneralAndAdministrativeExpenses": 190000000, "otherExpenses": 460000000, "operatingExpenses": 650000000, "costAndExpenses": 1528000000, "interestIncome": 0, "interestExpense": 90000000, "depreciationAndAmortization": 208000000, "ebitda": 439000000, "ebitdaratio": 0.2515759312, "operatingIncome": 217000000, "operatingIncomeRatio": 0.1243553009, "totalOtherIncomeExpensesNet": -14000000, "incomeBeforeTax": 122000000, "incomeBeforeTaxRatio": 0.0699140401, "incomeTaxExpense": 35000000, "netIncome": 87000000, "netIncomeRatio": 0.0498567335, "eps": 1.39, "epsdiluted": 1.39, "weightedAverageShsOut": 62544000, "weightedAverageShsOutDil": 62581000, "link": "https://www.sec.gov/Archives/edgar/data/784977/000119312509036730/0001193125-09-036730-index.htm", "finalLink": "https://www.sec.gov/Archives/edgar/data/784977/000119312509036730/d10k.htm", "calculatedOtherExpenses": 460000000, "calculatedOperatingExpenses": 650000000, "calculatedNetInterest": -90000000, "calculatedOtherIncome": -5000000, "calculatedIncomeNonControlling": 0, "calculatedEbitda": 425000000}, {"date": "2007-12-31", "symbol": "POR", "reportedCurrency": "USD", "cik": "0000784977", "fillingDate": "2008-02-27", "acceptedDate": "2008-02-27 11:32:04", "calendarYear": "2007", "period": "FY", "revenue": 1743000000, "costOfRevenue": 879000000, "grossProfit": 864000000, "grossProfitRatio": 0.495697074, "researchAndDevelopmentExpenses": 0, "generalAndAdministrativeExpenses": 184000000, "sellingAndMarketingExpenses": 0, "sellingGeneralAndAdministrativeExpenses": 184000000, "otherExpenses": 411000000, "operatingExpenses": 595000000, "costAndExpenses": 1474000000, "interestIncome": 0, "interestExpense": 0, "depreciationAndAmortization": 181000000, "ebitda": 442000000, "ebitdaratio": 0.2535857717, "operatingIncome": 269000000, "operatingIncomeRatio": 0.1543316122, "totalOtherIncomeExpensesNet": 8000000, "incomeBeforeTax": 219000000, "incomeBeforeTaxRatio": 0.1256454389, "incomeTaxExpense": 74000000, "netIncome": 145000000, "netIncomeRatio": 0.0831899025, "eps": 2.33, "epsdiluted": 2.33, "weightedAverageShsOut": 62512000, "weightedAverageShsOutDil": 62534000, "link": "https://www.sec.gov/Archives/edgar/data/784977/000119312508039700/0001193125-08-039700-index.htm", "finalLink": "https://www.sec.gov/Archives/edgar/data/784977/000119312508039700/d10k.htm", "calculatedOtherExpenses": 411000000, "calculatedOperatingExpenses": 595000000, "calculatedNetInterest": 0, "calculatedOtherIncome": -50000000, "calculatedIncomeNonControlling": 0, "calculatedEbitda": 450000000}, {"date": "2006-12-31", "symbol": "POR", "reportedCurrency": "USD", "cik": "0000784977", "fillingDate": "2007-03-02", "acceptedDate": "2007-03-02 16:44:53", "calendarYear": "2006", "period": "FY", "revenue": 1520000000, "costOfRevenue": 763000000, "grossProfit": 757000000, "grossProfitRatio": 0.4980263158, "researchAndDevelopmentExpenses": 0, "generalAndAdministrativeExpenses": 164000000, "sellingAndMarketingExpenses": 0, "sellingGeneralAndAdministrativeExpenses": 164000000, "otherExpenses": 434000000, "operatingExpenses": 598000000, "costAndExpenses": 1361000000, "interestIncome": 0, "interestExpense": 0, "depreciationAndAmortization": 219000000, "ebitda": 377000000, "ebitdaratio": 0.2480263158, "operatingIncome": 159000000, "operatingIncomeRatio": 0.1046052632, "totalOtherIncomeExpensesNet": 1000000, "incomeBeforeTax": 107000000, "incomeBeforeTaxRatio": 0.0703947368, "incomeTaxExpense": 36000000, "netIncome": 71000000, "netIncomeRatio": 0.0467105263, "eps": 1.14, "epsdiluted": 1.14, "weightedAverageShsOut": 62501000, "weightedAverageShsOutDil": 62505000, "link": "https://www.sec.gov/Archives/edgar/data/784977/000078497707000024/0000784977-07-000024-index.htm", "finalLink": "https://www.sec.gov/Archives/edgar/data/784977/000078497707000024/frm10k06.htm", "calculatedOtherExpenses": 434000000, "calculatedOperatingExpenses": 598000000, "calculatedNetInterest": 0, "calculatedOtherIncome": -52000000, "calculatedIncomeNonControlling": 0, "calculatedEbitda": 378000000}, {"date": "2005-12-31", "symbol": "POR", "reportedCurrency": "USD", "cik": "0000784977", "fillingDate": "2006-03-16", "acceptedDate": "2006-03-15 19:56:55", "calendarYear": "2005", "period": "FY", "revenue": 1446000000, "costOfRevenue": 671000000, "grossProfit": 775000000, "grossProfitRatio": 0.5359612725, "researchAndDevelopmentExpenses": 0, "generalAndAdministrativeExpenses": 168000000, "sellingAndMarketingExpenses": 0, "sellingGeneralAndAdministrativeExpenses": 168000000, "otherExpenses": 435000000, "operatingExpenses": 603000000, "costAndExpenses": 1274000000, "interestIncome": 0, "interestExpense": 0, "depreciationAndAmortization": 233000000, "ebitda": 402000000, "ebitdaratio": 0.2780082988, "operatingIncome": 172000000, "operatingIncomeRatio": 0.1189488243, "totalOtherIncomeExpensesNet": 3000000, "incomeBeforeTax": 107000000, "incomeBeforeTaxRatio": 0.0739972337, "incomeTaxExpense": 43000000, "netIncome": 64000000, "netIncomeRatio": 0.0442600277, "eps": 1.02, "epsdiluted": 1.02, "weightedAverageShsOut": 62745098, "weightedAverageShsOutDil": 62745098, "link": "https://www.sec.gov/Archives/edgar/data/784977/000078497706000019/0000784977-06-000019-index.htm", "finalLink": "https://www.sec.gov/Archives/edgar/data/784977/000078497706000019/frm10k05.htm", "calculatedOtherExpenses": 435000000, "calculatedOperatingExpenses": 603000000, "calculatedNetInterest": 0, "calculatedOtherIncome": -65000000, "calculatedIncomeNonControlling": 0, "calculatedEbitda": 405000000}, {"date": "2004-12-31", "symbol": "POR", "reportedCurrency": "USD", "cik": "0000784977", "fillingDate": "2005-03-11", "acceptedDate": "2005-03-11 15:14:53", "calendarYear": "2004", "period": "FY", "revenue": 1454000000, "costOfRevenue": 127000000, "grossProfit": 1327000000, "grossProfitRatio": 0.9126547455, "researchAndDevelopmentExpenses": 0, "generalAndAdministrativeExpenses": 148000000, "sellingAndMarketingExpenses": 0, "sellingGeneralAndAdministrativeExpenses": 148000000, "otherExpenses": 1029000000, "operatingExpenses": 1177000000, "costAndExpenses": 1304000000, "interestIncome": 0, "interestExpense": 0, "depreciationAndAmortization": 233000000, "ebitda": 372000000, "ebitdaratio": 0.2558459422, "operatingIncome": 150000000, "operatingIncomeRatio": 0.1031636864, "totalOtherIncomeExpensesNet": 11000000, "incomeBeforeTax": 89000000, "incomeBeforeTaxRatio": 0.0612104539, "incomeTaxExpense": -3000000, "netIncome": 92000000, "netIncomeRatio": 0.0632737276, "eps": 1.47, "epsdiluted": 1.47, "weightedAverageShsOut": 62500000, "weightedAverageShsOutDil": 62745098, "link": "https://www.sec.gov/Archives/edgar/data/784977/000078497705000007/0000784977-05-000007-index.htm", "finalLink": "https://www.sec.gov/Archives/edgar/data/784977/000078497705000007/frm10k.htm", "calculatedOtherExpenses": 1029000000, "calculatedOperatingExpenses": 1177000000, "calculatedNetInterest": 0, "calculatedOtherIncome": -61000000, "calculatedIncomeNonControlling": 0, "calculatedEbitda": 383000000}, {"date": "2003-12-31", "symbol": "POR", "reportedCurrency": "USD", "cik": "0000784977", "fillingDate": "2004-03-22", "acceptedDate": "2004-03-19 18:08:45", "calendarYear": "2003", "period": "FY", "revenue": 1752000000, "costOfRevenue": 117000000, "grossProfit": 1635000000, "grossProfitRatio": 0.9332191781, "researchAndDevelopmentExpenses": 0, "generalAndAdministrativeExpenses": 148000000, "sellingAndMarketingExpenses": 0, "sellingGeneralAndAdministrativeExpenses": 148000000, "otherExpenses": 1363000000, "operatingExpenses": 1511000000, "costAndExpenses": 1628000000, "interestIncome": 0, "interestExpense": 0, "depreciationAndAmortization": 213000000, "ebitda": 326000000, "ebitdaratio": 0.1860730594, "operatingIncome": 124000000, "operatingIncomeRatio": 0.0707762557, "totalOtherIncomeExpensesNet": 11000000, "incomeBeforeTax": 50000000, "incomeBeforeTaxRatio": 0.0285388128, "incomeTaxExpense": -6000000, "netIncome": 58000000, "netIncomeRatio": 0.0331050228, "eps": 0.94, "epsdiluted": 0.94, "weightedAverageShsOut": 63829787, "weightedAverageShsOutDil": 63829787, "link": "https://www.sec.gov/Archives/edgar/data/784977/000078497704000008/0000784977-04-000008-index.htm", "finalLink": "https://www.sec.gov/Archives/edgar/data/784977/000078497704000008/final10k.htm", "calculatedOtherExpenses": 1363000000, "calculatedOperatingExpenses": 1511000000, "calculatedNetInterest": 0, "calculatedOtherIncome": -74000000, "calculatedIncomeNonControlling": -2000000, "calculatedEbitda": 337000000}, {"date": "2002-12-31", "symbol": "POR", "reportedCurrency": "USD", "cik": "0000784977", "fillingDate": "2003-03-17", "acceptedDate": "2003-03-14 21:53:56", "calendarYear": "2002", "period": "FY", "revenue": 1855000000, "costOfRevenue": 118000000, "grossProfit": 1737000000, "grossProfitRatio": 0.9363881402, "researchAndDevelopmentExpenses": 0, "generalAndAdministrativeExpenses": 147000000, "sellingAndMarketingExpenses": 0, "sellingGeneralAndAdministrativeExpenses": 147000000, "otherExpenses": 1455000000, "operatingExpenses": 1602000000, "costAndExpenses": 1720000000, "interestIncome": 0, "interestExpense": 0, "depreciationAndAmortization": 161000000, "ebitda": 294000000, "ebitdaratio": 0.158490566, "operatingIncome": 135000000, "operatingIncomeRatio": 0.0727762803, "totalOtherIncomeExpensesNet": 2000000, "incomeBeforeTax": 56000000, "incomeBeforeTaxRatio": 0.0301886792, "incomeTaxExpense": -10000000, "netIncome": 66000000, "netIncomeRatio": 0.0355795148, "eps": 1.02, "epsdiluted": 1.02, "weightedAverageShsOut": 62500000, "weightedAverageShsOutDil": 62745098, "link": "https://www.sec.gov/Archives/edgar/data/784977/000078497703000003/0000784977-03-000003-index.htm", "finalLink": "https://www.sec.gov/Archives/edgar/data/784977/000078497703000003/final10k.htm", "calculatedOtherExpenses": 1455000000, "calculatedOperatingExpenses": 1602000000, "calculatedNetInterest": 0, "calculatedOtherIncome": -79000000, "calculatedIncomeNonControlling": 0, "calculatedEbitda": 296000000}, {"date": "2001-12-31", "symbol": "POR", "reportedCurrency": "USD", "cik": "0000784977", "fillingDate": "2002-04-16", "acceptedDate": "2002-04-16 00:00:00", "calendarYear": "2001", "period": "FY", "revenue": 3047000000, "costOfRevenue": 128000000, "grossProfit": 2919000000, "grossProfitRatio": 0.957991467, "researchAndDevelopmentExpenses": 0, "generalAndAdministrativeExpenses": 151000000, "sellingAndMarketingExpenses": 0, "sellingGeneralAndAdministrativeExpenses": 151000000, "otherExpenses": 2634000000, "operatingExpenses": 2785000000, "costAndExpenses": 2913000000, "interestIncome": 0, "interestExpense": 0, "depreciationAndAmortization": 170000000, "ebitda": 343000000, "ebitdaratio": 0.1125697407, "operatingIncome": 134000000, "operatingIncomeRatio": 0.043977683, "totalOtherIncomeExpensesNet": -39000000, "incomeBeforeTax": -13000000, "incomeBeforeTaxRatio": -0.0042664916, "incomeTaxExpense": -36000000, "netIncome": 34000000, "netIncomeRatio": 0.0111585166, "eps": 0.51, "epsdiluted": 0.51, "weightedAverageShsOut": 62500000, "weightedAverageShsOutDil": 62745098, "link": "https://www.sec.gov/Archives/edgar/data/784977/000078497702000006/0000784977-02-000006-index.htm", "finalLink": "https://www.sec.gov/Archives/edgar/data/784977/000078497702000006/form10k.htm", "calculatedOtherExpenses": 2634000000, "calculatedOperatingExpenses": 2785000000, "calculatedNetInterest": 0, "calculatedOtherIncome": -147000000, "calculatedIncomeNonControlling": -11000000, "calculatedEbitda": 304000000}, {"date": "2000-12-31", "symbol": "POR", "reportedCurrency": "USD", "cik": "0000784977", "fillingDate": "2001-03-05", "acceptedDate": "2001-03-05 00:00:00", "calendarYear": "2000", "period": "FY", "revenue": 2253000000, "costOfRevenue": 126000000, "grossProfit": 2127000000, "grossProfitRatio": 0.9440745672, "researchAndDevelopmentExpenses": 0, "generalAndAdministrativeExpenses": 137000000, "sellingAndMarketingExpenses": 0, "sellingGeneralAndAdministrativeExpenses": 137000000, "otherExpenses": 1784000000, "operatingExpenses": 1921000000, "costAndExpenses": 2047000000, "interestIncome": 0, "interestExpense": 0, "depreciationAndAmortization": 164000000, "ebitda": 363000000, "ebitdaratio": 0.1611185087, "operatingIncome": 206000000, "operatingIncomeRatio": 0.091433644, "totalOtherIncomeExpensesNet": 7000000, "incomeBeforeTax": 144000000, "incomeBeforeTaxRatio": 0.0639147803, "incomeTaxExpense": 3000000, "netIncome": 141000000, "netIncomeRatio": 0.0625832224, "eps": 2.22, "epsdiluted": 2.22, "weightedAverageShsOut": 62500000, "weightedAverageShsOutDil": 62745098, "link": "https://www.sec.gov/Archives/edgar/data/784977/000078497701500005/0000784977-01-500005-index.htm", "finalLink": "https://www.sec.gov/Archives/edgar/data/784977/000078497701500005/image21.gif", "calculatedOtherExpenses": 1784000000, "calculatedOperatingExpenses": 1921000000, "calculatedNetInterest": 0, "calculatedOtherIncome": -62000000, "calculatedIncomeNonControlling": 0, "calculatedEbitda": 370000000}, {"date": "1999-12-31", "symbol": "POR", "reportedCurrency": "USD", "cik": "0000784977", "fillingDate": "2000-03-03", "acceptedDate": "2000-03-03 00:00:00", "calendarYear": "1999", "period": "FY", "revenue": 1378000000, "costOfRevenue": 135000000, "grossProfit": 1243000000, "grossProfitRatio": 0.9020319303, "researchAndDevelopmentExpenses": 0, "generalAndAdministrativeExpenses": 0, "sellingAndMarketingExpenses": 0, "sellingGeneralAndAdministrativeExpenses": 115000000, "otherExpenses": 938000000, "operatingExpenses": 1053000000, "costAndExpenses": 1188000000, "interestIncome": 0, "interestExpense": 0, "depreciationAndAmortization": 155000000, "ebitda": 338000000, "ebitdaratio": 0.2452830189, "operatingIncome": 190000000, "operatingIncomeRatio": 0.1378809869, "totalOtherIncomeExpensesNet": 7000000, "incomeBeforeTax": 134000000, "incomeBeforeTaxRatio": 0.0972423803, "incomeTaxExpense": 6000000, "netIncome": 128000000, "netIncomeRatio": 0.0928882438, "eps": 2.02, "epsdiluted": 2.01, "weightedAverageShsOut": 62500000, "weightedAverageShsOutDil": 62745098, "link": "https://www.sec.gov/Archives/edgar/data/784977/000078497700000008/0000784977-00-000008-index.html", "finalLink": "https://www.sec.gov/Archives/edgar/data/784977/000078497700000008/", "calculatedOtherExpenses": 938000000, "calculatedOperatingExpenses": 1053000000, "calculatedNetInterest": 0, "calculatedOtherIncome": -56000000, "calculatedIncomeNonControlling": 0, "calculatedEbitda": 345000000}, {"date": "1998-12-31", "symbol": "POR", "reportedCurrency": "USD", "cik": "0000784977", "fillingDate": "1999-03-22", "acceptedDate": "1999-03-22 00:00:00", "calendarYear": "1998", "period": "FY", "revenue": 1176000000, "costOfRevenue": 134000000, "grossProfit": 1042000000, "grossProfitRatio": 0.8860544218, "researchAndDevelopmentExpenses": 0, "generalAndAdministrativeExpenses": 0, "sellingAndMarketingExpenses": 0, "sellingGeneralAndAdministrativeExpenses": 114000000, "otherExpenses": 728000000, "operatingExpenses": 842000000, "costAndExpenses": 976000000, "interestIncome": 0, "interestExpense": 0, "depreciationAndAmortization": 149000000, "ebitda": 337000000, "ebitdaratio": 0.2865646259, "operatingIncome": 200000000, "operatingIncomeRatio": 0.1700680272, "totalOtherIncomeExpensesNet": 12000000, "incomeBeforeTax": 138000000, "incomeBeforeTaxRatio": 0.1173469388, "incomeTaxExpense": 1000000, "netIncome": 137000000, "netIncomeRatio": 0.1164965986, "eps": 2.16, "epsdiluted": 2.15, "weightedAverageShsOut": 62500000, "weightedAverageShsOutDil": 62745098, "link": "https://www.sec.gov/Archives/edgar/data/784977/000078497799000002/0000784977-99-000002-index.html", "finalLink": "https://www.sec.gov/Archives/edgar/data/79636/", "calculatedOtherExpenses": 728000000, "calculatedOperatingExpenses": 842000000, "calculatedNetInterest": 0, "calculatedOtherIncome": -62000000, "calculatedIncomeNonControlling": 0, "calculatedEbitda": 349000000}, {"date": "1997-12-31", "symbol": "POR", "reportedCurrency": "USD", "cik": "0000784977", "fillingDate": "1998-03-30", "acceptedDate": "1998-03-30 00:00:00", "calendarYear": "1997", "period": "FY", "revenue": 1416000000, "costOfRevenue": 132000000, "grossProfit": 1284000000, "grossProfitRatio": 0.906779661, "researchAndDevelopmentExpenses": 0, "generalAndAdministrativeExpenses": 0, "sellingAndMarketingExpenses": 0, "sellingGeneralAndAdministrativeExpenses": 107000000, "otherExpenses": 969000000, "operatingExpenses": 1076000000, "costAndExpenses": 1208000000, "interestIncome": 0, "interestExpense": 0, "depreciationAndAmortization": 165000000, "ebitda": 381000000, "ebitdaratio": 0.2690677966, "operatingIncome": 208000000, "operatingIncomeRatio": 0.1468926554, "totalOtherIncomeExpensesNet": -8000000, "incomeBeforeTax": 113000000, "incomeBeforeTaxRatio": 0.0798022599, "incomeTaxExpense": -13000000, "netIncome": 126000000, "netIncomeRatio": 0.0889830508, "eps": 2.02, "epsdiluted": 2.01, "weightedAverageShsOut": 62500000, "weightedAverageShsOutDil": 62745098, "link": "https://www.sec.gov/Archives/edgar/data/784977/000078497798000002/0000784977-98-000002-index.html", "finalLink": "https://www.sec.gov/Archives/edgar/data/784977/", "calculatedOtherExpenses": 969000000, "calculatedOperatingExpenses": 1076000000, "calculatedNetInterest": 0, "calculatedOtherIncome": -95000000, "calculatedIncomeNonControlling": 0, "calculatedEbitda": 373000000}, {"date": "1996-12-31", "symbol": "POR", "reportedCurrency": "USD", "cik": "0000784977", "fillingDate": "1997-03-06", "acceptedDate": "1997-03-06 00:00:00", "calendarYear": "1996", "period": "FY", "revenue": 1111816000, "costOfRevenue": 81968000, "grossProfit": 1029848000, "grossProfitRatio": 0.9262755708, "researchAndDevelopmentExpenses": 0, "generalAndAdministrativeExpenses": 0, "sellingAndMarketingExpenses": 0, "sellingGeneralAndAdministrativeExpenses": 115881000, "otherExpenses": 579420000, "operatingExpenses": 695301000, "costAndExpenses": 777269000, "interestIncome": 0, "interestExpense": 0, "depreciationAndAmortization": 167430000, "ebitda": 517820000, "ebitdaratio": 0.4657425329, "operatingIncome": 224559000, "operatingIncomeRatio": 0.2019749671, "totalOtherIncomeExpensesNet": -15843000, "incomeBeforeTax": 334547000, "incomeBeforeTaxRatio": 0.3009014081, "incomeTaxExpense": 109988000, "netIncome": 129536000, "netIncomeRatio": 0.116508487, "eps": 2.53, "epsdiluted": 2.53, "weightedAverageShsOut": 51144462, "weightedAverageShsOutDil": 51144462, "link": "https://www.sec.gov/Archives/edgar/data/784977/000007963697000006/0000079636-97-000006-index.html", "finalLink": "https://www.sec.gov/Archives/edgar/data/79636/", "calculatedOtherExpenses": 689408000, "calculatedOperatingExpenses": 805289000, "calculatedNetInterest": 0, "calculatedOtherIncome": 109988000, "calculatedIncomeNonControlling": 95023000, "calculatedEbitda": 391989000}, {"date": "1995-12-31", "symbol": "POR", "reportedCurrency": "USD", "cik": "0000784977", "fillingDate": "1996-03-01", "acceptedDate": "1996-03-01 00:00:00", "calendarYear": "1995", "period": "FY", "revenue": 983582000, "costOfRevenue": 63841000, "grossProfit": 919741000, "grossProfitRatio": 0.9350933628, "researchAndDevelopmentExpenses": 0, "generalAndAdministrativeExpenses": 0, "sellingAndMarketingExpenses": 0, "sellingGeneralAndAdministrativeExpenses": 108067000, "otherExpenses": 527034000, "operatingExpenses": 635101000, "costAndExpenses": 698942000, "interestIncome": 0, "interestExpense": 0, "depreciationAndAmortization": 143619000, "ebitda": 463671000, "ebitdaratio": 0.4714106196, "operatingIncome": 195576000, "operatingIncomeRatio": 0.1988405644, "totalOtherIncomeExpensesNet": -35412000, "incomeBeforeTax": 284640000, "incomeBeforeTaxRatio": 0.2893912251, "incomeTaxExpense": 89064000, "netIncome": 81036000, "netIncomeRatio": 0.082388657, "eps": 1.6, "epsdiluted": 1.6, "weightedAverageShsOut": 50766916, "weightedAverageShsOutDil": 50766916, "link": "https://www.sec.gov/Archives/edgar/data/784977/000007963696000001/0000079636-96-000001-index.html", "finalLink": "https://www.sec.gov/Archives/edgar/data/79636/", "calculatedOtherExpenses": 616098000, "calculatedOperatingExpenses": 724165000, "calculatedNetInterest": 0, "calculatedOtherIncome": 89064000, "calculatedIncomeNonControlling": 114540000, "calculatedEbitda": 339195000}, {"date": "1994-12-31", "symbol": "POR", "reportedCurrency": "USD", "cik": "0000784977", "fillingDate": "1995-03-06", "acceptedDate": "1995-03-06 00:00:00", "calendarYear": "1994", "period": "FY", "revenue": 959409000, "costOfRevenue": 61891000, "grossProfit": 897518000, "grossProfitRatio": 0.9354904947, "researchAndDevelopmentExpenses": 0, "generalAndAdministrativeExpenses": 0, "sellingAndMarketingExpenses": 0, "sellingGeneralAndAdministrativeExpenses": 100596000, "otherExpenses": 570748000, "operatingExpenses": 671344000, "costAndExpenses": 733235000, "interestIncome": 0, "interestExpense": 0, "depreciationAndAmortization": 139582000, "ebitda": 355341000, "ebitdaratio": 0.370374887, "operatingIncome": 154296000, "operatingIncomeRatio": 0.1608240073, "totalOtherIncomeExpensesNet": 10415000, "incomeBeforeTax": 226174000, "incomeBeforeTaxRatio": 0.235743046, "incomeTaxExpense": 71878000, "netIncome": 99530000, "netIncomeRatio": 0.1037409489, "eps": 1.99, "epsdiluted": 1.99, "weightedAverageShsOut": 49896685, "weightedAverageShsOutDil": 49896685, "link": "https://www.sec.gov/Archives/edgar/data/784977/000007963695000005/0000079636-95-000005-index.html", "finalLink": "https://www.sec.gov/Archives/edgar/data/79636/", "calculatedOtherExpenses": 642626000, "calculatedOperatingExpenses": 743222000, "calculatedNetInterest": 0, "calculatedOtherIncome": 71878000, "calculatedIncomeNonControlling": 54766000, "calculatedEbitda": 293878000}]}