{"originalCurrency": "USD", "convertedCurrency": "USD", "report": [{"date": "2023-09-30", "symbol": "POST", "reportedCurrency": "USD", "cik": "0001530950", "fillingDate": "2023-11-17", "acceptedDate": "2023-11-17 12:17:06", "calendarYear": "2023", "period": "FY", "revenue": 6991000000, "costOfRevenue": 5109300000, "grossProfit": 1881700000, "grossProfitRatio": 0.269160349, "researchAndDevelopmentExpenses": 22900000, "generalAndAdministrativeExpenses": 0, "sellingAndMarketingExpenses": 0, "sellingGeneralAndAdministrativeExpenses": 1078400000, "otherExpenses": 7600000, "operatingExpenses": 1240600000, "costAndExpenses": 6349900000, "interestIncome": 0, "interestExpense": 279100000, "depreciationAndAmortization": 160700000, "ebitda": 809400000, "ebitdaratio": 0.1157774281, "operatingIncome": 598900000, "operatingIncomeRatio": 0.0856672865, "totalOtherIncomeExpensesNet": 50900000, "incomeBeforeTax": 412900000, "incomeBeforeTaxRatio": 0.0590616507, "incomeTaxExpense": 99700000, "netIncome": 301300000, "netIncomeRatio": 0.0430982692, "eps": 5.02, "epsdiluted": 4.82, "weightedAverageShsOut": 60000000, "weightedAverageShsOutDil": 67000000, "link": "https://www.sec.gov/Archives/edgar/data/1530950/000153095023000350/0001530950-23-000350-index.htm", "finalLink": "https://www.sec.gov/Archives/edgar/data/1530950/000153095023000350/post-20230930.htm", "calculatedOtherExpenses": 181500000, "calculatedOperatingExpenses": 1282800000, "calculatedNetInterest": -279100000, "calculatedOtherIncome": 93100000, "calculatedIncomeNonControlling": 11900000, "calculatedEbitda": 759600000}, {"date": "2022-09-30", "symbol": "POST", "reportedCurrency": "USD", "cik": "0001530950", "fillingDate": "2022-11-17", "acceptedDate": "2022-11-17 17:09:30", "calendarYear": "2022", "period": "FY", "revenue": 5851200000, "costOfRevenue": 4383700000, "grossProfit": 1467500000, "grossProfitRatio": 0.250803254, "researchAndDevelopmentExpenses": 18900000, "generalAndAdministrativeExpenses": 0, "sellingAndMarketingExpenses": 0, "sellingGeneralAndAdministrativeExpenses": 904700000, "otherExpenses": 147200000, "operatingExpenses": 1051900000, "costAndExpenses": 5435600000, "interestIncome": 49800000, "interestExpense": 317800000, "depreciationAndAmortization": 165800000, "ebitda": 581400000, "ebitdaratio": 0.099364233, "operatingIncome": 415600000, "operatingIncomeRatio": 0.0710281652, "totalOtherIncomeExpensesNet": 479700000, "incomeBeforeTax": 895300000, "incomeBeforeTaxRatio": 0.1530113481, "incomeTaxExpense": 85700000, "netIncome": 756600000, "netIncomeRatio": 0.1293068089, "eps": 12.42, "epsdiluted": 12.09, "weightedAverageShsOut": 60900000, "weightedAverageShsOutDil": 62700000, "link": "https://www.sec.gov/Archives/edgar/data/1530950/000153095022000375/0001530950-22-000375-index.htm", "finalLink": "https://www.sec.gov/Archives/edgar/data/1530950/000153095022000375/post-20220930.htm", "calculatedOtherExpenses": 128300000, "calculatedOperatingExpenses": 1051900000, "calculatedNetInterest": -268000000, "calculatedOtherIncome": 747700000, "calculatedIncomeNonControlling": 53000000, "calculatedEbitda": 581400000}, {"date": "2021-09-30", "symbol": "POST", "reportedCurrency": "USD", "cik": "0001530950", "fillingDate": "2021-11-19", "acceptedDate": "2021-11-19 12:26:27", "calendarYear": "2021", "period": "FY", "revenue": 6226700000, "costOfRevenue": 4412400000, "grossProfit": 1814300000, "grossProfitRatio": 0.2913742432, "researchAndDevelopmentExpenses": 21900000, "generalAndAdministrativeExpenses": 0, "sellingAndMarketingExpenses": 0, "sellingGeneralAndAdministrativeExpenses": 974100000, "otherExpenses": 184500000, "operatingExpenses": 1158600000, "costAndExpenses": 5571000000, "interestIncome": 209800000, "interestExpense": 375800000, "depreciationAndAmortization": 223700000, "ebitda": 879400000, "ebitdaratio": 0.1412305073, "operatingIncome": 655700000, "operatingIncomeRatio": 0.1053045755, "totalOtherIncomeExpensesNet": -318500000, "incomeBeforeTax": 337200000, "incomeBeforeTaxRatio": 0.0541538857, "incomeTaxExpense": 86600000, "netIncome": 250600000, "netIncomeRatio": 0.0402460372, "eps": 3.9, "epsdiluted": 3.84, "weightedAverageShsOut": 64200000, "weightedAverageShsOutDil": 65300000, "link": "https://www.sec.gov/Archives/edgar/data/1530950/000153095021000383/0001530950-21-000383-index.htm", "finalLink": "https://www.sec.gov/Archives/edgar/data/1530950/000153095021000383/post-20210930.htm", "calculatedOtherExpenses": 162600000, "calculatedOperatingExpenses": 1158600000, "calculatedNetInterest": -166000000, "calculatedOtherIncome": -152500000, "calculatedIncomeNonControlling": 0, "calculatedEbitda": 879400000}, {"date": "2020-09-30", "symbol": "POST", "reportedCurrency": "USD", "cik": "0001530950", "fillingDate": "2020-11-20", "acceptedDate": "2020-11-20 13:46:30", "calendarYear": "2020", "period": "FY", "revenue": 5698700000, "costOfRevenue": 3911300000, "grossProfit": 1787400000, "grossProfitRatio": 0.3136504817, "researchAndDevelopmentExpenses": 28500000, "generalAndAdministrativeExpenses": 0, "sellingAndMarketingExpenses": 0, "sellingGeneralAndAdministrativeExpenses": 934300000, "otherExpenses": 152600000, "operatingExpenses": 1086900000, "costAndExpenses": 4998200000, "interestIncome": 521000000, "interestExpense": 388600000, "depreciationAndAmortization": 171800000, "ebitda": 872300000, "ebitdaratio": 0.1530699984, "operatingIncome": 700500000, "operatingIncomeRatio": 0.1229227719, "totalOtherIncomeExpensesNet": -637100000, "incomeBeforeTax": 63400000, "incomeBeforeTaxRatio": 0.0111253444, "incomeTaxExpense": 3500000, "netIncome": 59900000, "netIncomeRatio": 0.0105111692, "eps": 0.87, "epsdiluted": 0.85, "weightedAverageShsOut": 68900000, "weightedAverageShsOutDil": 70100000, "link": "https://www.sec.gov/Archives/edgar/data/1530950/000153095020000326/0001530950-20-000326-index.htm", "finalLink": "https://www.sec.gov/Archives/edgar/data/1530950/000153095020000326/post-20200930.htm", "calculatedOtherExpenses": 124100000, "calculatedOperatingExpenses": 1086900000, "calculatedNetInterest": 132400000, "calculatedOtherIncome": -769500000, "calculatedIncomeNonControlling": 0, "calculatedEbitda": 872300000}, {"date": "2019-09-30", "symbol": "POST", "reportedCurrency": "USD", "cik": "0001530950", "fillingDate": "2019-11-22", "acceptedDate": "2019-11-22 11:44:23", "calendarYear": "2019", "period": "FY", "revenue": 5681100000, "costOfRevenue": 3889000000, "grossProfit": 1792100000, "grossProfitRatio": 0.3154494728, "researchAndDevelopmentExpenses": 25000000, "generalAndAdministrativeExpenses": 0, "sellingAndMarketingExpenses": 0, "sellingGeneralAndAdministrativeExpenses": 911600000, "otherExpenses": 162800000, "operatingExpenses": 1074400000, "costAndExpenses": 4963400000, "interestIncome": 658800000, "interestExpense": 322400000, "depreciationAndAmortization": 111200000, "ebitda": 892200000, "ebitdaratio": 0.1570470507, "operatingIncome": 781000000, "operatingIncomeRatio": 0.1374733766, "totalOtherIncomeExpensesNet": -621900000, "incomeBeforeTax": 159100000, "incomeBeforeTaxRatio": 0.0280051398, "incomeTaxExpense": -3900000, "netIncome": 124700000, "netIncomeRatio": 0.0219499745, "eps": 1.72, "epsdiluted": 1.66, "weightedAverageShsOut": 70800000, "weightedAverageShsOutDil": 75100000, "link": "https://www.sec.gov/Archives/edgar/data/1530950/000153095019000262/0001530950-19-000262-index.htm", "finalLink": "https://www.sec.gov/Archives/edgar/data/1530950/000153095019000262/postfy201910-k.htm", "calculatedOtherExpenses": 74500000, "calculatedOperatingExpenses": 1011100000, "calculatedNetInterest": 336400000, "calculatedOtherIncome": -958300000, "calculatedIncomeNonControlling": 38300000, "calculatedEbitda": 892200000}, {"date": "2018-09-30", "symbol": "POST", "reportedCurrency": "USD", "cik": "0001530950", "fillingDate": "2018-11-16", "acceptedDate": "2018-11-16 14:22:32", "calendarYear": "2018", "period": "FY", "revenue": 6257200000, "costOfRevenue": 4390400000, "grossProfit": 1866800000, "grossProfitRatio": 0.2983443074, "researchAndDevelopmentExpenses": 0, "generalAndAdministrativeExpenses": 975200000, "sellingAndMarketingExpenses": 0, "sellingGeneralAndAdministrativeExpenses": 975200000, "otherExpenses": 179200000, "operatingExpenses": 1154400000, "costAndExpenses": 5544800000, "interestIncome": 0, "interestExpense": 387300000, "depreciationAndAmortization": 177400000, "ebitda": 889800000, "ebitdaratio": 0.1422041808, "operatingIncome": 587500000, "operatingIncomeRatio": 0.0938918366, "totalOtherIncomeExpensesNet": -60400000, "incomeBeforeTax": 264700000, "incomeBeforeTaxRatio": 0.0423032666, "incomeTaxExpense": -204000000, "netIncome": 467300000, "netIncomeRatio": 0.0746819664, "eps": 6.29, "epsdiluted": 6.16, "weightedAverageShsOut": 74275778, "weightedAverageShsOutDil": 75900000, "link": "https://www.sec.gov/Archives/edgar/data/1530950/000153095018000238/0001530950-18-000238-index.htm", "finalLink": "https://www.sec.gov/Archives/edgar/data/1530950/000153095018000238/postfy201810-k.htm", "calculatedOtherExpenses": 304100000, "calculatedOperatingExpenses": 1279300000, "calculatedNetInterest": -387300000, "calculatedOtherIncome": 64500000, "calculatedIncomeNonControlling": 1400000, "calculatedEbitda": 764900000}, {"date": "2017-09-30", "symbol": "POST", "reportedCurrency": "USD", "cik": "0001530950", "fillingDate": "2017-11-17", "acceptedDate": "2017-11-17 16:21:37", "calendarYear": "2017", "period": "FY", "revenue": 5225800000, "costOfRevenue": 3651700000, "grossProfit": 1574100000, "grossProfitRatio": 0.3012170385, "researchAndDevelopmentExpenses": 0, "generalAndAdministrativeExpenses": 867400000, "sellingAndMarketingExpenses": 0, "sellingGeneralAndAdministrativeExpenses": 867400000, "otherExpenses": 91800000, "operatingExpenses": 1027300000, "costAndExpenses": 4679000000, "interestIncome": 0, "interestExpense": 314800000, "depreciationAndAmortization": 159100000, "ebitda": 797700000, "ebitdaratio": 0.1526464847, "operatingIncome": 520300000, "operatingIncomeRatio": 0.0995637032, "totalOtherIncomeExpensesNet": -157600000, "incomeBeforeTax": 74400000, "incomeBeforeTaxRatio": 0.0142370546, "incomeTaxExpense": 26100000, "netIncome": 48300000, "netIncomeRatio": 0.009242604, "eps": 0.71, "epsdiluted": 0.69, "weightedAverageShsOut": 67800000, "weightedAverageShsOutDil": 69900000, "link": "https://www.sec.gov/Archives/edgar/data/1530950/000153095017000231/0001530950-17-000231-index.htm", "finalLink": "https://www.sec.gov/Archives/edgar/data/1530950/000153095017000231/postfy201710-k.htm", "calculatedOtherExpenses": 186400000, "calculatedOperatingExpenses": 1053800000, "calculatedNetInterest": -314800000, "calculatedOtherIncome": -131100000, "calculatedIncomeNonControlling": 0, "calculatedEbitda": 679400000}, {"date": "2016-09-30", "symbol": "POST", "reportedCurrency": "USD", "cik": "0001530950", "fillingDate": "2016-11-18", "acceptedDate": "2016-11-18 13:23:15", "calendarYear": "2016", "period": "FY", "revenue": 5026800000, "costOfRevenue": 3479400000, "grossProfit": 1547400000, "grossProfitRatio": 0.307830031, "researchAndDevelopmentExpenses": 0, "generalAndAdministrativeExpenses": 839700000, "sellingAndMarketingExpenses": 0, "sellingGeneralAndAdministrativeExpenses": 839700000, "otherExpenses": -182900000, "operatingExpenses": 1001700000, "costAndExpenses": 4481100000, "interestIncome": 0, "interestExpense": 306500000, "depreciationAndAmortization": 152600000, "ebitda": 515400000, "ebitdaratio": 0.1025304369, "operatingIncome": 545700000, "operatingIncomeRatio": 0.1085581284, "totalOtherIncomeExpensesNet": -269300000, "incomeBeforeTax": -30100000, "incomeBeforeTaxRatio": -0.0059879048, "incomeTaxExpense": -26800000, "netIncome": -3300000, "netIncomeRatio": -0.0006564813, "eps": -0.048, "epsdiluted": -0.048, "weightedAverageShsOut": 68800000, "weightedAverageShsOutDil": 68800000, "link": "https://www.sec.gov/Archives/edgar/data/1530950/000153095016000508/0001530950-16-000508-index.htm", "finalLink": "https://www.sec.gov/Archives/edgar/data/1530950/000153095016000508/postfy201610-k.htm", "calculatedOtherExpenses": 162000000, "calculatedOperatingExpenses": 1001700000, "calculatedNetInterest": -306500000, "calculatedOtherIncome": -269300000, "calculatedIncomeNonControlling": 0, "calculatedEbitda": 698300000}, {"date": "2015-09-30", "symbol": "POST", "reportedCurrency": "USD", "cik": "0001530950", "fillingDate": "2015-11-25", "acceptedDate": "2015-11-25 13:33:55", "calendarYear": "2015", "period": "FY", "revenue": 4648200000, "costOfRevenue": 3473800000, "grossProfit": 1174400000, "grossProfitRatio": 0.2526569425, "researchAndDevelopmentExpenses": 0, "generalAndAdministrativeExpenses": 734100000, "sellingAndMarketingExpenses": 0, "sellingGeneralAndAdministrativeExpenses": 734100000, "otherExpenses": -92500000, "operatingExpenses": 900900000, "costAndExpenses": 4374700000, "interestIncome": 0, "interestExpense": 287500000, "depreciationAndAmortization": 141700000, "ebitda": 322700000, "ebitdaratio": 0.0694247235, "operatingIncome": 212700000, "operatingIncomeRatio": 0.0457596489, "totalOtherIncomeExpensesNet": -153300000, "incomeBeforeTax": -167300000, "incomeBeforeTaxRatio": -0.0359924272, "incomeTaxExpense": -52000000, "netIncome": -115300000, "netIncomeRatio": -0.024805301, "eps": -2.03, "epsdiluted": -2.03, "weightedAverageShsOut": 56700000, "weightedAverageShsOutDil": 56700000, "link": "https://www.sec.gov/Archives/edgar/data/1530950/000153095015000278/0001530950-15-000278-index.htm", "finalLink": "https://www.sec.gov/Archives/edgar/data/1530950/000153095015000278/postfy201510-k.htm", "calculatedOtherExpenses": 227600000, "calculatedOperatingExpenses": 961700000, "calculatedNetInterest": -287500000, "calculatedOtherIncome": -92500000, "calculatedIncomeNonControlling": 0, "calculatedEbitda": 354400000}, {"date": "2014-09-30", "symbol": "POST", "reportedCurrency": "USD", "cik": "0001530950", "fillingDate": "2014-11-28", "acceptedDate": "2014-11-26 20:16:58", "calendarYear": "2014", "period": "FY", "revenue": 2411100000, "costOfRevenue": 1789900000, "grossProfit": 621200000, "grossProfitRatio": 0.2576417403, "researchAndDevelopmentExpenses": 0, "generalAndAdministrativeExpenses": 444400000, "sellingAndMarketingExpenses": 0, "sellingGeneralAndAdministrativeExpenses": 444400000, "otherExpenses": -35500000, "operatingExpenses": 518200000, "costAndExpenses": 2308100000, "interestIncome": 0, "interestExpense": 183700000, "depreciationAndAmortization": 70800000, "ebitda": 138300000, "ebitdaratio": 0.0573597113, "operatingIncome": -207700000, "operatingIncomeRatio": -0.0861432541, "totalOtherIncomeExpensesNet": -346200000, "incomeBeforeTax": -426900000, "incomeBeforeTaxRatio": -0.1770561155, "incomeTaxExpense": -83700000, "netIncome": -343200000, "netIncomeRatio": -0.1423416698, "eps": -8.64, "epsdiluted": -8.64, "weightedAverageShsOut": 39700000, "weightedAverageShsOutDil": 39700000, "link": "https://www.sec.gov/Archives/edgar/data/1530950/000153095014000330/0001530950-14-000330-index.htm", "finalLink": "https://www.sec.gov/Archives/edgar/data/1530950/000153095014000330/postfy201410-k.htm", "calculatedOtherExpenses": 384500000, "calculatedOperatingExpenses": 828900000, "calculatedNetInterest": -183700000, "calculatedOtherIncome": -35500000, "calculatedIncomeNonControlling": 0, "calculatedEbitda": -136900000}, {"date": "2013-09-30", "symbol": "POST", "reportedCurrency": "USD", "cik": "0001530950", "fillingDate": "2013-11-27", "acceptedDate": "2013-11-27 15:59:14", "calendarYear": "2013", "period": "FY", "revenue": 1034100000, "costOfRevenue": 609200000, "grossProfit": 424900000, "grossProfitRatio": 0.4108886955, "researchAndDevelopmentExpenses": 0, "generalAndAdministrativeExpenses": 294400000, "sellingAndMarketingExpenses": 0, "sellingGeneralAndAdministrativeExpenses": 294400000, "otherExpenses": 16000000, "operatingExpenses": 310400000, "costAndExpenses": 919600000, "interestIncome": 0, "interestExpense": 85500000, "depreciationAndAmortization": 14600000, "ebitda": 129100000, "ebitdaratio": 0.1248428585, "operatingIncome": 107800000, "operatingIncomeRatio": 0.1042452374, "totalOtherIncomeExpensesNet": -6700000, "incomeBeforeTax": 22300000, "incomeBeforeTaxRatio": 0.0215646456, "incomeTaxExpense": 7100000, "netIncome": 15200000, "netIncomeRatio": 0.0146987719, "eps": 0.46, "epsdiluted": 0.46, "weightedAverageShsOut": 32700000, "weightedAverageShsOutDil": 33000000, "link": "https://www.sec.gov/Archives/edgar/data/1530950/000153095013000190/0001530950-13-000190-index.htm", "finalLink": "https://www.sec.gov/Archives/edgar/data/1530950/000153095013000190/postfy201310-k.htm", "calculatedOtherExpenses": 22700000, "calculatedOperatingExpenses": 317100000, "calculatedNetInterest": -85500000, "calculatedOtherIncome": 0, "calculatedIncomeNonControlling": 0, "calculatedEbitda": 122400000}, {"date": "2012-09-30", "symbol": "POST", "reportedCurrency": "USD", "cik": "0001530950", "fillingDate": "2012-12-13", "acceptedDate": "2012-12-13 16:14:33", "calendarYear": "2012", "period": "FY", "revenue": 958900000, "costOfRevenue": 530000000, "grossProfit": 428900000, "grossProfitRatio": 0.4472833455, "researchAndDevelopmentExpenses": 0, "generalAndAdministrativeExpenses": 274500000, "sellingAndMarketingExpenses": 0, "sellingGeneralAndAdministrativeExpenses": 274500000, "otherExpenses": 1600000, "operatingExpenses": 289800000, "costAndExpenses": 819800000, "interestIncome": 0, "interestExpense": 60300000, "depreciationAndAmortization": 12600000, "ebitda": 153300000, "ebitdaratio": 0.1598706852, "operatingIncome": 139100000, "operatingIncomeRatio": 0.1450620503, "totalOtherIncomeExpensesNet": 1600000, "incomeBeforeTax": 80400000, "incomeBeforeTaxRatio": 0.0838460736, "incomeTaxExpense": 30500000, "netIncome": 49900000, "netIncomeRatio": 0.0520387945, "eps": 1.45, "epsdiluted": 1.45, "weightedAverageShsOut": 34300000, "weightedAverageShsOutDil": 34500000, "link": "https://www.sec.gov/Archives/edgar/data/1530950/000153095012000254/0001530950-12-000254-index.htm", "finalLink": "https://www.sec.gov/Archives/edgar/data/1530950/000153095012000254/postfy201210-k.htm", "calculatedOtherExpenses": 15300000, "calculatedOperatingExpenses": 289800000, "calculatedNetInterest": -60300000, "calculatedOtherIncome": 1600000, "calculatedIncomeNonControlling": 0, "calculatedEbitda": 151700000}, {"date": "2011-09-30", "symbol": "POST", "reportedCurrency": "USD", "cik": "0001530950", "fillingDate": "2011-09-30", "acceptedDate": "2011-09-29 20:00:00", "calendarYear": "2011", "period": "FY", "revenue": 968200000, "costOfRevenue": 516600000, "grossProfit": 451600000, "grossProfitRatio": 0.4664325553, "researchAndDevelopmentExpenses": 0, "generalAndAdministrativeExpenses": 239500000, "sellingAndMarketingExpenses": 0, "sellingGeneralAndAdministrativeExpenses": 239500000, "otherExpenses": 14200000, "operatingExpenses": 253700000, "costAndExpenses": 770300000, "interestIncome": 0, "interestExpense": 51500000, "depreciationAndAmortization": 58700000, "ebitda": 260800000, "ebitdaratio": 0.2693658335, "operatingIncome": -305600000, "operatingIncomeRatio": -0.315637265, "totalOtherIncomeExpensesNet": -514000000, "incomeBeforeTax": -367600000, "incomeBeforeTaxRatio": -0.3796736212, "incomeTaxExpense": -6300000, "netIncome": -361300000, "netIncomeRatio": -0.3731667011, "eps": -10.5, "epsdiluted": -10.5, "weightedAverageShsOut": 34400000, "weightedAverageShsOutDil": 34400000, "link": "", "finalLink": "", "calculatedOtherExpenses": 517700000, "calculatedOperatingExpenses": 757200000, "calculatedNetInterest": -51500000, "calculatedOtherIncome": -10500000, "calculatedIncomeNonControlling": 0, "calculatedEbitda": -246900000}, {"date": "2010-09-30", "symbol": "POST", "reportedCurrency": "USD", "cik": "0001530950", "fillingDate": "2010-09-30", "acceptedDate": "2010-09-29 20:00:00", "calendarYear": "2010", "period": "FY", "revenue": 996700000, "costOfRevenue": 553700000, "grossProfit": 443000000, "grossProfitRatio": 0.4444667402, "researchAndDevelopmentExpenses": 0, "generalAndAdministrativeExpenses": 218800000, "sellingAndMarketingExpenses": 0, "sellingGeneralAndAdministrativeExpenses": 218800000, "otherExpenses": 14000000, "operatingExpenses": 232800000, "costAndExpenses": 786500000, "interestIncome": 0, "interestExpense": 51500000, "depreciationAndAmortization": 55400000, "ebitda": 267800000, "ebitdaratio": 0.268686666, "operatingIncome": 190800000, "operatingIncomeRatio": 0.1914317247, "totalOtherIncomeExpensesNet": -17200000, "incomeBeforeTax": 141500000, "incomeBeforeTaxRatio": 0.141968496, "incomeTaxExpense": 49500000, "netIncome": 92000000, "netIncomeRatio": 0.0923046052, "eps": 2.67, "epsdiluted": 2.67, "weightedAverageShsOut": 34400000, "weightedAverageShsOutDil": 34400000, "link": "", "finalLink": "", "calculatedOtherExpenses": 33400000, "calculatedOperatingExpenses": 252200000, "calculatedNetInterest": -51500000, "calculatedOtherIncome": 2200000, "calculatedIncomeNonControlling": 0, "calculatedEbitda": 246200000}, {"date": "2009-09-30", "symbol": "POST", "reportedCurrency": "USD", "cik": "0001530950", "fillingDate": "2009-09-30", "acceptedDate": "2009-09-29 20:00:00", "calendarYear": "2009", "period": "FY", "revenue": 1072100000, "costOfRevenue": 570800000, "grossProfit": 501300000, "grossProfitRatio": 0.4675869788, "researchAndDevelopmentExpenses": 0, "generalAndAdministrativeExpenses": 243200000, "sellingAndMarketingExpenses": 0, "sellingGeneralAndAdministrativeExpenses": 243200000, "otherExpenses": 42900000, "operatingExpenses": 286100000, "costAndExpenses": 856900000, "interestIncome": 0, "interestExpense": -58300000, "depreciationAndAmortization": 50600000, "ebitda": 149200000, "ebitdaratio": 0.1391661226, "operatingIncome": 215200000, "operatingIncomeRatio": 0.2007275441, "totalOtherIncomeExpensesNet": -58300000, "incomeBeforeTax": 156900000, "incomeBeforeTaxRatio": 0.1463482884, "incomeTaxExpense": 55800000, "netIncome": 101100000, "netIncomeRatio": 0.0943009048, "eps": 2.93, "epsdiluted": 2.93, "weightedAverageShsOut": 34500000, "weightedAverageShsOutDil": 34500000, "link": "", "finalLink": "", "calculatedOtherExpenses": 42900000, "calculatedOperatingExpenses": 286100000, "calculatedNetInterest": 58300000, "calculatedOtherIncome": -116600000, "calculatedIncomeNonControlling": 0, "calculatedEbitda": 265800000}, {"date": "2007-12-29", "symbol": "POST", "reportedCurrency": "USD", "cik": "0001530950", "fillingDate": "2007-12-29", "acceptedDate": "2007-12-28 19:00:00", "calendarYear": "2008", "period": "FY", "revenue": 1102700000, "costOfRevenue": 639500000, "grossProfit": 463200000, "grossProfitRatio": 0.4200598531, "researchAndDevelopmentExpenses": 0, "generalAndAdministrativeExpenses": 267000000, "sellingAndMarketingExpenses": 0, "sellingGeneralAndAdministrativeExpenses": 267000000, "otherExpenses": 15200000, "operatingExpenses": 282200000, "costAndExpenses": 921700000, "interestIncome": 0, "interestExpense": 0, "depreciationAndAmortization": 35200000, "ebitda": 216200000, "ebitdaratio": 0.196064206, "operatingIncome": 181000000, "operatingIncomeRatio": 0.1641425592, "totalOtherIncomeExpensesNet": 0, "incomeBeforeTax": 181000000, "incomeBeforeTaxRatio": 0.1641425592, "incomeTaxExpense": 64300000, "netIncome": 116700000, "netIncomeRatio": 0.1058311417, "eps": 3.38, "epsdiluted": 3.38, "weightedAverageShsOut": 34500000, "weightedAverageShsOutDil": 34500000, "link": "", "finalLink": "", "calculatedOtherExpenses": 15200000, "calculatedOperatingExpenses": 282200000, "calculatedNetInterest": 0, "calculatedOtherIncome": 0, "calculatedIncomeNonControlling": 0, "calculatedEbitda": 216200000}, {"date": "2006-12-30", "symbol": "POST", "reportedCurrency": "USD", "cik": "0001530950", "fillingDate": "2006-12-30", "acceptedDate": "2006-12-29 19:00:00", "calendarYear": "2007", "period": "FY", "revenue": 1092800000, "costOfRevenue": 636600000, "grossProfit": 456200000, "grossProfitRatio": 0.4174597365, "researchAndDevelopmentExpenses": 0, "generalAndAdministrativeExpenses": 256900000, "sellingAndMarketingExpenses": 0, "sellingGeneralAndAdministrativeExpenses": 256900000, "otherExpenses": 9299999, "operatingExpenses": 266199999, "costAndExpenses": 902799999, "interestIncome": 0, "interestExpense": 0, "depreciationAndAmortization": 34900000, "ebitda": 224900000, "ebitdaratio": 0.2058016105, "operatingIncome": 190000000, "operatingIncomeRatio": 0.1738653001, "totalOtherIncomeExpensesNet": 0, "incomeBeforeTax": 190000000, "incomeBeforeTaxRatio": 0.1738653001, "incomeTaxExpense": 68200000, "netIncome": 121800000, "netIncomeRatio": 0.1114568082, "eps": 3.53, "epsdiluted": 3.53, "weightedAverageShsOut": 34500000, "weightedAverageShsOutDil": 34500000, "link": "", "finalLink": "", "calculatedOtherExpenses": 9300000, "calculatedOperatingExpenses": 266200000, "calculatedNetInterest": 0, "calculatedOtherIncome": 0, "calculatedIncomeNonControlling": 0, "calculatedEbitda": 224900000}]}