{"originalCurrency": "USD", "convertedCurrency": "USD", "report": [{"date": "2023-12-31", "symbol": "POWI", "reportedCurrency": "USD", "cik": "0000833640", "fillingDate": "2024-02-12", "acceptedDate": "2024-02-12 16:10:09", "calendarYear": "2023", "period": "FY", "revenue": 444538000, "costOfRevenue": 215582000, "grossProfit": 228956000, "grossProfitRatio": 0.5150425835, "researchAndDevelopmentExpenses": 96067000, "generalAndAdministrativeExpenses": 33232000, "sellingAndMarketingExpenses": 64598000, "sellingGeneralAndAdministrativeExpenses": 97830000, "otherExpenses": 10848000, "operatingExpenses": 193897000, "costAndExpenses": 409479000, "interestIncome": 0, "interestExpense": 0, "depreciationAndAmortization": 37376000, "ebitda": 72435000, "ebitdaratio": 0.1629444502, "operatingIncome": 35059000, "operatingIncomeRatio": 0.0788661487, "totalOtherIncomeExpensesNet": 10848000, "incomeBeforeTax": 45907000, "incomeBeforeTaxRatio": 0.1032690119, "incomeTaxExpense": -9828000, "netIncome": 55735000, "netIncomeRatio": 0.1253773581, "eps": 0.97, "epsdiluted": 0.97, "weightedAverageShsOut": 57195000, "weightedAverageShsOutDil": 57622000, "link": "https://www.sec.gov/Archives/edgar/data/833640/000083364024000030/0000833640-24-000030-index.htm", "finalLink": "https://www.sec.gov/Archives/edgar/data/833640/000083364024000030/powi-20231231x10k.htm", "calculatedOtherExpenses": 0, "calculatedOperatingExpenses": 193897000, "calculatedNetInterest": 0, "calculatedOtherIncome": 10848000, "calculatedIncomeNonControlling": 0, "calculatedEbitda": 72435000}, {"date": "2022-12-31", "symbol": "POWI", "reportedCurrency": "USD", "cik": "0000833640", "fillingDate": "2023-02-07", "acceptedDate": "2023-02-07 16:37:17", "calendarYear": "2022", "period": "FY", "revenue": 651138000, "costOfRevenue": 284231000, "grossProfit": 366907000, "grossProfitRatio": 0.5634857741, "researchAndDevelopmentExpenses": 93894000, "generalAndAdministrativeExpenses": 28897000, "sellingAndMarketingExpenses": 62333000, "sellingGeneralAndAdministrativeExpenses": 91230000, "otherExpenses": 1371000, "operatingExpenses": 186495000, "costAndExpenses": 470726000, "interestIncome": 3014000, "interestExpense": -3014000, "depreciationAndAmortization": 37345000, "ebitda": 217757000, "ebitdaratio": 0.3344252678, "operatingIncome": 180412000, "operatingIncomeRatio": 0.2770718342, "totalOtherIncomeExpensesNet": 3014000, "incomeBeforeTax": 183426000, "incomeBeforeTaxRatio": 0.2817006533, "incomeTaxExpense": 12575000, "netIncome": 170851000, "netIncomeRatio": 0.2623883109, "eps": 2.96, "epsdiluted": 2.93, "weightedAverageShsOut": 57801000, "weightedAverageShsOutDil": 58371000, "link": "https://www.sec.gov/Archives/edgar/data/833640/000083364023000025/0000833640-23-000025-index.htm", "finalLink": "https://www.sec.gov/Archives/edgar/data/833640/000083364023000025/powi-20221231x10k.htm", "calculatedOtherExpenses": 1371000, "calculatedOperatingExpenses": 186495000, "calculatedNetInterest": 6028000, "calculatedOtherIncome": -3014000, "calculatedIncomeNonControlling": 0, "calculatedEbitda": 217757000}, {"date": "2021-12-31", "symbol": "POWI", "reportedCurrency": "USD", "cik": "0000833640", "fillingDate": "2022-02-07", "acceptedDate": "2022-02-07 16:26:01", "calendarYear": "2021", "period": "FY", "revenue": 703277000, "costOfRevenue": 342638000, "grossProfit": 360639000, "grossProfitRatio": 0.5127979445, "researchAndDevelopmentExpenses": 84933000, "generalAndAdministrativeExpenses": 39840000, "sellingAndMarketingExpenses": 60037000, "sellingGeneralAndAdministrativeExpenses": 99877000, "otherExpenses": 771000, "operatingExpenses": 185581000, "costAndExpenses": 528219000, "interestIncome": 1677000, "interestExpense": 0, "depreciationAndAmortization": 34948000, "ebitda": 210006000, "ebitdaratio": 0.298610647, "operatingIncome": 175058000, "operatingIncomeRatio": 0.2489175673, "totalOtherIncomeExpensesNet": 1077000, "incomeBeforeTax": 176135000, "incomeBeforeTaxRatio": 0.2504489696, "incomeTaxExpense": 11722000, "netIncome": 164413000, "netIncomeRatio": 0.2337812839, "eps": 2.73, "epsdiluted": 2.67, "weightedAverageShsOut": 60327000, "weightedAverageShsOutDil": 61467000, "link": "https://www.sec.gov/Archives/edgar/data/833640/000083364022000021/0000833640-22-000021-index.htm", "finalLink": "https://www.sec.gov/Archives/edgar/data/833640/000083364022000021/powi-20211231x10k.htm", "calculatedOtherExpenses": 771000, "calculatedOperatingExpenses": 185581000, "calculatedNetInterest": 1677000, "calculatedOtherIncome": -600000, "calculatedIncomeNonControlling": 0, "calculatedEbitda": 210006000}, {"date": "2020-12-31", "symbol": "POWI", "reportedCurrency": "USD", "cik": "0000833640", "fillingDate": "2021-02-05", "acceptedDate": "2021-02-05 16:45:41", "calendarYear": "2020", "period": "FY", "revenue": 488318000, "costOfRevenue": 244728000, "grossProfit": 243590000, "grossProfitRatio": 0.4988347757, "researchAndDevelopmentExpenses": 81711000, "generalAndAdministrativeExpenses": 36895000, "sellingAndMarketingExpenses": 53578000, "sellingGeneralAndAdministrativeExpenses": 90473000, "otherExpenses": 919000, "operatingExpenses": 173103000, "costAndExpenses": 417831000, "interestIncome": 5264000, "interestExpense": 0, "depreciationAndAmortization": 28102000, "ebitda": 98589000, "ebitdaratio": 0.2018950766, "operatingIncome": 70487000, "operatingIncomeRatio": 0.1443465119, "totalOtherIncomeExpensesNet": 4764000, "incomeBeforeTax": 75251000, "incomeBeforeTaxRatio": 0.1541024496, "incomeTaxExpense": 4075000, "netIncome": 71176000, "netIncomeRatio": 0.1457574777, "eps": 1.19, "epsdiluted": 1.17, "weightedAverageShsOut": 59657000, "weightedAverageShsOutDil": 60845000, "link": "https://www.sec.gov/Archives/edgar/data/833640/000083364021000025/0000833640-21-000025-index.htm", "finalLink": "https://www.sec.gov/Archives/edgar/data/833640/000083364021000025/powi-20201231x10k.htm", "calculatedOtherExpenses": 919000, "calculatedOperatingExpenses": 173103000, "calculatedNetInterest": 5264000, "calculatedOtherIncome": -500000, "calculatedIncomeNonControlling": 0, "calculatedEbitda": 98589000}, {"date": "2019-12-31", "symbol": "POWI", "reportedCurrency": "USD", "cik": "0000833640", "fillingDate": "2020-02-07", "acceptedDate": "2020-02-06 21:08:33", "calendarYear": "2019", "period": "FY", "revenue": 420669000, "costOfRevenue": 207267000, "grossProfit": 213402000, "grossProfitRatio": 0.5072919564, "researchAndDevelopmentExpenses": 73470000, "generalAndAdministrativeExpenses": 28157000, "sellingAndMarketingExpenses": 52720000, "sellingGeneralAndAdministrativeExpenses": 80877000, "otherExpenses": 1577000, "operatingExpenses": 155924000, "costAndExpenses": 363191000, "interestIncome": 5692000, "interestExpense": 0, "depreciationAndAmortization": -135141000, "ebitda": -77663000, "ebitdaratio": -0.1846178349, "operatingIncome": 57478000, "operatingIncomeRatio": 0.1366347413, "totalOtherIncomeExpensesNet": 164936000, "incomeBeforeTax": 222414000, "incomeBeforeTaxRatio": 0.5287149754, "incomeTaxExpense": 28946000, "netIncome": 193468000, "netIncomeRatio": 0.4599055314, "eps": 3.31, "epsdiluted": 3.24, "weightedAverageShsOut": 58534000, "weightedAverageShsOutDil": 59632000, "link": "https://www.sec.gov/Archives/edgar/data/833640/000083364020000044/0000833640-20-000044-index.htm", "finalLink": "https://www.sec.gov/Archives/edgar/data/833640/000083364020000044/powi-2019123110k.htm", "calculatedOtherExpenses": 1577000, "calculatedOperatingExpenses": 155924000, "calculatedNetInterest": 5692000, "calculatedOtherIncome": 159244000, "calculatedIncomeNonControlling": 0, "calculatedEbitda": -77663000}, {"date": "2018-12-31", "symbol": "POWI", "reportedCurrency": "USD", "cik": "0000833640", "fillingDate": "2019-02-13", "acceptedDate": "2019-02-13 13:46:42", "calendarYear": "2018", "period": "FY", "revenue": 415955000, "costOfRevenue": 201167000, "grossProfit": 214788000, "grossProfitRatio": 0.5163731654, "researchAndDevelopmentExpenses": 70580000, "generalAndAdministrativeExpenses": 26971000, "sellingAndMarketingExpenses": 51165000, "sellingGeneralAndAdministrativeExpenses": 78136000, "otherExpenses": 4116000, "operatingExpenses": 150615000, "costAndExpenses": 351782000, "interestIncome": 0, "interestExpense": 0, "depreciationAndAmortization": 24185000, "ebitda": 96883000, "ebitdaratio": 0.2329170223, "operatingIncome": 55648000, "operatingIncomeRatio": 0.1337837026, "totalOtherIncomeExpensesNet": -4409000, "incomeBeforeTax": 59764000, "incomeBeforeTaxRatio": 0.1436790037, "incomeTaxExpense": -10220000, "netIncome": 69984000, "netIncomeRatio": 0.1682489692, "eps": 1.19, "epsdiluted": 1.16, "weightedAverageShsOut": 58912000, "weightedAverageShsOutDil": 60294000, "link": "https://www.sec.gov/Archives/edgar/data/833640/000083364019000046/0000833640-19-000046-index.htm", "finalLink": "https://www.sec.gov/Archives/edgar/data/833640/000083364019000046/powi-2018123110k.htm", "calculatedOtherExpenses": 10424000, "calculatedOperatingExpenses": 159140000, "calculatedNetInterest": 0, "calculatedOtherIncome": 4116000, "calculatedIncomeNonControlling": 0, "calculatedEbitda": 79833000}, {"date": "2017-12-31", "symbol": "POWI", "reportedCurrency": "USD", "cik": "0000833640", "fillingDate": "2018-02-14", "acceptedDate": "2018-02-14 17:23:56", "calendarYear": "2017", "period": "FY", "revenue": 431755000, "costOfRevenue": 218091000, "grossProfit": 213664000, "grossProfitRatio": 0.4948732499, "researchAndDevelopmentExpenses": 68501000, "generalAndAdministrativeExpenses": 36142000, "sellingAndMarketingExpenses": 49237000, "sellingGeneralAndAdministrativeExpenses": 85379000, "otherExpenses": 2662000, "operatingExpenses": 156027000, "costAndExpenses": 374118000, "interestIncome": 0, "interestExpense": 0, "depreciationAndAmortization": 24457000, "ebitda": 82094000, "ebitdaratio": 0.1901402416, "operatingIncome": 57637000, "operatingIncomeRatio": 0.1334946903, "totalOtherIncomeExpensesNet": 2662000, "incomeBeforeTax": 60299000, "incomeBeforeTaxRatio": 0.139660224, "incomeTaxExpense": 32690000, "netIncome": 27609000, "netIncomeRatio": 0.0639459879, "eps": 0.47, "epsdiluted": 0.45, "weightedAverageShsOut": 59348000, "weightedAverageShsOutDil": 61090000, "link": "https://www.sec.gov/Archives/edgar/data/833640/000083364018000067/0000833640-18-000067-index.htm", "finalLink": "https://www.sec.gov/Archives/edgar/data/833640/000083364018000067/powi-2017123110k.htm", "calculatedOtherExpenses": 2147000, "calculatedOperatingExpenses": 156027000, "calculatedNetInterest": 0, "calculatedOtherIncome": 2662000, "calculatedIncomeNonControlling": 0, "calculatedEbitda": 82094000}, {"date": "2016-12-31", "symbol": "POWI", "reportedCurrency": "USD", "cik": "0000833640", "fillingDate": "2017-02-08", "acceptedDate": "2017-02-08 17:05:30", "calendarYear": "2016", "period": "FY", "revenue": 387393000, "costOfRevenue": 196232000, "grossProfit": 191161000, "grossProfitRatio": 0.4934549669, "researchAndDevelopmentExpenses": 62310000, "generalAndAdministrativeExpenses": 33029000, "sellingAndMarketingExpenses": 45535000, "sellingGeneralAndAdministrativeExpenses": 78564000, "otherExpenses": 1078000, "operatingExpenses": 143317000, "costAndExpenses": 339549000, "interestIncome": 0, "interestExpense": 0, "depreciationAndAmortization": 23475000, "ebitda": 71319000, "ebitdaratio": 0.1840998676, "operatingIncome": 47844000, "operatingIncomeRatio": 0.1235024897, "totalOtherIncomeExpensesNet": 1078000, "incomeBeforeTax": 48922000, "incomeBeforeTaxRatio": 0.1262851936, "incomeTaxExpense": 1032000, "netIncome": 47890000, "netIncomeRatio": 0.1236212322, "eps": 0.85, "epsdiluted": 0.83, "weightedAverageShsOut": 57850000, "weightedAverageShsOutDil": 59238000, "link": "https://www.sec.gov/Archives/edgar/data/833640/000083364017000086/0000833640-17-000086-index.htm", "finalLink": "https://www.sec.gov/Archives/edgar/data/833640/000083364017000086/powi-2016123110k.htm", "calculatedOtherExpenses": 2443000, "calculatedOperatingExpenses": 143317000, "calculatedNetInterest": 0, "calculatedOtherIncome": 1078000, "calculatedIncomeNonControlling": 0, "calculatedEbitda": 71319000}, {"date": "2015-12-31", "symbol": "POWI", "reportedCurrency": "USD", "cik": "0000833640", "fillingDate": "2016-02-11", "acceptedDate": "2016-02-10 20:49:57", "calendarYear": "2015", "period": "FY", "revenue": 343989000, "costOfRevenue": 170602000, "grossProfit": 173387000, "grossProfitRatio": 0.5040480946, "researchAndDevelopmentExpenses": 57000000, "generalAndAdministrativeExpenses": 29720000, "sellingAndMarketingExpenses": 43786000, "sellingGeneralAndAdministrativeExpenses": 73506000, "otherExpenses": 425000, "operatingExpenses": 133281000, "costAndExpenses": 303883000, "interestIncome": 1019000, "interestExpense": 0, "depreciationAndAmortization": 23503000, "ebitda": 64722000, "ebitdaratio": 0.1881513653, "operatingIncome": 38993000, "operatingIncomeRatio": 0.1133553689, "totalOtherIncomeExpensesNet": -688000, "incomeBeforeTax": 39418000, "incomeBeforeTaxRatio": 0.1145908735, "incomeTaxExpense": 271000, "netIncome": 39147000, "netIncomeRatio": 0.1138030577, "eps": 0.68, "epsdiluted": 0.66, "weightedAverageShsOut": 58002000, "weightedAverageShsOutDil": 59392000, "link": "https://www.sec.gov/Archives/edgar/data/833640/000083364016000276/0000833640-16-000276-index.htm", "finalLink": "https://www.sec.gov/Archives/edgar/data/833640/000083364016000276/powi-2015123110k.htm", "calculatedOtherExpenses": 3888000, "calculatedOperatingExpenses": 134394000, "calculatedNetInterest": 1019000, "calculatedOtherIncome": -594000, "calculatedIncomeNonControlling": 0, "calculatedEbitda": 62496000}, {"date": "2014-12-31", "symbol": "POWI", "reportedCurrency": "USD", "cik": "0000833640", "fillingDate": "2015-02-10", "acceptedDate": "2015-02-10 16:37:23", "calendarYear": "2014", "period": "FY", "revenue": 348797000, "costOfRevenue": 159227000, "grossProfit": 189570000, "grossProfitRatio": 0.543496647, "researchAndDevelopmentExpenses": 54981000, "generalAndAdministrativeExpenses": 30188000, "sellingAndMarketingExpenses": 44606000, "sellingGeneralAndAdministrativeExpenses": 74794000, "otherExpenses": 1018000, "operatingExpenses": 132965000, "costAndExpenses": 292192000, "interestIncome": 1203000, "interestExpense": 0, "depreciationAndAmortization": 21956000, "ebitda": 79370000, "ebitdaratio": 0.2275535627, "operatingIncome": 55796000, "operatingIncomeRatio": 0.1599669722, "totalOtherIncomeExpensesNet": 209000, "incomeBeforeTax": 56814000, "incomeBeforeTaxRatio": 0.1628855753, "incomeTaxExpense": -2730000, "netIncome": 59544000, "netIncomeRatio": 0.1707124775, "eps": 1, "epsdiluted": 0.97, "weightedAverageShsOut": 59952000, "weightedAverageShsOutDil": 61658000, "link": "https://www.sec.gov/Archives/edgar/data/833640/000083364015000060/0000833640-15-000060-index.htm", "finalLink": "https://www.sec.gov/Archives/edgar/data/833640/000083364015000060/powi-2014123110k.htm", "calculatedOtherExpenses": 3999000, "calculatedOperatingExpenses": 133774000, "calculatedNetInterest": 1203000, "calculatedOtherIncome": -185000, "calculatedIncomeNonControlling": 0, "calculatedEbitda": 77752000}, {"date": "2013-12-31", "symbol": "POWI", "reportedCurrency": "USD", "cik": "0000833640", "fillingDate": "2014-02-13", "acceptedDate": "2014-02-13 16:48:04", "calendarYear": "2013", "period": "FY", "revenue": 347089000, "costOfRevenue": 163853000, "grossProfit": 183236000, "grossProfitRatio": 0.5279222332, "researchAndDevelopmentExpenses": 51654000, "generalAndAdministrativeExpenses": 32050000, "sellingAndMarketingExpenses": 40943000, "sellingGeneralAndAdministrativeExpenses": 72993000, "otherExpenses": 864000, "operatingExpenses": 129170000, "costAndExpenses": 293023000, "interestIncome": 736000, "interestExpense": 23000, "depreciationAndAmortization": 23492000, "ebitda": 77061000, "ebitdaratio": 0.222020865, "operatingIncome": 54066000, "operatingIncomeRatio": 0.1557698458, "totalOtherIncomeExpensesNet": 1361000, "incomeBeforeTax": 55427000, "incomeBeforeTaxRatio": 0.1596910303, "incomeTaxExpense": -1839000, "netIncome": 57266000, "netIncomeRatio": 0.1649893831, "eps": 0.98, "epsdiluted": 0.94, "weightedAverageShsOut": 58842000, "weightedAverageShsOutDil": 60840000, "link": "https://www.sec.gov/Archives/edgar/data/833640/000083364014000073/0000833640-14-000073-index.htm", "finalLink": "https://www.sec.gov/Archives/edgar/data/833640/000083364014000073/powi-2013123110k.htm", "calculatedOtherExpenses": 4523000, "calculatedOperatingExpenses": 129170000, "calculatedNetInterest": 713000, "calculatedOtherIncome": 648000, "calculatedIncomeNonControlling": 0, "calculatedEbitda": 77558000}, {"date": "2012-12-31", "symbol": "POWI", "reportedCurrency": "USD", "cik": "0000833640", "fillingDate": "2013-02-22", "acceptedDate": "2013-02-21 21:22:10", "calendarYear": "2012", "period": "FY", "revenue": 305370000, "costOfRevenue": 154868000, "grossProfit": 150502000, "grossProfitRatio": 0.4928512952, "researchAndDevelopmentExpenses": 45709000, "generalAndAdministrativeExpenses": 29312000, "sellingAndMarketingExpenses": 34968000, "sellingGeneralAndAdministrativeExpenses": 64280000, "otherExpenses": 801000, "operatingExpenses": 113019000, "costAndExpenses": 267887000, "interestIncome": 1445000, "interestExpense": 2000, "depreciationAndAmortization": 20420000, "ebitda": 118414000, "ebitdaratio": 0.3877722108, "operatingIncome": 11352000, "operatingIncomeRatio": 0.0371745751, "totalOtherIncomeExpensesNet": -59710000, "incomeBeforeTax": -20782000, "incomeBeforeTaxRatio": -0.0680551462, "incomeTaxExpense": 13622000, "netIncome": -34404000, "netIncomeRatio": -0.1126633265, "eps": -0.6, "epsdiluted": -0.6, "weightedAverageShsOut": 57272000, "weightedAverageShsOutDil": 57272000, "link": "https://www.sec.gov/Archives/edgar/data/833640/000083364013000061/0000833640-13-000061-index.htm", "finalLink": "https://www.sec.gov/Archives/edgar/data/833640/000083364013000061/powi-2012123110k.htm", "calculatedOtherExpenses": 29161000, "calculatedOperatingExpenses": 139150000, "calculatedNetInterest": 1443000, "calculatedOtherIncome": -33577000, "calculatedIncomeNonControlling": 0, "calculatedEbitda": 31772000}, {"date": "2011-12-31", "symbol": "POWI", "reportedCurrency": "USD", "cik": "0000833640", "fillingDate": "2012-02-29", "acceptedDate": "2012-02-28 21:01:28", "calendarYear": "2011", "period": "FY", "revenue": 298739000, "costOfRevenue": 158093000, "grossProfit": 140646000, "grossProfitRatio": 0.4707989248, "researchAndDevelopmentExpenses": 40295000, "generalAndAdministrativeExpenses": 24508000, "sellingAndMarketingExpenses": 32624000, "sellingGeneralAndAdministrativeExpenses": 57132000, "otherExpenses": 0, "operatingExpenses": 97427000, "costAndExpenses": 255520000, "interestIncome": 2054000, "interestExpense": 0, "depreciationAndAmortization": 16315000, "ebitda": 57658000, "ebitdaratio": 0.193004596, "operatingIncome": 43219000, "operatingIncomeRatio": 0.1446714356, "totalOtherIncomeExpensesNet": 1876000, "incomeBeforeTax": 45095000, "incomeBeforeTaxRatio": 0.1509511647, "incomeTaxExpense": 10804000, "netIncome": 34291000, "netIncomeRatio": 0.1147858164, "eps": 0.6, "epsdiluted": 0.57, "weightedAverageShsOut": 57218000, "weightedAverageShsOutDil": 59928000, "link": "https://www.sec.gov/Archives/edgar/data/833640/000083364012000026/0000833640-12-000026-index.htm", "finalLink": "https://www.sec.gov/Archives/edgar/data/833640/000083364012000026/powi-2011123110k.htm", "calculatedOtherExpenses": 0, "calculatedOperatingExpenses": 97427000, "calculatedNetInterest": 2054000, "calculatedOtherIncome": -178000, "calculatedIncomeNonControlling": 0, "calculatedEbitda": 59534000}, {"date": "2010-12-31", "symbol": "POWI", "reportedCurrency": "USD", "cik": "0000833640", "fillingDate": "2011-02-25", "acceptedDate": "2011-02-24 18:57:57", "calendarYear": "2010", "period": "FY", "revenue": 299803000, "costOfRevenue": 147262000, "grossProfit": 152541000, "grossProfitRatio": 0.5088041147, "researchAndDevelopmentExpenses": 35886000, "generalAndAdministrativeExpenses": 25562000, "sellingAndMarketingExpenses": 31167000, "sellingGeneralAndAdministrativeExpenses": 56729000, "otherExpenses": 0, "operatingExpenses": 92615000, "costAndExpenses": 239877000, "interestIncome": 2096000, "interestExpense": 3000, "depreciationAndAmortization": 13017000, "ebitda": 71064000, "ebitdaratio": 0.2370356534, "operatingIncome": 59926000, "operatingIncomeRatio": 0.1998845909, "totalOtherIncomeExpensesNet": 1879000, "incomeBeforeTax": 61805000, "incomeBeforeTaxRatio": 0.2061520398, "incomeTaxExpense": 12341000, "netIncome": 49464000, "netIncomeRatio": 0.1649883423, "eps": 0.89, "epsdiluted": 0.84, "weightedAverageShsOut": 55674000, "weightedAverageShsOutDil": 59112000, "link": "https://www.sec.gov/Archives/edgar/data/833640/000119312511045774/0001193125-11-045774-index.htm", "finalLink": "https://www.sec.gov/Archives/edgar/data/833640/000119312511045774/d10k.htm", "calculatedOtherExpenses": 0, "calculatedOperatingExpenses": 92615000, "calculatedNetInterest": 2093000, "calculatedOtherIncome": -214000, "calculatedIncomeNonControlling": 0, "calculatedEbitda": 72943000}, {"date": "2009-12-31", "symbol": "POWI", "reportedCurrency": "USD", "cik": "0000833640", "fillingDate": "2010-02-26", "acceptedDate": "2010-02-26 17:09:38", "calendarYear": "2009", "period": "FY", "revenue": 215701000, "costOfRevenue": 107633000, "grossProfit": 108068000, "grossProfitRatio": 0.5010083402, "researchAndDevelopmentExpenses": 30473000, "generalAndAdministrativeExpenses": 23967000, "sellingAndMarketingExpenses": 25018000, "sellingGeneralAndAdministrativeExpenses": 48985000, "otherExpenses": 0, "operatingExpenses": 79458000, "costAndExpenses": 187091000, "interestIncome": 2175000, "interestExpense": 3000, "depreciationAndAmortization": 10340000, "ebitda": 37037000, "ebitdaratio": 0.1717052772, "operatingIncome": 28610000, "operatingIncomeRatio": 0.1326373081, "totalOtherIncomeExpensesNet": 1913000, "incomeBeforeTax": 30523000, "incomeBeforeTaxRatio": 0.1415060663, "incomeTaxExpense": 7254000, "netIncome": 23269000, "netIncomeRatio": 0.1078761805, "eps": 0.43, "epsdiluted": 0.41, "weightedAverageShsOut": 53840000, "weightedAverageShsOutDil": 56594000, "link": "https://www.sec.gov/Archives/edgar/data/833640/000119312510043115/0001193125-10-043115-index.htm", "finalLink": "https://www.sec.gov/Archives/edgar/data/833640/000119312510043115/d10k.htm", "calculatedOtherExpenses": 0, "calculatedOperatingExpenses": 79458000, "calculatedNetInterest": 2172000, "calculatedOtherIncome": -259000, "calculatedIncomeNonControlling": 0, "calculatedEbitda": 38950000}, {"date": "2008-12-31", "symbol": "POWI", "reportedCurrency": "USD", "cik": "0000833640", "fillingDate": "2009-03-02", "acceptedDate": "2009-02-27 20:02:30", "calendarYear": "2008", "period": "FY", "revenue": 201708000, "costOfRevenue": 96678000, "grossProfit": 105030000, "grossProfitRatio": 0.5207031947, "researchAndDevelopmentExpenses": 36867000, "generalAndAdministrativeExpenses": 27296000, "sellingAndMarketingExpenses": 35898000, "sellingGeneralAndAdministrativeExpenses": 63194000, "otherExpenses": 0, "operatingExpenses": 102019000, "costAndExpenses": 198697000, "interestIncome": 0, "interestExpense": 0, "depreciationAndAmortization": 9816000, "ebitda": 14671000, "ebitdaratio": 0.0727338529, "operatingIncome": 3011000, "operatingIncomeRatio": 0.014927519, "totalOtherIncomeExpensesNet": -1844000, "incomeBeforeTax": 10724000, "incomeBeforeTaxRatio": 0.0531659627, "incomeTaxExpense": 8921000, "netIncome": 1803000, "netIncomeRatio": 0.0089386638, "eps": 0.03, "epsdiluted": 0.03, "weightedAverageShsOut": 60198000, "weightedAverageShsOutDil": 63510000, "link": "https://www.sec.gov/Archives/edgar/data/833640/000095013409004071/0000950134-09-004071-index.htm", "finalLink": "https://www.sec.gov/Archives/edgar/data/833640/000095013409004071/f51665e10vk.htm", "calculatedOtherExpenses": 1958000, "calculatedOperatingExpenses": 102019000, "calculatedNetInterest": 0, "calculatedOtherIncome": 7713000, "calculatedIncomeNonControlling": 0, "calculatedEbitda": 12827000}, {"date": "2007-12-31", "symbol": "POWI", "reportedCurrency": "USD", "cik": "0000833640", "fillingDate": "2008-03-10", "acceptedDate": "2008-03-07 21:52:01", "calendarYear": "2007", "period": "FY", "revenue": 191043000, "costOfRevenue": 87558000, "grossProfit": 103485000, "grossProfitRatio": 0.5416843328, "researchAndDevelopmentExpenses": 25176000, "generalAndAdministrativeExpenses": 24249000, "sellingAndMarketingExpenses": 26940000, "sellingGeneralAndAdministrativeExpenses": 51189000, "otherExpenses": 1370000, "operatingExpenses": 76365000, "costAndExpenses": 163923000, "interestIncome": 8513000, "interestExpense": 0, "depreciationAndAmortization": 7505000, "ebitda": 35707000, "ebitdaratio": 0.1869055658, "operatingIncome": 25750000, "operatingIncomeRatio": 0.1347864093, "totalOtherIncomeExpensesNet": -1082000, "incomeBeforeTax": 34551000, "incomeBeforeTaxRatio": 0.180854572, "incomeTaxExpense": 7927000, "netIncome": 26624000, "netIncomeRatio": 0.1393612956, "eps": 0.46, "epsdiluted": 0.43, "weightedAverageShsOut": 57938000, "weightedAverageShsOutDil": 62508000, "link": "https://www.sec.gov/Archives/edgar/data/833640/000119312508050630/0001193125-08-050630-index.htm", "finalLink": "https://www.sec.gov/Archives/edgar/data/833640/000119312508050630/d10k.htm", "calculatedOtherExpenses": 1370000, "calculatedOperatingExpenses": 77735000, "calculatedNetInterest": 8513000, "calculatedOtherIncome": 288000, "calculatedIncomeNonControlling": 0, "calculatedEbitda": 33255000}, {"date": "2006-12-31", "symbol": "POWI", "reportedCurrency": "USD", "cik": "0000833640", "fillingDate": "2007-08-08", "acceptedDate": "2007-08-08 06:10:14", "calendarYear": "2006", "period": "FY", "revenue": 162403000, "costOfRevenue": 73794000, "grossProfit": 88609000, "grossProfitRatio": 0.5456118421, "researchAndDevelopmentExpenses": 24415000, "generalAndAdministrativeExpenses": 34648000, "sellingAndMarketingExpenses": 25712000, "sellingGeneralAndAdministrativeExpenses": 60360000, "otherExpenses": 0, "operatingExpenses": 84775000, "costAndExpenses": 158569000, "interestIncome": 6468000, "interestExpense": -6000, "depreciationAndAmortization": 7097000, "ebitda": 11469000, "ebitdaratio": 0.0706206166, "operatingIncome": 3834000, "operatingIncomeRatio": 0.0236079383, "totalOtherIncomeExpensesNet": -538000, "incomeBeforeTax": 9758000, "incomeBeforeTaxRatio": 0.060085097, "incomeTaxExpense": 333000, "netIncome": 9425000, "netIncomeRatio": 0.0580346422, "eps": 0.16, "epsdiluted": 0.16, "weightedAverageShsOut": 58118000, "weightedAverageShsOutDil": 61638000, "link": "https://www.sec.gov/Archives/edgar/data/833640/000119312507174522/0001193125-07-174522-index.htm", "finalLink": "https://www.sec.gov/Archives/edgar/data/833640/000119312507174522/d10k.htm", "calculatedOtherExpenses": 0, "calculatedOperatingExpenses": 84775000, "calculatedNetInterest": 6474000, "calculatedOtherIncome": -550000, "calculatedIncomeNonControlling": 0, "calculatedEbitda": 10931000}, {"date": "2005-12-31", "symbol": "POWI", "reportedCurrency": "USD", "cik": "0000833640", "fillingDate": "2007-03-08", "acceptedDate": "2007-03-08 17:17:26", "calendarYear": "2005", "period": "FY", "revenue": 143071000, "costOfRevenue": 72979000, "grossProfit": 70092000, "grossProfitRatio": 0.4899106038, "researchAndDevelopmentExpenses": 17111000, "generalAndAdministrativeExpenses": 15665000, "sellingAndMarketingExpenses": 18314000, "sellingGeneralAndAdministrativeExpenses": 33979000, "otherExpenses": 0, "operatingExpenses": 51090000, "costAndExpenses": 124069000, "interestIncome": 3820000, "interestExpense": -218000, "depreciationAndAmortization": 6264000, "ebitda": 25719000, "ebitdaratio": 0.1797638935, "operatingIncome": 19002000, "operatingIncomeRatio": 0.1328151757, "totalOtherIncomeExpensesNet": -453000, "incomeBeforeTax": 22151000, "incomeBeforeTaxRatio": 0.1548252266, "incomeTaxExpense": 6453000, "netIncome": 15698000, "netIncomeRatio": 0.1097217465, "eps": 0.27, "epsdiluted": 0.26, "weightedAverageShsOut": 59136000, "weightedAverageShsOutDil": 61686000, "link": "https://www.sec.gov/Archives/edgar/data/833640/000119312507049651/0001193125-07-049651-index.htm", "finalLink": "https://www.sec.gov/Archives/edgar/data/833640/000119312507049651/d10k.htm", "calculatedOtherExpenses": 0, "calculatedOperatingExpenses": 51090000, "calculatedNetInterest": 4038000, "calculatedOtherIncome": -889000, "calculatedIncomeNonControlling": 0, "calculatedEbitda": 25266000}, {"date": "2004-12-31", "symbol": "POWI", "reportedCurrency": "USD", "cik": "0000833640", "fillingDate": "2005-03-16", "acceptedDate": "2005-03-16 06:09:18", "calendarYear": "2004", "period": "FY", "revenue": 136636000, "costOfRevenue": 71409000, "grossProfit": 65227000, "grossProfitRatio": 0.4773778506, "researchAndDevelopmentExpenses": 16162000, "generalAndAdministrativeExpenses": 8102000, "sellingAndMarketingExpenses": 15273000, "sellingGeneralAndAdministrativeExpenses": 23375000, "otherExpenses": 0, "operatingExpenses": 39537000, "costAndExpenses": 110946000, "interestIncome": 1808000, "interestExpense": 0, "depreciationAndAmortization": 6880000, "ebitda": 33324000, "ebitdaratio": 0.2438888726, "operatingIncome": 25690000, "operatingIncomeRatio": 0.1880177991, "totalOtherIncomeExpensesNet": -754000, "incomeBeforeTax": 26744000, "incomeBeforeTaxRatio": 0.1957317252, "incomeTaxExpense": 6377000, "netIncome": 20367000, "netIncomeRatio": 0.1490602769, "eps": 0.34, "epsdiluted": 0.32, "weightedAverageShsOut": 61604000, "weightedAverageShsOutDil": 64458000, "link": "https://www.sec.gov/Archives/edgar/data/833640/000119312505051707/0001193125-05-051707-index.htm", "finalLink": "https://www.sec.gov/Archives/edgar/data/833640/000119312505051707/d10k.htm", "calculatedOtherExpenses": 0, "calculatedOperatingExpenses": 39537000, "calculatedNetInterest": 1808000, "calculatedOtherIncome": -754000, "calculatedIncomeNonControlling": 0, "calculatedEbitda": 32570000}, {"date": "2003-12-31", "symbol": "POWI", "reportedCurrency": "USD", "cik": "0000833640", "fillingDate": "2004-03-10", "acceptedDate": "2004-03-10 15:56:02", "calendarYear": "2003", "period": "FY", "revenue": 125706000, "costOfRevenue": 62814000, "grossProfit": 62892000, "grossProfitRatio": 0.5003102477, "researchAndDevelopmentExpenses": 16443000, "generalAndAdministrativeExpenses": 6848000, "sellingAndMarketingExpenses": 15484000, "sellingGeneralAndAdministrativeExpenses": 22332000, "otherExpenses": 0, "operatingExpenses": 38775000, "costAndExpenses": 101589000, "interestIncome": 1519000, "interestExpense": -7000, "depreciationAndAmortization": 6846000, "ebitda": 31474000, "ebitdaratio": 0.2503778658, "operatingIncome": 24117000, "operatingIncomeRatio": 0.1918524175, "totalOtherIncomeExpensesNet": -511000, "incomeBeforeTax": 25118000, "incomeBeforeTaxRatio": 0.1998154424, "incomeTaxExpense": 7033000, "netIncome": 18085000, "netIncomeRatio": 0.1438674367, "eps": 0.2, "epsdiluted": 0.18, "weightedAverageShsOut": 58946000, "weightedAverageShsOutDil": 62976000, "link": "https://www.sec.gov/Archives/edgar/data/833640/000119312504038206/0001193125-04-038206-index.htm", "finalLink": "https://www.sec.gov/Archives/edgar/data/833640/000119312504038206/d10k.htm", "calculatedOtherExpenses": 0, "calculatedOperatingExpenses": 38775000, "calculatedNetInterest": 1526000, "calculatedOtherIncome": -525000, "calculatedIncomeNonControlling": 0, "calculatedEbitda": 30963000}, {"date": "2002-12-31", "symbol": "POWI", "reportedCurrency": "USD", "cik": "0000833640", "fillingDate": "2003-03-21", "acceptedDate": "2003-03-21 13:16:22", "calendarYear": "2002", "period": "FY", "revenue": 108184000, "costOfRevenue": 60723000, "grossProfit": 47461000, "grossProfitRatio": 0.4387062782, "researchAndDevelopmentExpenses": 14705000, "generalAndAdministrativeExpenses": 6203000, "sellingAndMarketingExpenses": 14537000, "sellingGeneralAndAdministrativeExpenses": 20740000, "otherExpenses": 0, "operatingExpenses": 35445000, "costAndExpenses": 96168000, "interestIncome": 2090000, "interestExpense": -23000, "depreciationAndAmortization": 6684000, "ebitda": 19101000, "ebitdaratio": 0.1765603047, "operatingIncome": 12016000, "operatingIncomeRatio": 0.1110700288, "totalOtherIncomeExpensesNet": -401000, "incomeBeforeTax": 13682000, "incomeBeforeTaxRatio": 0.1264697183, "incomeTaxExpense": 4104000, "netIncome": 9578000, "netIncomeRatio": 0.0885343489, "eps": 0.07, "epsdiluted": 0.07, "weightedAverageShsOut": 56724000, "weightedAverageShsOutDil": 58680000, "link": "https://www.sec.gov/Archives/edgar/data/833640/000101287003001306/0001012870-03-001306-index.htm", "finalLink": "https://www.sec.gov/Archives/edgar/data/833640/000101287003001306/d10k.htm", "calculatedOtherExpenses": 0, "calculatedOperatingExpenses": 35445000, "calculatedNetInterest": 2113000, "calculatedOtherIncome": -447000, "calculatedIncomeNonControlling": 0, "calculatedEbitda": 18700000}, {"date": "2001-12-31", "symbol": "POWI", "reportedCurrency": "USD", "cik": "0000833640", "fillingDate": "2002-03-22", "acceptedDate": "2002-03-22 00:00:00", "calendarYear": "2001", "period": "FY", "revenue": 94095000, "costOfRevenue": 51252000, "grossProfit": 42843000, "grossProfitRatio": 0.4553164355, "researchAndDevelopmentExpenses": 14471000, "generalAndAdministrativeExpenses": 0, "sellingAndMarketingExpenses": 0, "sellingGeneralAndAdministrativeExpenses": 20465000, "otherExpenses": 0, "operatingExpenses": 34936000, "costAndExpenses": 86188000, "interestIncome": 0, "interestExpense": 0, "depreciationAndAmortization": 6944000, "ebitda": 15101000, "ebitdaratio": 0.1604867421, "operatingIncome": 7907000, "operatingIncomeRatio": 0.0840320952, "totalOtherIncomeExpensesNet": -250000, "incomeBeforeTax": 9656000, "incomeBeforeTaxRatio": 0.1026196929, "incomeTaxExpense": 2930000, "netIncome": 6726000, "netIncomeRatio": 0.0714809501, "eps": 0.005, "epsdiluted": 0.005, "weightedAverageShsOut": 55428000, "weightedAverageShsOutDil": 57122000, "link": "https://www.sec.gov/Archives/edgar/data/833640/000101287002001366/0001012870-02-001366-index.htm", "finalLink": "https://www.sec.gov/Archives/edgar/data/833640/000101287002001366/d10k.txt", "calculatedOtherExpenses": 0, "calculatedOperatingExpenses": 34936000, "calculatedNetInterest": 0, "calculatedOtherIncome": 1749000, "calculatedIncomeNonControlling": 0, "calculatedEbitda": 14851000}, {"date": "2000-12-31", "symbol": "POWI", "reportedCurrency": "USD", "cik": "0000833640", "fillingDate": "2001-03-20", "acceptedDate": "2001-03-20 00:00:00", "calendarYear": "2000", "period": "FY", "revenue": 111514000, "costOfRevenue": 53876000, "grossProfit": 57638000, "grossProfitRatio": 0.5168678372, "researchAndDevelopmentExpenses": 12521000, "generalAndAdministrativeExpenses": 0, "sellingAndMarketingExpenses": 0, "sellingGeneralAndAdministrativeExpenses": 19404000, "otherExpenses": 0, "operatingExpenses": 31925000, "costAndExpenses": 85801000, "interestIncome": 0, "interestExpense": 0, "depreciationAndAmortization": 4189000, "ebitda": 30264000, "ebitdaratio": 0.2713919329, "operatingIncome": 25713000, "operatingIncomeRatio": 0.2305809136, "totalOtherIncomeExpensesNet": -362000, "incomeBeforeTax": 28236000, "incomeBeforeTaxRatio": 0.2532058755, "incomeTaxExpense": 8471000, "netIncome": 19765000, "netIncomeRatio": 0.1772423194, "eps": 0.37, "epsdiluted": 0.35, "weightedAverageShsOut": 54358000, "weightedAverageShsOutDil": 57548000, "link": "https://www.sec.gov/Archives/edgar/data/833640/000101287001500018/0001012870-01-500018-index.htm", "finalLink": "https://www.sec.gov/Archives/edgar/data/833640/000101287001500018/d10k.txt", "calculatedOtherExpenses": 0, "calculatedOperatingExpenses": 31925000, "calculatedNetInterest": 0, "calculatedOtherIncome": 2523000, "calculatedIncomeNonControlling": 0, "calculatedEbitda": 29902000}, {"date": "1999-12-31", "symbol": "POWI", "reportedCurrency": "USD", "cik": "0000833640", "fillingDate": "2000-03-29", "acceptedDate": "2000-03-29 00:00:00", "calendarYear": "1999", "period": "FY", "revenue": 104067000, "costOfRevenue": 46794000, "grossProfit": 57273000, "grossProfitRatio": 0.5503473724, "researchAndDevelopmentExpenses": 10764000, "generalAndAdministrativeExpenses": 0, "sellingAndMarketingExpenses": 0, "sellingGeneralAndAdministrativeExpenses": 19845000, "otherExpenses": 0, "operatingExpenses": 30609000, "costAndExpenses": 77403000, "interestIncome": 0, "interestExpense": 0, "depreciationAndAmortization": 3231000, "ebitda": 29961000, "ebitdaratio": 0.2879010637, "operatingIncome": 26664000, "operatingIncomeRatio": 0.2562195509, "totalOtherIncomeExpensesNet": -66000, "incomeBeforeTax": 28811000, "incomeBeforeTaxRatio": 0.2768504905, "incomeTaxExpense": 4334000, "netIncome": 24477000, "netIncomeRatio": 0.2352042434, "eps": 0.47, "epsdiluted": 0.44, "weightedAverageShsOut": 51916000, "weightedAverageShsOutDil": 56394000, "link": "https://www.sec.gov/Archives/edgar/data/833640/000101287000001656/0001012870-00-001656-index.html", "finalLink": "https://www.sec.gov/Archives/edgar/data/833640/000101287000001656/", "calculatedOtherExpenses": 0, "calculatedOperatingExpenses": 30609000, "calculatedNetInterest": 0, "calculatedOtherIncome": 2147000, "calculatedIncomeNonControlling": 0, "calculatedEbitda": 29895000}, {"date": "1998-12-31", "symbol": "POWI", "reportedCurrency": "USD", "cik": "0000833640", "fillingDate": "1999-03-16", "acceptedDate": "1999-03-16 00:00:00", "calendarYear": "1998", "period": "FY", "revenue": 70008000, "costOfRevenue": 36638000, "grossProfit": 33370000, "grossProfitRatio": 0.4766598103, "researchAndDevelopmentExpenses": 7231000, "generalAndAdministrativeExpenses": 0, "sellingAndMarketingExpenses": 0, "sellingGeneralAndAdministrativeExpenses": 12109000, "otherExpenses": 0, "operatingExpenses": 19340000, "costAndExpenses": 55978000, "interestIncome": 0, "interestExpense": 0, "depreciationAndAmortization": 3034000, "ebitda": 17185000, "ebitdaratio": 0.2454719461, "operatingIncome": 14030000, "operatingIncomeRatio": 0.2004056679, "totalOtherIncomeExpensesNet": -121000, "incomeBeforeTax": 15278000, "incomeBeforeTaxRatio": 0.218232202, "incomeTaxExpense": 2600000, "netIncome": 12678000, "netIncomeRatio": 0.1810935893, "eps": 0.13, "epsdiluted": 0.12, "weightedAverageShsOut": 97704000, "weightedAverageShsOutDil": 105808000, "link": "https://www.sec.gov/Archives/edgar/data/833640/000101287099000761/0001012870-99-000761-index.html", "finalLink": "https://www.sec.gov/Archives/edgar/data/833640/", "calculatedOtherExpenses": 0, "calculatedOperatingExpenses": 19340000, "calculatedNetInterest": 0, "calculatedOtherIncome": 1248000, "calculatedIncomeNonControlling": 0, "calculatedEbitda": 17064000}, {"date": "1997-12-31", "symbol": "POWI", "reportedCurrency": "USD", "cik": "0000833640", "fillingDate": "1998-03-24", "acceptedDate": "1998-03-24 00:00:00", "calendarYear": "1997", "period": "FY", "revenue": 44800000, "costOfRevenue": 24000000, "grossProfit": 20800000, "grossProfitRatio": 0.4642857143, "researchAndDevelopmentExpenses": 5300000, "generalAndAdministrativeExpenses": 0, "sellingAndMarketingExpenses": 0, "sellingGeneralAndAdministrativeExpenses": 8500000, "otherExpenses": 0, "operatingExpenses": 16100000, "costAndExpenses": 40100000, "interestIncome": 0, "interestExpense": 0, "depreciationAndAmortization": 2300000, "ebitda": 5700000, "ebitdaratio": 0.1272321429, "operatingIncome": 4700000, "operatingIncomeRatio": 0.1049107143, "totalOtherIncomeExpensesNet": 1300000, "incomeBeforeTax": 5300000, "incomeBeforeTaxRatio": 0.1183035714, "incomeTaxExpense": 500000, "netIncome": 4800000, "netIncomeRatio": 0.1071428571, "eps": 0.32, "epsdiluted": 0.065, "weightedAverageShsOut": 15104000, "weightedAverageShsOutDil": 74712000, "link": "https://www.sec.gov/Archives/edgar/data/833640/000101287098000730/0001012870-98-000730-index.html", "finalLink": "https://www.sec.gov/Archives/edgar/data/833640/", "calculatedOtherExpenses": 2300000, "calculatedOperatingExpenses": 16100000, "calculatedNetInterest": 0, "calculatedOtherIncome": 600000, "calculatedIncomeNonControlling": 0, "calculatedEbitda": 7000000}, {"date": "1996-12-31", "symbol": "POWI", "reportedCurrency": "USD", "cik": "0000833640", "fillingDate": "1996-12-31", "acceptedDate": "1996-12-30 19:00:00", "calendarYear": "1996", "period": "FY", "revenue": 23300000, "costOfRevenue": 13700000, "grossProfit": 9600000, "grossProfitRatio": 0.4120171674, "researchAndDevelopmentExpenses": 3500000, "generalAndAdministrativeExpenses": 0, "sellingAndMarketingExpenses": 0, "sellingGeneralAndAdministrativeExpenses": 5500000, "otherExpenses": 0, "operatingExpenses": 10900000, "costAndExpenses": 24600000, "interestIncome": 0, "interestExpense": 0, "depreciationAndAmortization": 1900000, "ebitda": -100000, "ebitdaratio": -0.0042918455, "operatingIncome": -1300000, "operatingIncomeRatio": -0.0557939914, "totalOtherIncomeExpensesNet": 700000, "incomeBeforeTax": -600000, "incomeBeforeTaxRatio": -0.025751073, "incomeTaxExpense": 0, "netIncome": -1300000, "netIncomeRatio": -0.0557939914, "eps": -0.19, "epsdiluted": -0.19, "weightedAverageShsOut": 6848000, "weightedAverageShsOutDil": 6848000, "link": null, "finalLink": null, "calculatedOtherExpenses": 1900000, "calculatedOperatingExpenses": 10900000, "calculatedNetInterest": 0, "calculatedOtherIncome": 700000, "calculatedIncomeNonControlling": 700000, "calculatedEbitda": 600000}]}