{"originalCurrency": "USD", "convertedCurrency": "USD", "report": [{"date": "2023-03-31", "symbol": "POWWP", "reportedCurrency": "USD", "cik": "0001015383", "fillingDate": "2023-06-14", "acceptedDate": "2023-06-14 17:15:40", "calendarYear": "2023", "period": "FY", "revenue": 191439801, "costOfRevenue": 136031204, "grossProfit": 55408597, "grossProfitRatio": 0.2894309162, "researchAndDevelopmentExpenses": 0, "generalAndAdministrativeExpenses": 40659214, "sellingAndMarketingExpenses": 4729540, "sellingGeneralAndAdministrativeExpenses": 45388754, "otherExpenses": 13278762, "operatingExpenses": 58667516, "costAndExpenses": 194698720, "interestIncome": 0, "interestExpense": 632062, "depreciationAndAmortization": 17519949, "ebitda": 14286211, "ebitdaratio": 0.0746250828, "operatingIncome": -3233738, "operatingIncomeRatio": -0.0168916703, "totalOtherIncomeExpensesNet": -632062, "incomeBeforeTax": -3865800, "incomeBeforeTaxRatio": -0.020193293, "incomeTaxExpense": 730238, "netIncome": -4596038, "netIncomeRatio": -0.0240077454, "eps": -0.0392, "epsdiluted": -0.0392, "weightedAverageShsOut": 117177885, "weightedAverageShsOutDil": 117177885, "link": "https://www.sec.gov/Archives/edgar/data/1015383/000149315223021280/0001493152-23-021280-index.htm", "finalLink": "https://www.sec.gov/Archives/edgar/data/1015383/000149315223021280/form10-k.htm", "calculatedOtherExpenses": 13253581, "calculatedOperatingExpenses": 58642335, "calculatedNetInterest": -632062, "calculatedOtherIncome": 0, "calculatedIncomeNonControlling": 0, "calculatedEbitda": 14286211}, {"date": "2022-03-31", "symbol": "POWWP", "reportedCurrency": "USD", "cik": "0001015383", "fillingDate": "2022-06-29", "acceptedDate": "2022-06-29 16:16:28", "calendarYear": "2022", "period": "FY", "revenue": 240269166, "costOfRevenue": 151505657, "grossProfit": 88763509, "grossProfitRatio": 0.3694336251, "researchAndDevelopmentExpenses": 0, "generalAndAdministrativeExpenses": 30601783, "sellingAndMarketingExpenses": 7310216, "sellingGeneralAndAdministrativeExpenses": 37911999, "otherExpenses": 13702148, "operatingExpenses": 51614147, "costAndExpenses": 203119804, "interestIncome": 0, "interestExpense": 637797, "depreciationAndAmortization": 13723988, "ebitda": 50873350, "ebitdaratio": 0.2117348258, "operatingIncome": 37149362, "operatingIncomeRatio": 0.1546156031, "totalOtherIncomeExpensesNet": -615957, "incomeBeforeTax": 36533405, "incomeBeforeTaxRatio": 0.1520519907, "incomeTaxExpense": 3285969, "netIncome": 33247436, "netIncomeRatio": 0.1383757914, "eps": 0.27, "epsdiluted": 0.27, "weightedAverageShsOut": 112328680, "weightedAverageShsOutDil": 114189720, "link": "https://www.sec.gov/Archives/edgar/data/1015383/000149315222018107/0001493152-22-018107-index.htm", "finalLink": "https://www.sec.gov/Archives/edgar/data/1015383/000149315222018107/form10-k.htm", "calculatedOtherExpenses": 13702148, "calculatedOperatingExpenses": 51614147, "calculatedNetInterest": -637797, "calculatedOtherIncome": 21840, "calculatedIncomeNonControlling": 0, "calculatedEbitda": 50873350}, {"date": "2021-03-31", "symbol": "POWWP", "reportedCurrency": "USD", "cik": "0001015383", "fillingDate": "2021-06-29", "acceptedDate": "2021-06-29 16:16:31", "calendarYear": "2021", "period": "FY", "revenue": 62482330, "costOfRevenue": 51095679, "grossProfit": 11386651, "grossProfitRatio": 0.1822379383, "researchAndDevelopmentExpenses": 0, "generalAndAdministrativeExpenses": 12228265, "sellingAndMarketingExpenses": 1879128, "sellingGeneralAndAdministrativeExpenses": 14107393, "otherExpenses": 1659243, "operatingExpenses": 15766636, "costAndExpenses": 66862315, "interestIncome": 0, "interestExpense": 3009094, "depreciationAndAmortization": 4876756, "ebitda": 1073556, "ebitdaratio": 0.0171817536, "operatingIncome": -3803200, "operatingIncomeRatio": -0.0608684087, "totalOtherIncomeExpensesNet": -4009094, "incomeBeforeTax": -7812294, "incomeBeforeTaxRatio": -0.1250320531, "incomeTaxExpense": 3585879, "netIncome": -11398173, "netIncomeRatio": -0.1824223424, "eps": -0.21, "epsdiluted": -0.21, "weightedAverageShsOut": 55041502, "weightedAverageShsOutDil": 55041502, "link": "https://www.sec.gov/Archives/edgar/data/1015383/000149315221015547/0001493152-21-015547-index.htm", "finalLink": "https://www.sec.gov/Archives/edgar/data/1015383/000149315221015547/form10-k.htm", "calculatedOtherExpenses": 1082458, "calculatedOperatingExpenses": 15189851, "calculatedNetInterest": -3009094, "calculatedOtherIncome": -1000000, "calculatedIncomeNonControlling": 0, "calculatedEbitda": 1073556}, {"date": "2020-03-31", "symbol": "POWWP", "reportedCurrency": "USD", "cik": "0001015383", "fillingDate": "2020-08-19", "acceptedDate": "2020-08-19 15:57:50", "calendarYear": "2020", "period": "FY", "revenue": 14780365, "costOfRevenue": 18455904, "grossProfit": -3675539, "grossProfitRatio": -0.248677147, "researchAndDevelopmentExpenses": 0, "generalAndAdministrativeExpenses": 7370453, "sellingAndMarketingExpenses": 1192010, "sellingGeneralAndAdministrativeExpenses": 8562463, "otherExpenses": 1599491, "operatingExpenses": 10161954, "costAndExpenses": 28617858, "interestIncome": 0, "interestExpense": 719187, "depreciationAndAmortization": 4455962, "ebitda": -9381531, "ebitdaratio": -0.6347293183, "operatingIncome": -13837493, "operatingIncomeRatio": -0.9362078, "totalOtherIncomeExpensesNet": -719187, "incomeBeforeTax": -14556680, "incomeBeforeTaxRatio": -0.9848660706, "incomeTaxExpense": 719187, "netIncome": -15275867, "netIncomeRatio": -1.0335243412, "eps": -0.33, "epsdiluted": -0.33, "weightedAverageShsOut": 45607937, "weightedAverageShsOutDil": 45607937, "link": "https://www.sec.gov/Archives/edgar/data/1015383/000149315220016303/0001493152-20-016303-index.htm", "finalLink": "https://www.sec.gov/Archives/edgar/data/1015383/000149315220016303/form10-k.htm", "calculatedOtherExpenses": 1599491, "calculatedOperatingExpenses": 10161954, "calculatedNetInterest": -719187, "calculatedOtherIncome": 0, "calculatedIncomeNonControlling": 0, "calculatedEbitda": -9381531}, {"date": "2019-03-31", "symbol": "POWWP", "reportedCurrency": "USD", "cik": "0001015383", "fillingDate": "2019-07-01", "acceptedDate": "2019-07-01 16:17:37", "calendarYear": "2019", "period": "FY", "revenue": 4159397, "costOfRevenue": 4389091, "grossProfit": -229694, "grossProfitRatio": -0.0552229085, "researchAndDevelopmentExpenses": 0, "generalAndAdministrativeExpenses": 7240263, "sellingAndMarketingExpenses": 1414399, "sellingGeneralAndAdministrativeExpenses": 8654662, "otherExpenses": 96302, "operatingExpenses": 8750964, "costAndExpenses": 13140055, "interestIncome": 0, "interestExpense": 610600, "depreciationAndAmortization": 599863, "ebitda": -12617103, "ebitdaratio": -3.0333971487, "operatingIncome": -8980658, "operatingIncomeRatio": -2.1591249886, "totalOtherIncomeExpensesNet": 2118154, "incomeBeforeTax": -11709412, "incomeBeforeTaxRatio": -2.8151705644, "incomeTaxExpense": 2728754, "netIncome": -11709412, "netIncomeRatio": -2.8151705644, "eps": -0.35, "epsdiluted": -0.35, "weightedAverageShsOut": 33601569, "weightedAverageShsOutDil": 33601569, "link": "https://www.sec.gov/Archives/edgar/data/1015383/000149315219010007/0001493152-19-010007-index.htm", "finalLink": "https://www.sec.gov/Archives/edgar/data/1015383/000149315219010007/form10-k.htm", "calculatedOtherExpenses": 96302, "calculatedOperatingExpenses": 8750964, "calculatedNetInterest": -610600, "calculatedOtherIncome": -2118154, "calculatedIncomeNonControlling": -2728754, "calculatedEbitda": -8380795}, {"date": "2017-12-31", "symbol": "POWWP", "reportedCurrency": "USD", "cik": "0001015383", "fillingDate": "2018-04-11", "acceptedDate": "2018-04-11 11:05:12", "calendarYear": "2018", "period": "FY", "revenue": 1162567, "costOfRevenue": 1171292, "grossProfit": -8725, "grossProfitRatio": -0.0075049438, "researchAndDevelopmentExpenses": 0, "generalAndAdministrativeExpenses": 3201165, "sellingAndMarketingExpenses": 759053, "sellingGeneralAndAdministrativeExpenses": 3960218, "otherExpenses": 7285, "operatingExpenses": 3967503, "costAndExpenses": 5138795, "interestIncome": 0, "interestExpense": 532752, "depreciationAndAmortization": 148860, "ebitda": -3827368, "ebitdaratio": -3.2921698276, "operatingIncome": -3976228, "operatingIncomeRatio": -3.4202140608, "totalOtherIncomeExpensesNet": -1279921, "incomeBeforeTax": -5788901, "incomeBeforeTaxRatio": -4.9794127994, "incomeTaxExpense": 1812673, "netIncome": -5788901, "netIncomeRatio": -4.9794127994, "eps": -0.3, "epsdiluted": -0.3, "weightedAverageShsOut": 19279601, "weightedAverageShsOutDil": 19279601, "link": "https://www.sec.gov/Archives/edgar/data/1015383/000107997318000247/0001079973-18-000247-index.htm", "finalLink": "https://www.sec.gov/Archives/edgar/data/1015383/000107997318000247/apoww_10k-123117.htm", "calculatedOtherExpenses": 7285, "calculatedOperatingExpenses": 3967503, "calculatedNetInterest": -532752, "calculatedOtherIncome": -1279921, "calculatedIncomeNonControlling": -1812673, "calculatedEbitda": -3827368}, {"date": "2016-12-31", "symbol": "POWWP", "reportedCurrency": "USD", "cik": "0001015383", "fillingDate": "2017-03-16", "acceptedDate": "2017-03-16 10:55:29", "calendarYear": "2017", "period": "FY", "revenue": 0, "costOfRevenue": 0, "grossProfit": 0, "grossProfitRatio": 0, "researchAndDevelopmentExpenses": 0, "generalAndAdministrativeExpenses": 11040, "sellingAndMarketingExpenses": 0, "sellingGeneralAndAdministrativeExpenses": 11040, "otherExpenses": 2050, "operatingExpenses": 13090, "costAndExpenses": 13090, "interestIncome": 0, "interestExpense": 14094, "depreciationAndAmortization": -308354, "ebitda": -319394, "ebitdaratio": 0, "operatingIncome": -11040, "operatingIncomeRatio": 0, "totalOtherIncomeExpensesNet": -322448, "incomeBeforeTax": -333488, "incomeBeforeTaxRatio": 0, "incomeTaxExpense": 308354, "netIncome": -333488, "netIncomeRatio": 0, "eps": -0.58, "epsdiluted": -0.58, "weightedAverageShsOut": 577056, "weightedAverageShsOutDil": 577056, "link": "https://www.sec.gov/Archives/edgar/data/1015383/000107997317000151/0001079973-17-000151-index.htm", "finalLink": "https://www.sec.gov/Archives/edgar/data/1015383/000107997317000151/ammo_10k-123116.htm", "calculatedOtherExpenses": 0, "calculatedOperatingExpenses": 11040, "calculatedNetInterest": -14094, "calculatedOtherIncome": -308354, "calculatedIncomeNonControlling": -308354, "calculatedEbitda": -319394}, {"date": "2015-12-31", "symbol": "POWWP", "reportedCurrency": "USD", "cik": "0001015383", "fillingDate": "2016-03-30", "acceptedDate": "2016-03-30 11:51:33", "calendarYear": "2016", "period": "FY", "revenue": 0, "costOfRevenue": 0, "grossProfit": 0, "grossProfitRatio": 0, "researchAndDevelopmentExpenses": 0, "generalAndAdministrativeExpenses": 3370, "sellingAndMarketingExpenses": 0, "sellingGeneralAndAdministrativeExpenses": 3370, "otherExpenses": 0, "operatingExpenses": 3370, "costAndExpenses": 3370, "interestIncome": 0, "interestExpense": 15861, "depreciationAndAmortization": 0, "ebitda": -3370, "ebitdaratio": 0, "operatingIncome": -3370, "operatingIncomeRatio": 0, "totalOtherIncomeExpensesNet": -15861, "incomeBeforeTax": -19231, "incomeBeforeTaxRatio": 0, "incomeTaxExpense": 800, "netIncome": -20031, "netIncomeRatio": 0, "eps": -0.0347, "epsdiluted": -0.0347, "weightedAverageShsOut": 577036, "weightedAverageShsOutDil": 577056, "link": "https://www.sec.gov/Archives/edgar/data/1015383/000107997316000881/0001079973-16-000881-index.htm", "finalLink": "https://www.sec.gov/Archives/edgar/data/1015383/000107997316000881/retro_10k-123115.htm", "calculatedOtherExpenses": 0, "calculatedOperatingExpenses": 3370, "calculatedNetInterest": -15861, "calculatedOtherIncome": 0, "calculatedIncomeNonControlling": 0, "calculatedEbitda": -3370}, {"date": "2014-12-31", "symbol": "POWWP", "reportedCurrency": "USD", "cik": "0001015383", "fillingDate": "2015-03-31", "acceptedDate": "2015-03-31 15:40:10", "calendarYear": "2015", "period": "FY", "revenue": 0, "costOfRevenue": 0, "grossProfit": 0, "grossProfitRatio": 0, "researchAndDevelopmentExpenses": 0, "generalAndAdministrativeExpenses": 4963, "sellingAndMarketingExpenses": 0, "sellingGeneralAndAdministrativeExpenses": 4963, "otherExpenses": 0, "operatingExpenses": 4963, "costAndExpenses": 4963, "interestIncome": 0, "interestExpense": 16158, "depreciationAndAmortization": 0, "ebitda": -4963, "ebitdaratio": 0, "operatingIncome": -4963, "operatingIncomeRatio": 0, "totalOtherIncomeExpensesNet": -16158, "incomeBeforeTax": -21121, "incomeBeforeTaxRatio": 0, "incomeTaxExpense": 800, "netIncome": -21921, "netIncomeRatio": 0, "eps": -0.038, "epsdiluted": -0.038, "weightedAverageShsOut": 577056, "weightedAverageShsOutDil": 577056, "link": "https://www.sec.gov/Archives/edgar/data/1015383/000107997315000227/0001079973-15-000227-index.htm", "finalLink": "https://www.sec.gov/Archives/edgar/data/1015383/000107997315000227/retro_10k.htm", "calculatedOtherExpenses": 0, "calculatedOperatingExpenses": 4963, "calculatedNetInterest": -16158, "calculatedOtherIncome": 0, "calculatedIncomeNonControlling": 0, "calculatedEbitda": -4963}, {"date": "2013-12-31", "symbol": "POWWP", "reportedCurrency": "USD", "cik": "0001015383", "fillingDate": "2014-02-26", "acceptedDate": "2014-02-26 17:23:03", "calendarYear": "2014", "period": "FY", "revenue": 0, "costOfRevenue": 0, "grossProfit": 0, "grossProfitRatio": 0, "researchAndDevelopmentExpenses": 0, "generalAndAdministrativeExpenses": 6768, "sellingAndMarketingExpenses": 0, "sellingGeneralAndAdministrativeExpenses": 6768, "otherExpenses": 0, "operatingExpenses": 6768, "costAndExpenses": 6768, "interestIncome": 0, "interestExpense": 15011, "depreciationAndAmortization": 0, "ebitda": -6768, "ebitdaratio": 0, "operatingIncome": -6768, "operatingIncomeRatio": 0, "totalOtherIncomeExpensesNet": -15011, "incomeBeforeTax": -21779, "incomeBeforeTaxRatio": 0, "incomeTaxExpense": 800, "netIncome": -22579, "netIncomeRatio": 0, "eps": -0.0391, "epsdiluted": -0.0391, "weightedAverageShsOut": 577036, "weightedAverageShsOutDil": 577036, "link": "https://www.sec.gov/Archives/edgar/data/1015383/000107997314000149/0001079973-14-000149-index.htm", "finalLink": "https://www.sec.gov/Archives/edgar/data/1015383/000107997314000149/retro_10k-123113.htm", "calculatedOtherExpenses": 0, "calculatedOperatingExpenses": 6768, "calculatedNetInterest": -15011, "calculatedOtherIncome": 0, "calculatedIncomeNonControlling": 0, "calculatedEbitda": -6768}, {"date": "2012-12-31", "symbol": "POWWP", "reportedCurrency": "USD", "cik": "0001015383", "fillingDate": "2013-04-01", "acceptedDate": "2013-04-01 15:10:00", "calendarYear": "2013", "period": "FY", "revenue": 0, "costOfRevenue": 0, "grossProfit": 0, "grossProfitRatio": 0, "researchAndDevelopmentExpenses": 0, "generalAndAdministrativeExpenses": 16339, "sellingAndMarketingExpenses": 0, "sellingGeneralAndAdministrativeExpenses": 16339, "otherExpenses": 0, "operatingExpenses": 16339, "costAndExpenses": 16339, "interestIncome": 0, "interestExpense": 14160, "depreciationAndAmortization": 0, "ebitda": -16339, "ebitdaratio": 0, "operatingIncome": -16339, "operatingIncomeRatio": 0, "totalOtherIncomeExpensesNet": -14160, "incomeBeforeTax": -30499, "incomeBeforeTaxRatio": 0, "incomeTaxExpense": 800, "netIncome": -31299, "netIncomeRatio": 0, "eps": -0.0542, "epsdiluted": -0.0542, "weightedAverageShsOut": 577036, "weightedAverageShsOutDil": 577036, "link": "https://www.sec.gov/Archives/edgar/data/1015383/000107997313000222/0001079973-13-000222-index.htm", "finalLink": "https://www.sec.gov/Archives/edgar/data/1015383/000107997313000222/retro_10k-123112.htm", "calculatedOtherExpenses": 0, "calculatedOperatingExpenses": 16339, "calculatedNetInterest": -14160, "calculatedOtherIncome": 0, "calculatedIncomeNonControlling": 0, "calculatedEbitda": -16339}, {"date": "2011-12-31", "symbol": "POWWP", "reportedCurrency": "USD", "cik": "0001015383", "fillingDate": "2012-04-16", "acceptedDate": "2012-04-16 16:52:40", "calendarYear": "2012", "period": "FY", "revenue": 0, "costOfRevenue": 0, "grossProfit": 0, "grossProfitRatio": 0, "researchAndDevelopmentExpenses": 0, "generalAndAdministrativeExpenses": 12607, "sellingAndMarketingExpenses": 0, "sellingGeneralAndAdministrativeExpenses": 12607, "otherExpenses": 0, "operatingExpenses": 12607, "costAndExpenses": 12607, "interestIncome": 0, "interestExpense": 12837, "depreciationAndAmortization": 1, "ebitda": -12607, "ebitdaratio": 0, "operatingIncome": -12607, "operatingIncomeRatio": 0, "totalOtherIncomeExpensesNet": 1, "incomeBeforeTax": -25443, "incomeBeforeTaxRatio": 0, "incomeTaxExpense": 800, "netIncome": -26243, "netIncomeRatio": 0, "eps": -0.0455, "epsdiluted": -0.0455, "weightedAverageShsOut": 577036, "weightedAverageShsOutDil": 577036, "link": "https://www.sec.gov/Archives/edgar/data/1015383/000107997312000281/0001079973-12-000281-index.htm", "finalLink": "https://www.sec.gov/Archives/edgar/data/1015383/000107997312000281/retro_10k.htm", "calculatedOtherExpenses": 0, "calculatedOperatingExpenses": 12607, "calculatedNetInterest": -12837, "calculatedOtherIncome": 1, "calculatedIncomeNonControlling": 0, "calculatedEbitda": -12606}, {"date": "2010-12-31", "symbol": "POWWP", "reportedCurrency": "USD", "cik": "0001015383", "fillingDate": "2011-04-14", "acceptedDate": "2011-04-13 19:22:11", "calendarYear": "2011", "period": "FY", "revenue": 0, "costOfRevenue": 0, "grossProfit": 0, "grossProfitRatio": 0, "researchAndDevelopmentExpenses": 0, "generalAndAdministrativeExpenses": 21237, "sellingAndMarketingExpenses": 0, "sellingGeneralAndAdministrativeExpenses": 21237, "otherExpenses": 0, "operatingExpenses": 21237, "costAndExpenses": 21237, "interestIncome": 0, "interestExpense": 11488, "depreciationAndAmortization": 0, "ebitda": -21237, "ebitdaratio": 0, "operatingIncome": -21237, "operatingIncomeRatio": 0, "totalOtherIncomeExpensesNet": -11488, "incomeBeforeTax": -32725, "incomeBeforeTaxRatio": 0, "incomeTaxExpense": 1128, "netIncome": -33853, "netIncomeRatio": 0, "eps": -0.0587, "epsdiluted": -0.0587, "weightedAverageShsOut": 577036, "weightedAverageShsOutDil": 577036, "link": "https://www.sec.gov/Archives/edgar/data/1015383/000107997311000299/0001079973-11-000299-index.htm", "finalLink": "https://www.sec.gov/Archives/edgar/data/1015383/000107997311000299/retro_10k.htm", "calculatedOtherExpenses": 0, "calculatedOperatingExpenses": 21237, "calculatedNetInterest": -11488, "calculatedOtherIncome": 0, "calculatedIncomeNonControlling": 0, "calculatedEbitda": -21237}, {"date": "2009-12-31", "symbol": "POWWP", "reportedCurrency": "USD", "cik": "0001015383", "fillingDate": "2010-04-15", "acceptedDate": "2010-04-15 11:25:34", "calendarYear": "2010", "period": "FY", "revenue": 0, "costOfRevenue": 0, "grossProfit": 0, "grossProfitRatio": 0, "researchAndDevelopmentExpenses": 0, "generalAndAdministrativeExpenses": 0, "sellingAndMarketingExpenses": 0, "sellingGeneralAndAdministrativeExpenses": 17454, "otherExpenses": 0, "operatingExpenses": 17454, "costAndExpenses": 17454, "interestIncome": 0, "interestExpense": 11212, "depreciationAndAmortization": 0, "ebitda": -17454, "ebitdaratio": 0, "operatingIncome": -17454, "operatingIncomeRatio": 0, "totalOtherIncomeExpensesNet": -11212, "incomeBeforeTax": -28666, "incomeBeforeTaxRatio": 0, "incomeTaxExpense": 800, "netIncome": -29466, "netIncomeRatio": 0, "eps": -0.0511, "epsdiluted": -0.0511, "weightedAverageShsOut": 577036, "weightedAverageShsOutDil": 577036, "link": "https://www.sec.gov/Archives/edgar/data/1015383/000107997310000469/0001079973-10-000469-index.htm", "finalLink": "https://www.sec.gov/Archives/edgar/data/1015383/000107997310000469/retro_10k.htm", "calculatedOtherExpenses": 0, "calculatedOperatingExpenses": 17454, "calculatedNetInterest": -11212, "calculatedOtherIncome": 0, "calculatedIncomeNonControlling": 0, "calculatedEbitda": -17454}, {"date": "2008-12-31", "symbol": "POWWP", "reportedCurrency": "USD", "cik": "0001015383", "fillingDate": "2009-04-15", "acceptedDate": "2009-04-15 12:57:28", "calendarYear": "2009", "period": "FY", "revenue": 0, "costOfRevenue": 0, "grossProfit": 0, "grossProfitRatio": 0, "researchAndDevelopmentExpenses": 0, "generalAndAdministrativeExpenses": 0, "sellingAndMarketingExpenses": 0, "sellingGeneralAndAdministrativeExpenses": 27044, "otherExpenses": 0, "operatingExpenses": 27044, "costAndExpenses": 27044, "interestIncome": 0, "interestExpense": 8643, "depreciationAndAmortization": -8643, "ebitda": -27044, "ebitdaratio": 0, "operatingIncome": -27044, "operatingIncomeRatio": 0, "totalOtherIncomeExpensesNet": -8563, "incomeBeforeTax": -35607, "incomeBeforeTaxRatio": 0, "incomeTaxExpense": 590, "netIncome": -36277, "netIncomeRatio": 0, "eps": -0.0629, "epsdiluted": -0.0629, "weightedAverageShsOut": 577036, "weightedAverageShsOutDil": 577036, "link": "https://www.sec.gov/Archives/edgar/data/1015383/000107997309000372/0001079973-09-000372-index.htm", "finalLink": "https://www.sec.gov/Archives/edgar/data/1015383/000107997309000372/retro_10k-123108.txt", "calculatedOtherExpenses": 0, "calculatedOperatingExpenses": 27044, "calculatedNetInterest": -8643, "calculatedOtherIncome": 80, "calculatedIncomeNonControlling": 80, "calculatedEbitda": -35687}, {"date": "2007-12-31", "symbol": "POWWP", "reportedCurrency": "USD", "cik": "0001015383", "fillingDate": "2008-04-11", "acceptedDate": "2008-04-11 12:42:53", "calendarYear": "2008", "period": "FY", "revenue": 0, "costOfRevenue": 0, "grossProfit": 0, "grossProfitRatio": 0, "researchAndDevelopmentExpenses": 0, "generalAndAdministrativeExpenses": 0, "sellingAndMarketingExpenses": 0, "sellingGeneralAndAdministrativeExpenses": 43655, "otherExpenses": 0, "operatingExpenses": 43655, "costAndExpenses": 43655, "interestIncome": 0, "interestExpense": -136344, "depreciationAndAmortization": 136344, "ebitda": -180965, "ebitdaratio": 0, "operatingIncome": -43655, "operatingIncomeRatio": 0, "totalOtherIncomeExpensesNet": 137310, "incomeBeforeTax": 92689, "incomeBeforeTaxRatio": 0, "incomeTaxExpense": 800, "netIncome": 91889, "netIncomeRatio": 0, "eps": 0.5, "epsdiluted": 0.5, "weightedAverageShsOut": 209571, "weightedAverageShsOutDil": 209571, "link": "https://www.sec.gov/Archives/edgar/data/1015383/000110465908023877/0001104659-08-023877-index.htm", "finalLink": "https://www.sec.gov/Archives/edgar/data/1015383/000110465908023877/a08-10597_110ksb.htm", "calculatedOtherExpenses": 0, "calculatedOperatingExpenses": 43655, "calculatedNetInterest": 136344, "calculatedOtherIncome": 0, "calculatedIncomeNonControlling": 0, "calculatedEbitda": 92689}, {"date": "2006-12-31", "symbol": "POWWP", "reportedCurrency": "USD", "cik": "0001015383", "fillingDate": "2008-02-13", "acceptedDate": "2008-02-13 13:51:40", "calendarYear": "2007", "period": "FY", "revenue": 0, "costOfRevenue": 0, "grossProfit": 0, "grossProfitRatio": 0, "researchAndDevelopmentExpenses": 0, "generalAndAdministrativeExpenses": 0, "sellingAndMarketingExpenses": 0, "sellingGeneralAndAdministrativeExpenses": 25640, "otherExpenses": 0, "operatingExpenses": 25640, "costAndExpenses": 25640, "interestIncome": 0, "interestExpense": 0, "depreciationAndAmortization": 0, "ebitda": -25640, "ebitdaratio": 0, "operatingIncome": -25640, "operatingIncomeRatio": 0, "totalOtherIncomeExpensesNet": 0, "incomeBeforeTax": -25640, "incomeBeforeTaxRatio": 0, "incomeTaxExpense": 800, "netIncome": -26440, "netIncomeRatio": 0, "eps": -0.19, "epsdiluted": -0.19, "weightedAverageShsOut": 139196, "weightedAverageShsOutDil": 139196, "link": "https://www.sec.gov/Archives/edgar/data/1015383/000110465908009773/0001104659-08-009773-index.htm", "finalLink": "https://www.sec.gov/Archives/edgar/data/1015383/000110465908009773/a08-4550_110ksb.htm", "calculatedOtherExpenses": 0, "calculatedOperatingExpenses": 25640, "calculatedNetInterest": 0, "calculatedOtherIncome": 0, "calculatedIncomeNonControlling": 0, "calculatedEbitda": -25640}, {"date": "2005-12-31", "symbol": "POWWP", "reportedCurrency": "USD", "cik": "0001015383", "fillingDate": "2005-12-31", "acceptedDate": "2005-12-31 00:00:00", "calendarYear": "2006", "period": "FY", "revenue": 0, "costOfRevenue": 0, "grossProfit": 0, "grossProfitRatio": 0, "researchAndDevelopmentExpenses": 0, "generalAndAdministrativeExpenses": 0, "sellingAndMarketingExpenses": 0, "sellingGeneralAndAdministrativeExpenses": 708, "otherExpenses": 0, "operatingExpenses": 708, "costAndExpenses": 708, "interestIncome": 0, "interestExpense": 0, "depreciationAndAmortization": 0, "ebitda": -708, "ebitdaratio": 0, "operatingIncome": -708, "operatingIncomeRatio": 0, "totalOtherIncomeExpensesNet": 0, "incomeBeforeTax": -708, "incomeBeforeTaxRatio": 0, "incomeTaxExpense": 800, "netIncome": -1508, "netIncomeRatio": 0, "eps": -0.0108, "epsdiluted": -0.0108, "weightedAverageShsOut": 139196, "weightedAverageShsOutDil": 139196, "link": null, "finalLink": null, "calculatedOtherExpenses": 0, "calculatedOperatingExpenses": 708, "calculatedNetInterest": 0, "calculatedOtherIncome": 0, "calculatedIncomeNonControlling": 0, "calculatedEbitda": -708}, {"date": "2000-12-31", "symbol": "POWWP", "reportedCurrency": "USD", "cik": "0001015383", "fillingDate": "2000-12-31", "acceptedDate": "2000-12-31 00:00:00", "calendarYear": "2001", "period": "FY", "revenue": 17438305, "costOfRevenue": 16891498, "grossProfit": 546807, "grossProfitRatio": 0.03135666, "researchAndDevelopmentExpenses": 0, "generalAndAdministrativeExpenses": 2906734, "sellingAndMarketingExpenses": 794954, "sellingGeneralAndAdministrativeExpenses": 3701688, "otherExpenses": 357235, "operatingExpenses": 4058923, "costAndExpenses": 20950421, "interestIncome": 0, "interestExpense": 403756, "depreciationAndAmortization": 143535, "ebitda": -3378367, "ebitdaratio": -0.1937325331, "operatingIncome": -3512116, "operatingIncomeRatio": -0.2014023725, "totalOtherIncomeExpensesNet": 9786, "incomeBeforeTax": -3915872, "incomeBeforeTaxRatio": -0.2245557696, "incomeTaxExpense": -836000, "netIncome": -3079872, "netIncomeRatio": -0.1766153304, "eps": -23.75, "epsdiluted": -23.75, "weightedAverageShsOut": 129657, "weightedAverageShsOutDil": 129657, "link": null, "finalLink": null, "calculatedOtherExpenses": 357235, "calculatedOperatingExpenses": 4058923, "calculatedNetInterest": -403756, "calculatedOtherIncome": 0, "calculatedIncomeNonControlling": 0, "calculatedEbitda": -3368581}, {"date": "1999-12-31", "symbol": "POWWP", "reportedCurrency": "USD", "cik": "0001015383", "fillingDate": "2000-04-13", "acceptedDate": "2000-04-13 00:00:00", "calendarYear": "2000", "period": "FY", "revenue": 20207460, "costOfRevenue": 17522097, "grossProfit": 2685363, "grossProfitRatio": 0.1328896853, "researchAndDevelopmentExpenses": 0, "generalAndAdministrativeExpenses": 1715652, "sellingAndMarketingExpenses": 729189, "sellingGeneralAndAdministrativeExpenses": 2444841, "otherExpenses": 0, "operatingExpenses": 2444841, "costAndExpenses": 19966938, "interestIncome": 0, "interestExpense": -23778, "depreciationAndAmortization": 136907, "ebitda": 255075, "ebitdaratio": 0.0126228136, "operatingIncome": 240522, "operatingIncomeRatio": 0.011902634, "totalOtherIncomeExpensesNet": 122354, "incomeBeforeTax": 141946, "incomeBeforeTaxRatio": 0.0070244355, "incomeTaxExpense": 46000, "netIncome": 95946, "netIncomeRatio": 0.0047480485, "eps": 0.75, "epsdiluted": 0.75, "weightedAverageShsOut": 124127, "weightedAverageShsOutDil": 145926, "link": "https://www.sec.gov/Archives/edgar/data/1015383/000091205700017707/0000912057-00-017707-index.htm", "finalLink": "https://www.sec.gov/Archives/edgar/data/1015383/000091205700017707/0000912057-00-017707.txt", "calculatedOtherExpenses": 0, "calculatedOperatingExpenses": 2444841, "calculatedNetInterest": 23778, "calculatedOtherIncome": -122354, "calculatedIncomeNonControlling": 0, "calculatedEbitda": 377429}, {"date": "1998-12-31", "symbol": "POWWP", "reportedCurrency": "USD", "cik": "0001015383", "fillingDate": "1998-12-31", "acceptedDate": "1998-12-31 00:00:00", "calendarYear": "1999", "period": "FY", "revenue": 27534536, "costOfRevenue": 23991906, "grossProfit": 3542630, "grossProfitRatio": 0.1286613292, "researchAndDevelopmentExpenses": 0, "generalAndAdministrativeExpenses": 1460991, "sellingAndMarketingExpenses": 638893, "sellingGeneralAndAdministrativeExpenses": 2099884, "otherExpenses": 0, "operatingExpenses": 2099884, "costAndExpenses": 26091790, "interestIncome": 0, "interestExpense": -2164, "depreciationAndAmortization": 27940, "ebitda": 1397414, "ebitdaratio": 0.0507513183, "operatingIncome": 1442746, "operatingIncomeRatio": 0.052397687, "totalOtherIncomeExpensesNet": 73272, "incomeBeforeTax": 1444910, "incomeBeforeTaxRatio": 0.0524762792, "incomeTaxExpense": 629363, "netIncome": 815547, "netIncomeRatio": 0.0296190573, "eps": 7, "epsdiluted": 5.5, "weightedAverageShsOut": 114286, "weightedAverageShsOutDil": 145455, "link": null, "finalLink": null, "calculatedOtherExpenses": 0, "calculatedOperatingExpenses": 2099884, "calculatedNetInterest": 2164, "calculatedOtherIncome": 0, "calculatedIncomeNonControlling": 0, "calculatedEbitda": 1470686}, {"date": "1997-12-31", "symbol": "POWWP", "reportedCurrency": "USD", "cik": "0001015383", "fillingDate": "1998-03-25", "acceptedDate": "1998-03-25 00:00:00", "calendarYear": "1998", "period": "FY", "revenue": 19724751, "costOfRevenue": 16924565, "grossProfit": 2800186, "grossProfitRatio": 0.1419630595, "researchAndDevelopmentExpenses": 0, "generalAndAdministrativeExpenses": 659527, "sellingAndMarketingExpenses": 249728, "sellingGeneralAndAdministrativeExpenses": 909255, "otherExpenses": 0, "operatingExpenses": 909255, "costAndExpenses": 17833820, "interestIncome": 0, "interestExpense": -22512, "depreciationAndAmortization": 21217, "ebitda": 1865392, "ebitdaratio": 0.0945711305, "operatingIncome": 1890931, "operatingIncomeRatio": 0.0958658997, "totalOtherIncomeExpensesNet": 46756, "incomeBeforeTax": 1913443, "incomeBeforeTaxRatio": 0.0970072068, "incomeTaxExpense": 775000, "netIncome": 1138443, "netIncomeRatio": 0.05771647, "eps": 13.75, "epsdiluted": 12.5, "weightedAverageShsOut": 57143, "weightedAverageShsOutDil": 88000, "link": "https://www.sec.gov/Archives/edgar/data/1015383/000104746998011290/0001047469-98-011290-index.htm", "finalLink": "https://www.sec.gov/Archives/edgar/data/1015383/0001047469-98-011290.txt", "calculatedOtherExpenses": 0, "calculatedOperatingExpenses": 909255, "calculatedNetInterest": 22512, "calculatedOtherIncome": 0, "calculatedIncomeNonControlling": 0, "calculatedEbitda": 1912148}, {"date": "1996-12-31", "symbol": "POWWP", "reportedCurrency": "USD", "cik": "0001015383", "fillingDate": "1996-12-31", "acceptedDate": "1996-12-31 00:00:00", "calendarYear": "1997", "period": "FY", "revenue": 12900000, "costOfRevenue": 11000000, "grossProfit": 1900000, "grossProfitRatio": 0.1472868217, "researchAndDevelopmentExpenses": 0, "generalAndAdministrativeExpenses": 0, "sellingAndMarketingExpenses": 0, "sellingGeneralAndAdministrativeExpenses": 700000, "otherExpenses": 0, "operatingExpenses": 700000, "costAndExpenses": 11700000, "interestIncome": 0, "interestExpense": 0, "depreciationAndAmortization": 0, "ebitda": 1200000, "ebitdaratio": 0.0930232558, "operatingIncome": 1200000, "operatingIncomeRatio": 0.0930232558, "totalOtherIncomeExpensesNet": 0, "incomeBeforeTax": 1200000, "incomeBeforeTaxRatio": 0.0930232558, "incomeTaxExpense": 500000, "netIncome": 700000, "netIncomeRatio": 0.0542635659, "eps": 9.25, "epsdiluted": 9.25, "weightedAverageShsOut": 75676, "weightedAverageShsOutDil": 75676, "link": null, "finalLink": null, "calculatedOtherExpenses": 0, "calculatedOperatingExpenses": 700000, "calculatedNetInterest": 0, "calculatedOtherIncome": 0, "calculatedIncomeNonControlling": 0, "calculatedEbitda": 1200000}, {"date": "1995-12-31", "symbol": "POWWP", "reportedCurrency": "USD", "cik": "0001015383", "fillingDate": "1995-12-31", "acceptedDate": "1995-12-30 19:00:00", "calendarYear": "1996", "period": "FY", "revenue": 11380000, "costOfRevenue": 9980000, "grossProfit": 1400000, "grossProfitRatio": 0.1230228471, "researchAndDevelopmentExpenses": 0, "generalAndAdministrativeExpenses": 550000, "sellingAndMarketingExpenses": 0, "sellingGeneralAndAdministrativeExpenses": 550000, "otherExpenses": -10000.000000000931, "operatingExpenses": 539999.9999999991, "costAndExpenses": 10520000, "interestIncome": 0, "interestExpense": -20000, "depreciationAndAmortization": 20000, "ebitda": 840000, "ebitdaratio": 0.0738137083, "operatingIncome": 820000, "operatingIncomeRatio": 0.072056239, "totalOtherIncomeExpensesNet": 20000, "incomeBeforeTax": 840000, "incomeBeforeTaxRatio": 0.0738137083, "incomeTaxExpense": 170000, "netIncome": 670000, "netIncomeRatio": 0.0588752197, "eps": 9.57, "epsdiluted": 9.57, "weightedAverageShsOut": 70000, "weightedAverageShsOutDil": 70000, "link": "", "finalLink": "", "calculatedOtherExpenses": 30000, "calculatedOperatingExpenses": 580000, "calculatedNetInterest": 20000, "calculatedOtherIncome": 0, "calculatedIncomeNonControlling": 0, "calculatedEbitda": 840000}, {"date": "1994-12-31", "symbol": "POWWP", "reportedCurrency": "USD", "cik": "0001015383", "fillingDate": "1994-12-31", "acceptedDate": "1994-12-30 19:00:00", "calendarYear": "1995", "period": "FY", "revenue": 5520000, "costOfRevenue": 4830000, "grossProfit": 690000, "grossProfitRatio": 0.125, "researchAndDevelopmentExpenses": 0, "generalAndAdministrativeExpenses": 600000, "sellingAndMarketingExpenses": 0, "sellingGeneralAndAdministrativeExpenses": 600000, "otherExpenses": -3.4924596548080444e-10, "operatingExpenses": 599999.9999999997, "costAndExpenses": 5430000, "interestIncome": 0, "interestExpense": 0, "depreciationAndAmortization": 10000, "ebitda": 100000, "ebitdaratio": 0.018115942, "operatingIncome": 90000, "operatingIncomeRatio": 0.0163043478, "totalOtherIncomeExpensesNet": 0, "incomeBeforeTax": 90000, "incomeBeforeTaxRatio": 0.0163043478, "incomeTaxExpense": -180000, "netIncome": 270000, "netIncomeRatio": 0.0489130435, "eps": 3.86, "epsdiluted": 3.86, "weightedAverageShsOut": 70000, "weightedAverageShsOutDil": 70000, "link": "", "finalLink": "", "calculatedOtherExpenses": 0, "calculatedOperatingExpenses": 600000, "calculatedNetInterest": 0, "calculatedOtherIncome": 0, "calculatedIncomeNonControlling": 0, "calculatedEbitda": 100000}]}