{"originalCurrency": "USD", "convertedCurrency": "USD", "report": [{"date": "2023-12-31", "symbol": "PPBI", "reportedCurrency": "USD", "cik": "0001028918", "fillingDate": "2024-01-29", "acceptedDate": "2024-01-29 06:04:15", "calendarYear": "2023", "period": "FY", "revenue": 887985000, "costOfRevenue": 0, "grossProfit": 887985000, "grossProfitRatio": 1, "researchAndDevelopmentExpenses": 0, "generalAndAdministrativeExpenses": 225065000, "sellingAndMarketingExpenses": 7080000, "sellingGeneralAndAdministrativeExpenses": 7080000, "otherExpenses": -147122000, "operatingExpenses": 7080000, "costAndExpenses": 7080000, "interestIncome": -173918000, "interestExpense": 262946000, "depreciationAndAmortization": 12303000, "ebitda": 34041000, "ebitdaratio": 0.038335107, "operatingIncome": 34041000, "operatingIncomeRatio": 0.038335107, "totalOtherIncomeExpensesNet": 34041000, "incomeBeforeTax": 34041000, "incomeBeforeTaxRatio": 0.038335107, "incomeTaxExpense": 3189000, "netIncome": 30852000, "netIncomeRatio": 0.0347438301, "eps": 0.31, "epsdiluted": 0.31, "weightedAverageShsOut": 94113132, "weightedAverageShsOutDil": 94236875, "link": "https://www.sec.gov/Archives/edgar/data/1028918/000102891824000004/0001028918-24-000004-index.htm", "finalLink": "https://www.sec.gov/Archives/edgar/data/1028918/000102891824000004/ppbi_exx991xearnings-2023x.htm", "calculatedOtherExpenses": 846864000, "calculatedOperatingExpenses": 853944000, "calculatedNetInterest": -436864000, "calculatedOtherIncome": 436864000, "calculatedIncomeNonControlling": 0, "calculatedEbitda": 46344000}, {"date": "2022-12-31", "symbol": "PPBI", "reportedCurrency": "USD", "cik": "0001028918", "fillingDate": "2023-02-24", "acceptedDate": "2023-02-24 16:06:33", "calendarYear": "2022", "period": "FY", "revenue": 762602000, "costOfRevenue": 0, "grossProfit": 762602000, "grossProfitRatio": 1, "researchAndDevelopmentExpenses": 0, "generalAndAdministrativeExpenses": 231017000, "sellingAndMarketingExpenses": 7632000, "sellingGeneralAndAdministrativeExpenses": 238649000, "otherExpenses": -123992000, "operatingExpenses": 7632000, "costAndExpenses": 7632000, "interestIncome": 768578000, "interestExpense": 71466000, "depreciationAndAmortization": 13983000, "ebitda": 469807000, "ebitdaratio": 0.6160579175, "operatingIncome": 455824000, "operatingIncomeRatio": 0.5977220096, "totalOtherIncomeExpensesNet": -71466000, "incomeBeforeTax": 384358000, "incomeBeforeTaxRatio": 0.5040086441, "incomeTaxExpense": 100615000, "netIncome": 283743000, "netIncomeRatio": 0.3720721949, "eps": 2.99, "epsdiluted": 2.98, "weightedAverageShsOut": 93718293, "weightedAverageShsOutDil": 94091461, "link": "https://www.sec.gov/Archives/edgar/data/1028918/000102891823000015/0001028918-23-000015-index.htm", "finalLink": "https://www.sec.gov/Archives/edgar/data/1028918/000102891823000015/ppbi-20221231.htm", "calculatedOtherExpenses": 68129000, "calculatedOperatingExpenses": 306778000, "calculatedNetInterest": 697112000, "calculatedOtherIncome": -768578000, "calculatedIncomeNonControlling": 0, "calculatedEbitda": 469807000}, {"date": "2021-12-31", "symbol": "PPBI", "reportedCurrency": "USD", "cik": "0001028918", "fillingDate": "2022-02-25", "acceptedDate": "2022-02-25 16:34:08", "calendarYear": "2021", "period": "FY", "revenue": 750101000, "costOfRevenue": 0, "grossProfit": 750101000, "grossProfitRatio": 1, "researchAndDevelopmentExpenses": 0, "generalAndAdministrativeExpenses": 220964000, "sellingAndMarketingExpenses": 6917000, "sellingGeneralAndAdministrativeExpenses": 227881000, "otherExpenses": -517159000, "operatingExpenses": -289278000, "costAndExpenses": -289278000, "interestIncome": 696739000, "interestExpense": 34365000, "depreciationAndAmortization": 15936000, "ebitda": 476759000, "ebitdaratio": 0.6355930735, "operatingIncome": 460823000, "operatingIncomeRatio": 0.6143479345, "totalOtherIncomeExpensesNet": 460823000, "incomeBeforeTax": 460823000, "incomeBeforeTaxRatio": 0.6143479345, "incomeTaxExpense": 120934000, "netIncome": 339889000, "netIncomeRatio": 0.4531243126, "eps": 3.6, "epsdiluted": 3.58, "weightedAverageShsOut": 93532109, "weightedAverageShsOutDil": 94012137, "link": "https://www.sec.gov/Archives/edgar/data/1028918/000102891822000015/0001028918-22-000015-index.htm", "finalLink": "https://www.sec.gov/Archives/edgar/data/1028918/000102891822000015/ppbi-20211231.htm", "calculatedOtherExpenses": 61397000, "calculatedOperatingExpenses": 289278000, "calculatedNetInterest": 662374000, "calculatedOtherIncome": -662374000, "calculatedIncomeNonControlling": 0, "calculatedEbitda": 476759000}, {"date": "2020-12-31", "symbol": "PPBI", "reportedCurrency": "USD", "cik": "0001028918", "fillingDate": "2021-02-26", "acceptedDate": "2021-02-26 16:19:15", "calendarYear": "2020", "period": "FY", "revenue": 622305000, "costOfRevenue": 0, "grossProfit": 622305000, "grossProfitRatio": 1, "researchAndDevelopmentExpenses": 0, "generalAndAdministrativeExpenses": 184023000, "sellingAndMarketingExpenses": 5891000, "sellingGeneralAndAdministrativeExpenses": 189914000, "otherExpenses": -739618000, "operatingExpenses": -549704000, "costAndExpenses": -549704000, "interestIncome": 630726000, "interestExpense": 56515000, "depreciationAndAmortization": 17072000, "ebitda": 89673000, "ebitdaratio": 0.1440981512, "operatingIncome": 72601000, "operatingIncomeRatio": 0.116664658, "totalOtherIncomeExpensesNet": 72601000, "incomeBeforeTax": 72601000, "incomeBeforeTaxRatio": 0.116664658, "incomeTaxExpense": 12250000, "netIncome": 60351000, "netIncomeRatio": 0.0969797768, "eps": 0.75, "epsdiluted": 0.75, "weightedAverageShsOut": 79209560, "weightedAverageShsOutDil": 79506274, "link": "https://www.sec.gov/Archives/edgar/data/1028918/000102891821000023/0001028918-21-000023-index.htm", "finalLink": "https://www.sec.gov/Archives/edgar/data/1028918/000102891821000023/ppbi-20201231.htm", "calculatedOtherExpenses": 359790000, "calculatedOperatingExpenses": 549704000, "calculatedNetInterest": 574211000, "calculatedOtherIncome": -574211000, "calculatedIncomeNonControlling": 0, "calculatedEbitda": 89673000}, {"date": "2019-12-31", "symbol": "PPBI", "reportedCurrency": "USD", "cik": "0001028918", "fillingDate": "2020-02-28", "acceptedDate": "2020-02-28 16:28:36", "calendarYear": "2019", "period": "FY", "revenue": 463192000, "costOfRevenue": 0, "grossProfit": 463192000, "grossProfitRatio": 1, "researchAndDevelopmentExpenses": 0, "generalAndAdministrativeExpenses": 139951000, "sellingAndMarketingExpenses": 6402000, "sellingGeneralAndAdministrativeExpenses": 146353000, "otherExpenses": -391792000, "operatingExpenses": -245439000, "costAndExpenses": -245439000, "interestIncome": 526107000, "interestExpense": 78806000, "depreciationAndAmortization": 17245000, "ebitda": 234998000, "ebitdaratio": 0.5073446864, "operatingIncome": 217753000, "operatingIncomeRatio": 0.4701139052, "totalOtherIncomeExpensesNet": 217753000, "incomeBeforeTax": 217753000, "incomeBeforeTaxRatio": 0.4701139052, "incomeTaxExpense": 58035000, "netIncome": 159718000, "netIncomeRatio": 0.3448202905, "eps": 2.62, "epsdiluted": 2.6, "weightedAverageShsOut": 60339714, "weightedAverageShsOutDil": 60692281, "link": "https://www.sec.gov/Archives/edgar/data/1028918/000102891820000049/0001028918-20-000049-index.htm", "finalLink": "https://www.sec.gov/Archives/edgar/data/1028918/000102891820000049/ppbi201910k.htm", "calculatedOtherExpenses": 99086000, "calculatedOperatingExpenses": 245439000, "calculatedNetInterest": 447301000, "calculatedOtherIncome": -447301000, "calculatedIncomeNonControlling": 0, "calculatedEbitda": 234998000}, {"date": "2018-12-31", "symbol": "PPBI", "reportedCurrency": "USD", "cik": "0001028918", "fillingDate": "2019-03-01", "acceptedDate": "2019-02-28 19:31:18", "calendarYear": "2018", "period": "FY", "revenue": 410452000, "costOfRevenue": 0, "grossProfit": 410452000, "grossProfitRatio": 1, "researchAndDevelopmentExpenses": 0, "generalAndAdministrativeExpenses": 132888000, "sellingAndMarketingExpenses": 6151000, "sellingGeneralAndAdministrativeExpenses": 139039000, "otherExpenses": -346923000, "operatingExpenses": -189160000, "costAndExpenses": -189160000, "interestIncome": 448423000, "interestExpense": 55712000, "depreciationAndAmortization": 13594000, "ebitda": 242659000, "ebitdaratio": 0.5911994582, "operatingIncome": 221292000, "operatingIncomeRatio": 0.5391422139, "totalOtherIncomeExpensesNet": -55712000, "incomeBeforeTax": 165580000, "incomeBeforeTaxRatio": 0.4034089248, "incomeTaxExpense": 42240000, "netIncome": 123340000, "netIncomeRatio": 0.3004979876, "eps": 2.29, "epsdiluted": 2.26, "weightedAverageShsOut": 53963047, "weightedAverageShsOutDil": 54613057, "link": "https://www.sec.gov/Archives/edgar/data/1028918/000102891819000027/0001028918-19-000027-index.htm", "finalLink": "https://www.sec.gov/Archives/edgar/data/1028918/000102891819000027/ppbi201810k.htm", "calculatedOtherExpenses": 50121000, "calculatedOperatingExpenses": 189160000, "calculatedNetInterest": 392711000, "calculatedOtherIncome": -448423000, "calculatedIncomeNonControlling": 0, "calculatedEbitda": 234886000}, {"date": "2017-12-31", "symbol": "PPBI", "reportedCurrency": "USD", "cik": "0001028918", "fillingDate": "2018-02-28", "acceptedDate": "2018-02-28 16:54:15", "calendarYear": "2017", "period": "FY", "revenue": 269077000, "costOfRevenue": 0, "grossProfit": 269077000, "grossProfitRatio": 1, "researchAndDevelopmentExpenses": 0, "generalAndAdministrativeExpenses": 86289000, "sellingAndMarketingExpenses": 4436000, "sellingGeneralAndAdministrativeExpenses": 90725000, "otherExpenses": -47868000, "operatingExpenses": 4436000, "costAndExpenses": 4436000, "interestIncome": 270005000, "interestExpense": 22503000, "depreciationAndAmortization": 6144000, "ebitda": 135761000, "ebitdaratio": 0.5045433092, "operatingIncome": 129617000, "operatingIncomeRatio": 0.4817096965, "totalOtherIncomeExpensesNet": -27391000, "incomeBeforeTax": 102226000, "incomeBeforeTaxRatio": 0.3799135563, "incomeTaxExpense": 42126000, "netIncome": 60100000, "netIncomeRatio": 0.2233561397, "eps": 1.59, "epsdiluted": 1.56, "weightedAverageShsOut": 37705556, "weightedAverageShsOutDil": 38511261, "link": "https://www.sec.gov/Archives/edgar/data/1028918/000102891818000042/0001028918-18-000042-index.htm", "finalLink": "https://www.sec.gov/Archives/edgar/data/1028918/000102891818000042/ppbi201710k.htm", "calculatedOtherExpenses": 48735000, "calculatedOperatingExpenses": 139460000, "calculatedNetInterest": 247502000, "calculatedOtherIncome": -274893000, "calculatedIncomeNonControlling": 0, "calculatedEbitda": 135761000}, {"date": "2016-12-31", "symbol": "PPBI", "reportedCurrency": "USD", "cik": "0001028918", "fillingDate": "2017-03-16", "acceptedDate": "2017-03-16 07:44:31", "calendarYear": "2016", "period": "FY", "revenue": 165564000, "costOfRevenue": 0, "grossProfit": 165564000, "grossProfitRatio": 1, "researchAndDevelopmentExpenses": 0, "generalAndAdministrativeExpenses": 60744000, "sellingAndMarketingExpenses": 3981000, "sellingGeneralAndAdministrativeExpenses": 64725000, "otherExpenses": -31521000, "operatingExpenses": 3981000, "costAndExpenses": 3981000, "interestIncome": 166605000, "interestExpense": 13530000, "depreciationAndAmortization": 2039000, "ebitda": 83741000, "ebitdaratio": 0.505792322, "operatingIncome": 81702000, "operatingIncomeRatio": 0.4934768428, "totalOtherIncomeExpensesNet": -16384000, "incomeBeforeTax": 65318000, "incomeBeforeTaxRatio": 0.394518132, "incomeTaxExpense": 25215000, "netIncome": 40103000, "netIncomeRatio": 0.242220531, "eps": 1.49, "epsdiluted": 1.46, "weightedAverageShsOut": 26931634, "weightedAverageShsOutDil": 27439159, "link": "https://www.sec.gov/Archives/edgar/data/1028918/000102891817000074/0001028918-17-000074-index.htm", "finalLink": "https://www.sec.gov/Archives/edgar/data/1028918/000102891817000074/ppbi201610k.htm", "calculatedOtherExpenses": 19137000, "calculatedOperatingExpenses": 83862000, "calculatedNetInterest": 153075000, "calculatedOtherIncome": -169459000, "calculatedIncomeNonControlling": 0, "calculatedEbitda": 83741000}, {"date": "2015-12-31", "symbol": "PPBI", "reportedCurrency": "USD", "cik": "0001028918", "fillingDate": "2016-03-04", "acceptedDate": "2016-03-04 16:02:34", "calendarYear": "2015", "period": "FY", "revenue": 115829000, "costOfRevenue": 0, "grossProfit": 115829000, "grossProfitRatio": 1, "researchAndDevelopmentExpenses": 0, "generalAndAdministrativeExpenses": 44653000, "sellingAndMarketingExpenses": 2305000, "sellingGeneralAndAdministrativeExpenses": 46958000, "otherExpenses": 0, "operatingExpenses": 2305000, "costAndExpenses": 2305000, "interestIncome": 118356000, "interestExpense": 12057000, "depreciationAndAmortization": 1350000, "ebitda": 56563000, "ebitdaratio": 0.4883319376, "operatingIncome": 55213000, "operatingIncomeRatio": 0.4766768253, "totalOtherIncomeExpensesNet": -14489000, "incomeBeforeTax": 40724000, "incomeBeforeTaxRatio": 0.3515872536, "incomeTaxExpense": 15209000, "netIncome": 25515000, "netIncomeRatio": 0.220281622, "eps": 1.21, "epsdiluted": 1.19, "weightedAverageShsOut": 21156668, "weightedAverageShsOutDil": 21488698, "link": "https://www.sec.gov/Archives/edgar/data/1028918/000102891816000161/0001028918-16-000161-index.htm", "finalLink": "https://www.sec.gov/Archives/edgar/data/1028918/000102891816000161/ppbi201510k.htm", "calculatedOtherExpenses": 13658000, "calculatedOperatingExpenses": 60616000, "calculatedNetInterest": 106299000, "calculatedOtherIncome": -120788000, "calculatedIncomeNonControlling": 0, "calculatedEbitda": 56563000}, {"date": "2014-12-31", "symbol": "PPBI", "reportedCurrency": "USD", "cik": "0001028918", "fillingDate": "2015-03-16", "acceptedDate": "2015-03-16 14:22:23", "calendarYear": "2014", "period": "FY", "revenue": 83200000, "costOfRevenue": 0, "grossProfit": 83200000, "grossProfitRatio": 1, "researchAndDevelopmentExpenses": 0, "generalAndAdministrativeExpenses": 33872000, "sellingAndMarketingExpenses": 1208000, "sellingGeneralAndAdministrativeExpenses": 35080000, "otherExpenses": 0, "operatingExpenses": 1208000, "costAndExpenses": 1208000, "interestIncome": 80324000, "interestExpense": 7704000, "depreciationAndAmortization": 2198000, "ebitda": 37237000, "ebitdaratio": 0.4475600962, "operatingIncome": 35039000, "operatingIncomeRatio": 0.4211418269, "totalOtherIncomeExpensesNet": -7704000, "incomeBeforeTax": 27335000, "incomeBeforeTaxRatio": 0.3285456731, "incomeTaxExpense": 10719000, "netIncome": 16616000, "netIncomeRatio": 0.1997115385, "eps": 0.97, "epsdiluted": 0.96, "weightedAverageShsOut": 17046660, "weightedAverageShsOutDil": 17343977, "link": "https://www.sec.gov/Archives/edgar/data/1028918/000102891815000008/0001028918-15-000008-index.htm", "finalLink": "https://www.sec.gov/Archives/edgar/data/1028918/000102891815000008/ppbi_2014-10k.htm", "calculatedOtherExpenses": 13081000, "calculatedOperatingExpenses": 48161000, "calculatedNetInterest": 72620000, "calculatedOtherIncome": -80324000, "calculatedIncomeNonControlling": 0, "calculatedEbitda": 37237000}, {"date": "2013-12-31", "symbol": "PPBI", "reportedCurrency": "USD", "cik": "0001028918", "fillingDate": "2014-03-17", "acceptedDate": "2014-03-17 11:46:54", "calendarYear": "2013", "period": "FY", "revenue": 64428000, "costOfRevenue": 0, "grossProfit": 64428000, "grossProfitRatio": 1, "researchAndDevelopmentExpenses": 0, "generalAndAdministrativeExpenses": 28160000, "sellingAndMarketingExpenses": 1088000, "sellingGeneralAndAdministrativeExpenses": 29248000, "otherExpenses": 0, "operatingExpenses": 1088000, "costAndExpenses": 1088000, "interestIncome": 63518000, "interestExpense": 5356000, "depreciationAndAmortization": 1948000, "ebitda": 21884000, "ebitdaratio": 0.3396659837, "operatingIncome": 19936000, "operatingIncomeRatio": 0.3094306823, "totalOtherIncomeExpensesNet": -5356000, "incomeBeforeTax": 14580000, "incomeBeforeTaxRatio": 0.2262991246, "incomeTaxExpense": 5587000, "netIncome": 8993000, "netIncomeRatio": 0.1395821692, "eps": 0.57, "epsdiluted": 0.54, "weightedAverageShsOut": 15798885, "weightedAverageShsOutDil": 16609954, "link": "https://www.sec.gov/Archives/edgar/data/1028918/000102891814000011/0001028918-14-000011-index.htm", "finalLink": "https://www.sec.gov/Archives/edgar/data/1028918/000102891814000011/ppbi_2013-10k.htm", "calculatedOtherExpenses": 15244000, "calculatedOperatingExpenses": 44492000, "calculatedNetInterest": 58162000, "calculatedOtherIncome": -63518000, "calculatedIncomeNonControlling": 0, "calculatedEbitda": 21884000}, {"date": "2012-12-31", "symbol": "PPBI", "reportedCurrency": "USD", "cik": "0001028918", "fillingDate": "2013-03-14", "acceptedDate": "2013-03-14 17:08:44", "calendarYear": "2012", "period": "FY", "revenue": 58370000, "costOfRevenue": 0, "grossProfit": 58370000, "grossProfitRatio": 1, "researchAndDevelopmentExpenses": 0, "generalAndAdministrativeExpenses": 20115000, "sellingAndMarketingExpenses": 858000, "sellingGeneralAndAdministrativeExpenses": 20973000, "otherExpenses": 0, "operatingExpenses": 858000, "costAndExpenses": 858000, "interestIncome": 52947000, "interestExpense": 7149000, "depreciationAndAmortization": 1358000, "ebitda": 34272000, "ebitdaratio": 0.5871509337, "operatingIncome": 32914000, "operatingIncomeRatio": 0.5638855576, "totalOtherIncomeExpensesNet": -7149000, "incomeBeforeTax": 25765000, "incomeBeforeTaxRatio": 0.4414082577, "incomeTaxExpense": 9989000, "netIncome": 15776000, "netIncomeRatio": 0.2702758266, "eps": 1.49, "epsdiluted": 1.44, "weightedAverageShsOut": 10571073, "weightedAverageShsOutDil": 10984034, "link": "https://www.sec.gov/Archives/edgar/data/1028918/000102891813000022/0001028918-13-000022-index.htm", "finalLink": "https://www.sec.gov/Archives/edgar/data/1028918/000102891813000022/ppbi_2012-10k.htm", "calculatedOtherExpenses": 4483000, "calculatedOperatingExpenses": 25456000, "calculatedNetInterest": 45798000, "calculatedOtherIncome": -52947000, "calculatedIncomeNonControlling": 0, "calculatedEbitda": 34272000}, {"date": "2011-12-31", "symbol": "PPBI", "reportedCurrency": "USD", "cik": "0001028918", "fillingDate": "2012-03-30", "acceptedDate": "2012-03-30 11:25:51", "calendarYear": "2011", "period": "FY", "revenue": 47759000, "costOfRevenue": 0, "grossProfit": 47759000, "grossProfitRatio": 1, "researchAndDevelopmentExpenses": 0, "generalAndAdministrativeExpenses": 17780000, "sellingAndMarketingExpenses": 1287000, "sellingGeneralAndAdministrativeExpenses": 19067000, "otherExpenses": 617000, "operatingExpenses": 1287000, "costAndExpenses": 1287000, "interestIncome": 50225000, "interestExpense": 9596000, "depreciationAndAmortization": 1203000, "ebitda": 27782000, "ebitdaratio": 0.5817123474, "operatingIncome": 26579000, "operatingIncomeRatio": 0.5565233778, "totalOtherIncomeExpensesNet": -9596000, "incomeBeforeTax": 16983000, "incomeBeforeTaxRatio": 0.3555978978, "incomeTaxExpense": 6411000, "netIncome": 10572000, "netIncomeRatio": 0.2213614188, "eps": 1.05, "epsdiluted": 0.99, "weightedAverageShsOut": 10092181, "weightedAverageShsOutDil": 10630720, "link": "https://www.sec.gov/Archives/edgar/data/1028918/000102891812000012/0001028918-12-000012-index.htm", "finalLink": "https://www.sec.gov/Archives/edgar/data/1028918/000102891812000012/ppbi_2011-10k.htm", "calculatedOtherExpenses": 2113000, "calculatedOperatingExpenses": 21180000, "calculatedNetInterest": 40629000, "calculatedOtherIncome": -50225000, "calculatedIncomeNonControlling": 0, "calculatedEbitda": 27782000}, {"date": "2010-12-31", "symbol": "PPBI", "reportedCurrency": "USD", "cik": "0001028918", "fillingDate": "2011-03-30", "acceptedDate": "2011-03-30 16:26:30", "calendarYear": "2010", "period": "FY", "revenue": 28448000, "costOfRevenue": 0, "grossProfit": 28448000, "grossProfitRatio": 1, "researchAndDevelopmentExpenses": 0, "generalAndAdministrativeExpenses": 12211000, "sellingAndMarketingExpenses": 786000, "sellingGeneralAndAdministrativeExpenses": 12997000, "otherExpenses": 1087000, "operatingExpenses": 786000, "costAndExpenses": 786000, "interestIncome": 41103000, "interestExpense": 12666000, "depreciationAndAmortization": 991000, "ebitda": 19978000, "ebitdaratio": 0.7022637795, "operatingIncome": 18987000, "operatingIncomeRatio": 0.6674282902, "totalOtherIncomeExpensesNet": -12666000, "incomeBeforeTax": 6321000, "incomeBeforeTaxRatio": 0.2221948819, "incomeTaxExpense": 2083000, "netIncome": 4238000, "netIncomeRatio": 0.1489735658, "eps": 0.42, "epsdiluted": 0.38, "weightedAverageShsOut": 10033836, "weightedAverageShsOutDil": 11057404, "link": "https://www.sec.gov/Archives/edgar/data/1028918/000102891811000020/0001028918-11-000020-index.htm", "finalLink": "https://www.sec.gov/Archives/edgar/data/1028918/000102891811000020/ppbi_10k-2010.htm", "calculatedOtherExpenses": -3536000, "calculatedOperatingExpenses": 9461000, "calculatedNetInterest": 28437000, "calculatedOtherIncome": -41103000, "calculatedIncomeNonControlling": 0, "calculatedEbitda": 19978000}, {"date": "2009-12-31", "symbol": "PPBI", "reportedCurrency": "USD", "cik": "0001028918", "fillingDate": "2010-03-29", "acceptedDate": "2010-03-29 16:32:42", "calendarYear": "2009", "period": "FY", "revenue": 25912000, "costOfRevenue": 0, "grossProfit": 25912000, "grossProfitRatio": 1, "researchAndDevelopmentExpenses": 0, "generalAndAdministrativeExpenses": 11154000, "sellingAndMarketingExpenses": 664000, "sellingGeneralAndAdministrativeExpenses": 11818000, "otherExpenses": 2030000, "operatingExpenses": 664000, "costAndExpenses": 664000, "interestIncome": 43439000, "interestExpense": 20254000, "depreciationAndAmortization": 1017000, "ebitda": 20724000, "ebitdaratio": 0.7997838839, "operatingIncome": 19707000, "operatingIncomeRatio": 0.7605356592, "totalOtherIncomeExpensesNet": -20254000, "incomeBeforeTax": -547000, "incomeBeforeTaxRatio": -0.0211099105, "incomeTaxExpense": -87000, "netIncome": -460000, "netIncomeRatio": -0.0177523927, "eps": -0.0815, "epsdiluted": -0.0815, "weightedAverageShsOut": 5642589, "weightedAverageShsOutDil": 5642589, "link": "https://www.sec.gov/Archives/edgar/data/1028918/000102891810000009/0001028918-10-000009-index.htm", "finalLink": "https://www.sec.gov/Archives/edgar/data/1028918/000102891810000009/ppbi_2009-10k.htm", "calculatedOtherExpenses": -5613000, "calculatedOperatingExpenses": 6205000, "calculatedNetInterest": 23185000, "calculatedOtherIncome": -43439000, "calculatedIncomeNonControlling": 0, "calculatedEbitda": 20724000}, {"date": "2008-12-31", "symbol": "PPBI", "reportedCurrency": "USD", "cik": "0001028918", "fillingDate": "2009-10-09", "acceptedDate": "2009-10-09 16:16:06", "calendarYear": "2008", "period": "FY", "revenue": 18946000, "costOfRevenue": 0, "grossProfit": 18946000, "grossProfitRatio": 1, "researchAndDevelopmentExpenses": 0, "generalAndAdministrativeExpenses": 8986000, "sellingAndMarketingExpenses": 781000, "sellingGeneralAndAdministrativeExpenses": 9767000, "otherExpenses": -2568000, "operatingExpenses": 7199000, "costAndExpenses": 7199000, "interestIncome": 46522000, "interestExpense": 25404000, "depreciationAndAmortization": 817000, "ebitda": 26962000, "ebitdaratio": 1.4230972237, "operatingIncome": 26145000, "operatingIncomeRatio": 1.3799746648, "totalOtherIncomeExpensesNet": -25404000, "incomeBeforeTax": 741000, "incomeBeforeTaxRatio": 0.039111158, "incomeTaxExpense": 33000, "netIncome": 708000, "netIncomeRatio": 0.0373693656, "eps": 0.14, "epsdiluted": 0.11, "weightedAverageShsOut": 4948359, "weightedAverageShsOutDil": 6210387, "link": "https://www.sec.gov/Archives/edgar/data/1028918/000110465909058503/0001104659-09-058503-index.htm", "finalLink": "https://www.sec.gov/Archives/edgar/data/1028918/000110465909058503/a09-30694_110ka.htm", "calculatedOtherExpenses": -16966000, "calculatedOperatingExpenses": -7199000, "calculatedNetInterest": 21118000, "calculatedOtherIncome": -46522000, "calculatedIncomeNonControlling": 0, "calculatedEbitda": 26962000}, {"date": "2007-12-31", "symbol": "PPBI", "reportedCurrency": "USD", "cik": "0001028918", "fillingDate": "2007-12-31", "acceptedDate": "2007-12-30 19:00:00", "calendarYear": "2007", "period": "FY", "revenue": 24625000, "costOfRevenue": 0, "grossProfit": 24625000, "grossProfitRatio": 1, "researchAndDevelopmentExpenses": 0, "generalAndAdministrativeExpenses": 10479000, "sellingAndMarketingExpenses": 713000, "sellingGeneralAndAdministrativeExpenses": 11192000, "otherExpenses": 1075000, "operatingExpenses": 12267000, "costAndExpenses": 12267000, "interestIncome": 49432000, "interestExpense": 31166000, "depreciationAndAmortization": 812000, "ebitda": 37704000, "ebitdaratio": 1.5311269036, "operatingIncome": 36892000, "operatingIncomeRatio": 1.4981522843, "totalOtherIncomeExpensesNet": -31166000, "incomeBeforeTax": 5726000, "incomeBeforeTaxRatio": 0.2325279188, "incomeTaxExpense": 2107000, "netIncome": 3619000, "netIncomeRatio": 0.146964467, "eps": 0.7, "epsdiluted": 0.55, "weightedAverageShsOut": 5189104, "weightedAverageShsOutDil": 6524753, "link": "", "finalLink": "", "calculatedOtherExpenses": -23459000, "calculatedOperatingExpenses": -12267000, "calculatedNetInterest": 18266000, "calculatedOtherIncome": -49432000, "calculatedIncomeNonControlling": 0, "calculatedEbitda": 37704000}, {"date": "2006-12-31", "symbol": "PPBI", "reportedCurrency": "USD", "cik": "0001028918", "fillingDate": "2007-04-02", "acceptedDate": "2007-04-02 16:09:16", "calendarYear": "2006", "period": "FY", "revenue": 23640000, "costOfRevenue": 0, "grossProfit": 23640000, "grossProfitRatio": 1, "researchAndDevelopmentExpenses": 0, "generalAndAdministrativeExpenses": 9231000, "sellingAndMarketingExpenses": 693000, "sellingGeneralAndAdministrativeExpenses": 9924000, "otherExpenses": 0, "operatingExpenses": 693000, "costAndExpenses": 693000, "interestIncome": 44128000, "interestExpense": 27003000, "depreciationAndAmortization": 532000, "ebitda": 35413000, "ebitdaratio": 1.4980118443, "operatingIncome": 34881000, "operatingIncomeRatio": 1.4755076142, "totalOtherIncomeExpensesNet": -27003000, "incomeBeforeTax": 7878000, "incomeBeforeTaxRatio": 0.333248731, "incomeTaxExpense": 450000, "netIncome": 7428000, "netIncomeRatio": 0.314213198, "eps": 1.41, "epsdiluted": 1.11, "weightedAverageShsOut": 5261897, "weightedAverageShsOutDil": 6684915, "link": "https://www.sec.gov/Archives/edgar/data/1028918/000110465907024877/0001104659-07-024877-index.htm", "finalLink": "https://www.sec.gov/Archives/edgar/data/1028918/000110465907024877/a07-5718_110k.htm", "calculatedOtherExpenses": -21165000, "calculatedOperatingExpenses": -11241000, "calculatedNetInterest": 17125000, "calculatedOtherIncome": -44128000, "calculatedIncomeNonControlling": 0, "calculatedEbitda": 35413000}, {"date": "2005-12-31", "symbol": "PPBI", "reportedCurrency": "USD", "cik": "0001028918", "fillingDate": "2006-03-31", "acceptedDate": "2006-03-31 14:01:02", "calendarYear": "2005", "period": "FY", "revenue": 21266000, "costOfRevenue": 0, "grossProfit": 21266000, "grossProfitRatio": 1, "researchAndDevelopmentExpenses": 0, "generalAndAdministrativeExpenses": 7612000, "sellingAndMarketingExpenses": 0, "sellingGeneralAndAdministrativeExpenses": 7612000, "otherExpenses": -3650000, "operatingExpenses": 3962000, "costAndExpenses": 3962000, "interestIncome": 33707000, "interestExpense": 16571000, "depreciationAndAmortization": 344000, "ebitda": 25572000, "ebitdaratio": 1.2024828365, "operatingIncome": 25228000, "operatingIncomeRatio": 1.1863067808, "totalOtherIncomeExpensesNet": -16571000, "incomeBeforeTax": 8657000, "incomeBeforeTaxRatio": 0.4070817267, "incomeTaxExpense": 1436000, "netIncome": 7221000, "netIncomeRatio": 0.3395560989, "eps": 1.37, "epsdiluted": 1.08, "weightedAverageShsOut": 5256906, "weightedAverageShsOutDil": 6658240, "link": "https://www.sec.gov/Archives/edgar/data/1028918/000110465906021143/0001104659-06-021143-index.htm", "finalLink": "https://www.sec.gov/Archives/edgar/data/1028918/000110465906021143/a06-2310_110k.htm", "calculatedOtherExpenses": -11574000, "calculatedOperatingExpenses": -3962000, "calculatedNetInterest": 17136000, "calculatedOtherIncome": -33707000, "calculatedIncomeNonControlling": 0, "calculatedEbitda": 25572000}, {"date": "2004-12-31", "symbol": "PPBI", "reportedCurrency": "USD", "cik": "0001028918", "fillingDate": "2005-03-30", "acceptedDate": "2005-03-30 09:10:58", "calendarYear": "2004", "period": "FY", "revenue": 19652000, "costOfRevenue": 0, "grossProfit": 19652000, "grossProfitRatio": 1, "researchAndDevelopmentExpenses": 0, "generalAndAdministrativeExpenses": 6850000, "sellingAndMarketingExpenses": 0, "sellingGeneralAndAdministrativeExpenses": 6850000, "otherExpenses": -10972000, "operatingExpenses": -4122000, "costAndExpenses": -4122000, "interestIncome": 23223000, "interestExpense": 7817000, "depreciationAndAmortization": 446000, "ebitda": 15976000, "ebitdaratio": 0.8129452473, "operatingIncome": 15530000, "operatingIncomeRatio": 0.7902503562, "totalOtherIncomeExpensesNet": -7817000, "incomeBeforeTax": 7713000, "incomeBeforeTaxRatio": 0.392479137, "incomeTaxExpense": 972000, "netIncome": 6741000, "netIncomeRatio": 0.3430185223, "eps": 1.28, "epsdiluted": 1.02, "weightedAverageShsOut": 5256334, "weightedAverageShsOutDil": 6622735, "link": "https://www.sec.gov/Archives/edgar/data/1028918/000110465905013568/0001104659-05-013568-index.htm", "finalLink": "https://www.sec.gov/Archives/edgar/data/1028918/000110465905013568/a05-3969_110k.htm", "calculatedOtherExpenses": -2728000, "calculatedOperatingExpenses": 4122000, "calculatedNetInterest": 15406000, "calculatedOtherIncome": -23223000, "calculatedIncomeNonControlling": 0, "calculatedEbitda": 15976000}, {"date": "2003-12-31", "symbol": "PPBI", "reportedCurrency": "USD", "cik": "0001028918", "fillingDate": "2004-03-15", "acceptedDate": "2004-03-15 17:28:16", "calendarYear": "2003", "period": "FY", "revenue": 11906000, "costOfRevenue": 0, "grossProfit": 11906000, "grossProfitRatio": 1, "researchAndDevelopmentExpenses": 0, "generalAndAdministrativeExpenses": 5041000, "sellingAndMarketingExpenses": 0, "sellingGeneralAndAdministrativeExpenses": 5041000, "otherExpenses": -7822000, "operatingExpenses": -2781000, "costAndExpenses": -2781000, "interestIncome": 17248000, "interestExpense": 7657000, "depreciationAndAmortization": 510000, "ebitda": 9635000, "ebitdaratio": 0.8092558374, "operatingIncome": 9125000, "operatingIncomeRatio": 0.7664202923, "totalOtherIncomeExpensesNet": -7657000, "incomeBeforeTax": 1468000, "incomeBeforeTaxRatio": 0.1232991769, "incomeTaxExpense": -597000, "netIncome": 2065000, "netIncomeRatio": 0.173441962, "eps": 0.96, "epsdiluted": 0.61, "weightedAverageShsOut": 2161314, "weightedAverageShsOutDil": 3399376, "link": "https://www.sec.gov/Archives/edgar/data/1028918/000104746904008057/0001047469-04-008057-index.htm", "finalLink": "https://www.sec.gov/Archives/edgar/data/1028918/000104746904008057/a2130934z10-k.htm", "calculatedOtherExpenses": -2260000, "calculatedOperatingExpenses": 2781000, "calculatedNetInterest": 9591000, "calculatedOtherIncome": -17248000, "calculatedIncomeNonControlling": 0, "calculatedEbitda": 9635000}, {"date": "2002-12-31", "symbol": "PPBI", "reportedCurrency": "USD", "cik": "0001028918", "fillingDate": "2003-03-31", "acceptedDate": "2003-03-31 15:45:48", "calendarYear": "2002", "period": "FY", "revenue": 11831000, "costOfRevenue": 0, "grossProfit": 11831000, "grossProfitRatio": 1, "researchAndDevelopmentExpenses": 0, "generalAndAdministrativeExpenses": 4448000, "sellingAndMarketingExpenses": 0, "sellingGeneralAndAdministrativeExpenses": 4448000, "otherExpenses": -16540000, "operatingExpenses": -12092000, "costAndExpenses": -12092000, "interestIncome": 18872000, "interestExpense": 8910000, "depreciationAndAmortization": 840000, "ebitda": 10283000, "ebitdaratio": 0.8691572986, "operatingIncome": -261000, "operatingIncomeRatio": -0.022060688, "totalOtherIncomeExpensesNet": 794000, "incomeBeforeTax": 533000, "incomeBeforeTaxRatio": 0.0450511368, "incomeTaxExpense": -2345000, "netIncome": 2878000, "netIncomeRatio": 0.2432592342, "eps": 2.16, "epsdiluted": 1.16, "weightedAverageShsOut": 1333572, "weightedAverageShsOutDil": 2476648, "link": "https://www.sec.gov/Archives/edgar/data/1028918/000091205703000168/0000912057-03-000168-index.htm", "finalLink": "https://www.sec.gov/Archives/edgar/data/1028918/000091205703000168/a2106832z10-k.htm", "calculatedOtherExpenses": 7644000, "calculatedOperatingExpenses": 12092000, "calculatedNetInterest": 9962000, "calculatedOtherIncome": -9168000, "calculatedIncomeNonControlling": 0, "calculatedEbitda": 579000}, {"date": "2001-12-31", "symbol": "PPBI", "reportedCurrency": "USD", "cik": "0001028918", "fillingDate": "2002-03-29", "acceptedDate": "2002-03-29 00:00:00", "calendarYear": "2001", "period": "FY", "revenue": 12243000, "costOfRevenue": 0, "grossProfit": 12243000, "grossProfitRatio": 1, "researchAndDevelopmentExpenses": 0, "generalAndAdministrativeExpenses": 5448000, "sellingAndMarketingExpenses": 0, "sellingGeneralAndAdministrativeExpenses": 5448000, "otherExpenses": -17289000, "operatingExpenses": -11841000, "costAndExpenses": -11841000, "interestIncome": 24442000, "interestExpense": 16191000, "depreciationAndAmortization": 1219000, "ebitda": 12000000, "ebitdaratio": 0.9801519235, "operatingIncome": 402000, "operatingIncomeRatio": 0.0328350894, "totalOtherIncomeExpensesNet": -5812000, "incomeBeforeTax": -5410000, "incomeBeforeTaxRatio": -0.4418851589, "incomeTaxExpense": 642000, "netIncome": -6052000, "netIncomeRatio": -0.4943232868, "eps": -4.54, "epsdiluted": -4.54, "weightedAverageShsOut": 1333630, "weightedAverageShsOutDil": 1333630, "link": "https://www.sec.gov/Archives/edgar/data/1028918/000091205702012619/0000912057-02-012619-index.htm", "finalLink": "https://www.sec.gov/Archives/edgar/data/1028918/000091205702012619/a2074536z10-k.htm", "calculatedOtherExpenses": 6393000, "calculatedOperatingExpenses": 11841000, "calculatedNetInterest": 8251000, "calculatedOtherIncome": -14063000, "calculatedIncomeNonControlling": 0, "calculatedEbitda": 1621000}, {"date": "2000-12-31", "symbol": "PPBI", "reportedCurrency": "USD", "cik": "0001028918", "fillingDate": "2001-04-02", "acceptedDate": "2001-04-02 00:00:00", "calendarYear": "2000", "period": "FY", "revenue": 13106000, "costOfRevenue": 0, "grossProfit": 13106000, "grossProfitRatio": 1, "researchAndDevelopmentExpenses": 0, "generalAndAdministrativeExpenses": 10848000, "sellingAndMarketingExpenses": 0, "sellingGeneralAndAdministrativeExpenses": 10848000, "otherExpenses": -29638000, "operatingExpenses": -18790000, "costAndExpenses": -18790000, "interestIncome": 42483000, "interestExpense": 28446000, "depreciationAndAmortization": 3040000, "ebitda": 13707000, "ebitdaratio": 1.0458568595, "operatingIncome": -5684000, "operatingIncomeRatio": -0.4336944911, "totalOtherIncomeExpensesNet": -12095000, "incomeBeforeTax": -17779000, "incomeBeforeTaxRatio": -1.35655425, "incomeTaxExpense": 3003000, "netIncome": -20782000, "netIncomeRatio": -1.5856859454, "eps": -77.91, "epsdiluted": -77.91, "weightedAverageShsOut": 266729, "weightedAverageShsOutDil": 266729, "link": "https://www.sec.gov/Archives/edgar/data/1028918/000091205701506543/0000912057-01-506543-index.htm", "finalLink": "https://www.sec.gov/Archives/edgar/data/1028918/000091205701506543/a2042948z10-k.htm", "calculatedOtherExpenses": 7942000, "calculatedOperatingExpenses": 18790000, "calculatedNetInterest": 14037000, "calculatedOtherIncome": -26132000, "calculatedIncomeNonControlling": 0, "calculatedEbitda": -2644000}, {"date": "1999-12-31", "symbol": "PPBI", "reportedCurrency": "USD", "cik": "0001028918", "fillingDate": "2000-04-03", "acceptedDate": "2000-04-03 00:00:00", "calendarYear": "1999", "period": "FY", "revenue": 37700000, "costOfRevenue": 0, "grossProfit": 37700000, "grossProfitRatio": 1, "researchAndDevelopmentExpenses": 0, "generalAndAdministrativeExpenses": 12400000, "sellingAndMarketingExpenses": 0, "sellingGeneralAndAdministrativeExpenses": 12400000, "otherExpenses": -53700000, "operatingExpenses": -41300000, "costAndExpenses": -41300000, "interestIncome": 46400000, "interestExpense": 25600000, "depreciationAndAmortization": 7000000, "ebitda": 3400000, "ebitdaratio": 0.0901856764, "operatingIncome": -3600000, "operatingIncomeRatio": -0.0954907162, "totalOtherIncomeExpensesNet": -25600000, "incomeBeforeTax": -29200000, "incomeBeforeTaxRatio": -0.774535809, "incomeTaxExpense": -11400000, "netIncome": -17800000, "netIncomeRatio": -0.4721485411, "eps": -67.68, "epsdiluted": -67.68, "weightedAverageShsOut": 263007, "weightedAverageShsOutDil": 263007, "link": "https://www.sec.gov/Archives/edgar/data/1028918/000101706200000862/0001017062-00-000862-index.html", "finalLink": "https://www.sec.gov/Archives/edgar/data/1028918/000101706200000862/", "calculatedOtherExpenses": 28900000, "calculatedOperatingExpenses": 41300000, "calculatedNetInterest": 20800000, "calculatedOtherIncome": -46400000, "calculatedIncomeNonControlling": 0, "calculatedEbitda": 3400000}, {"date": "1998-12-31", "symbol": "PPBI", "reportedCurrency": "USD", "cik": "0001028918", "fillingDate": "1999-04-15", "acceptedDate": "1999-04-15 00:00:00", "calendarYear": "1998", "period": "FY", "revenue": 32400000, "costOfRevenue": 0, "grossProfit": 32400000, "grossProfitRatio": 1, "researchAndDevelopmentExpenses": 0, "generalAndAdministrativeExpenses": 11600000, "sellingAndMarketingExpenses": 2400000, "sellingGeneralAndAdministrativeExpenses": 14000000, "otherExpenses": -21700000, "operatingExpenses": -7700000, "costAndExpenses": -7700000, "interestIncome": 41100000, "interestExpense": 22900000, "depreciationAndAmortization": 4600000, "ebitda": 29300000, "ebitdaratio": 0.9043209877, "operatingIncome": 24700000, "operatingIncomeRatio": 0.762345679, "totalOtherIncomeExpensesNet": -22900000, "incomeBeforeTax": 1800000, "incomeBeforeTaxRatio": 0.0555555556, "incomeTaxExpense": 700000, "netIncome": 1100000, "netIncomeRatio": 0.0339506173, "eps": 0.8, "epsdiluted": 0.8, "weightedAverageShsOut": 1310948, "weightedAverageShsOutDil": 1361165, "link": "https://www.sec.gov/Archives/edgar/data/1028918/000101706299000664/0001017062-99-000664-index.html", "finalLink": "https://www.sec.gov/Archives/edgar/data/1028918/", "calculatedOtherExpenses": -6300000, "calculatedOperatingExpenses": 7700000, "calculatedNetInterest": 18200000, "calculatedOtherIncome": -41100000, "calculatedIncomeNonControlling": 0, "calculatedEbitda": 29300000}, {"date": "1997-12-31", "symbol": "PPBI", "reportedCurrency": "USD", "cik": "0001028918", "fillingDate": "1998-03-31", "acceptedDate": "1998-03-31 00:00:00", "calendarYear": "1997", "period": "FY", "revenue": 39600000, "costOfRevenue": 0, "grossProfit": 39600000, "grossProfitRatio": 1, "researchAndDevelopmentExpenses": 0, "generalAndAdministrativeExpenses": 9200000, "sellingAndMarketingExpenses": 300000, "sellingGeneralAndAdministrativeExpenses": 9500000, "otherExpenses": -14600000, "operatingExpenses": -5100000, "costAndExpenses": -5100000, "interestIncome": 21100000, "interestExpense": 12800000, "depreciationAndAmortization": -300000, "ebitda": 34200000, "ebitdaratio": 0.8636363636, "operatingIncome": 34500000, "operatingIncomeRatio": 0.8712121212, "totalOtherIncomeExpensesNet": -12800000, "incomeBeforeTax": 21700000, "incomeBeforeTaxRatio": 0.547979798, "incomeTaxExpense": 9000000, "netIncome": 10300000, "netIncomeRatio": 0.2601010101, "eps": 52.75, "epsdiluted": 50.5, "weightedAverageShsOut": 1309400, "weightedAverageShsOutDil": 1309400, "link": "https://www.sec.gov/Archives/edgar/data/1028918/000101706298000704/0001017062-98-000704-index.html", "finalLink": "https://www.sec.gov/Archives/edgar/data/1028918/", "calculatedOtherExpenses": -4400000, "calculatedOperatingExpenses": 5100000, "calculatedNetInterest": 8300000, "calculatedOtherIncome": -21100000, "calculatedIncomeNonControlling": 2400000, "calculatedEbitda": 34200000}]}