{"originalCurrency": "USD", "convertedCurrency": "USD", "report": [{"date": "2023-12-31", "symbol": "PPC", "reportedCurrency": "USD", "cik": "0000802481", "fillingDate": "2024-02-27", "acceptedDate": "2024-02-27 17:31:17", "calendarYear": "2023", "period": "FY", "revenue": 17359368000, "costOfRevenue": 16249131000, "grossProfit": 1110237000, "grossProfitRatio": 0.0639560726, "researchAndDevelopmentExpenses": 5700000, "generalAndAdministrativeExpenses": 451409000, "sellingAndMarketingExpenses": 56700000, "sellingGeneralAndAdministrativeExpenses": 508109000, "otherExpenses": 1439000, "operatingExpenses": 512370000, "costAndExpenses": 16761501000, "interestIncome": 35826000, "interestExpense": 181578000, "depreciationAndAmortization": 419900000, "ebitda": 1017767000, "ebitdaratio": 0.0586292658, "operatingIncome": 597867000, "operatingIncomeRatio": 0.0344405971, "totalOtherIncomeExpensesNet": -232645000, "incomeBeforeTax": 365222000, "incomeBeforeTaxRatio": 0.0210388996, "incomeTaxExpense": 42905000, "netIncome": 321574000, "netIncomeRatio": 0.0185245223, "eps": 1.36, "epsdiluted": 1.36, "weightedAverageShsOut": 236725000, "weightedAverageShsOutDil": 237297000, "link": "https://www.sec.gov/Archives/edgar/data/802481/000080248124000015/0000802481-24-000015-index.htm", "finalLink": "https://www.sec.gov/Archives/edgar/data/802481/000080248124000015/ppc-20231231.htm", "calculatedOtherExpenses": -1439000, "calculatedOperatingExpenses": 512370000, "calculatedNetInterest": -145752000, "calculatedOtherIncome": -86893000, "calculatedIncomeNonControlling": 743000, "calculatedEbitda": 1017767000}, {"date": "2022-12-25", "symbol": "PPC", "reportedCurrency": "USD", "cik": "0000802481", "fillingDate": "2023-02-09", "acceptedDate": "2023-02-09 16:46:02", "calendarYear": "2022", "period": "FY", "revenue": 17468377000, "costOfRevenue": 15656574000, "grossProfit": 1811803000, "grossProfitRatio": 0.1037190232, "researchAndDevelopmentExpenses": 12500000, "generalAndAdministrativeExpenses": 546742000, "sellingAndMarketingExpenses": 58000000, "sellingGeneralAndAdministrativeExpenses": 604742000, "otherExpenses": 23339000, "operatingExpenses": 604742000, "costAndExpenses": 16261316000, "interestIncome": 9028000, "interestExpense": 152672000, "depreciationAndAmortization": 465943000, "ebitda": 1642538000, "ebitdaratio": 0.0940292278, "operatingIncome": 1176595000, "operatingIncomeRatio": 0.0673557137, "totalOtherIncomeExpensesNet": -151122000, "incomeBeforeTax": 1025473000, "incomeBeforeTaxRatio": 0.0587045379, "incomeTaxExpense": 278935000, "netIncome": 745930000, "netIncomeRatio": 0.0427017347, "eps": 3.11, "epsdiluted": 3.1, "weightedAverageShsOut": 239766000, "weightedAverageShsOutDil": 240394000, "link": "https://www.sec.gov/Archives/edgar/data/802481/000080248123000013/0000802481-23-000013-index.htm", "finalLink": "https://www.sec.gov/Archives/edgar/data/802481/000080248123000013/ppc-20221225.htm", "calculatedOtherExpenses": 17966000, "calculatedOperatingExpenses": 635208000, "calculatedNetInterest": -143644000, "calculatedOtherIncome": -7478000, "calculatedIncomeNonControlling": 608000, "calculatedEbitda": 1642538000}, {"date": "2021-12-26", "symbol": "PPC", "reportedCurrency": "USD", "cik": "0000802481", "fillingDate": "2022-02-18", "acceptedDate": "2022-02-18 12:50:45", "calendarYear": "2021", "period": "FY", "revenue": 14777458000, "costOfRevenue": 13411631000, "grossProfit": 1365827000, "grossProfitRatio": 0.0924263835, "researchAndDevelopmentExpenses": 5100000, "generalAndAdministrativeExpenses": 1116461000, "sellingAndMarketingExpenses": 32400000, "sellingGeneralAndAdministrativeExpenses": 1148861000, "otherExpenses": 11580000, "operatingExpenses": 1148861000, "costAndExpenses": 14560492000, "interestIncome": 6056000, "interestExpense": 145792000, "depreciationAndAmortization": 404262000, "ebitda": 615426000, "ebitdaratio": 0.0416462696, "operatingIncome": 211164000, "operatingIncomeRatio": 0.0142896024, "totalOtherIncomeExpensesNet": -118774000, "incomeBeforeTax": 92390000, "incomeBeforeTaxRatio": 0.0062520902, "incomeTaxExpense": 61122000, "netIncome": 31000000, "netIncomeRatio": 0.0020977898, "eps": 0.13, "epsdiluted": 0.13, "weightedAverageShsOut": 243652000, "weightedAverageShsOutDil": 244129000, "link": "https://www.sec.gov/Archives/edgar/data/802481/000080248122000012/0000802481-22-000012-index.htm", "finalLink": "https://www.sec.gov/Archives/edgar/data/802481/000080248122000012/ppc-20211226.htm", "calculatedOtherExpenses": 702000, "calculatedOperatingExpenses": 1154663000, "calculatedNetInterest": -139736000, "calculatedOtherIncome": 20962000, "calculatedIncomeNonControlling": 268000, "calculatedEbitda": 615426000}, {"date": "2020-12-27", "symbol": "PPC", "reportedCurrency": "USD", "cik": "0000802481", "fillingDate": "2021-02-11", "acceptedDate": "2021-02-11 09:03:53", "calendarYear": "2020", "period": "FY", "revenue": 12091901000, "costOfRevenue": 11253705000, "grossProfit": 838196000, "grossProfitRatio": 0.0693187945, "researchAndDevelopmentExpenses": 5400000, "generalAndAdministrativeExpenses": 572410000, "sellingAndMarketingExpenses": 20200000, "sellingGeneralAndAdministrativeExpenses": 592610000, "otherExpenses": 39681000, "operatingExpenses": 592610000, "costAndExpenses": 11846315000, "interestIncome": 7305000, "interestExpense": 126118000, "depreciationAndAmortization": 384213000, "ebitda": 629676000, "ebitdaratio": 0.0520741941, "operatingIncome": 245463000, "operatingIncomeRatio": 0.0202997858, "totalOtherIncomeExpensesNet": -83638000, "incomeBeforeTax": 161825000, "incomeBeforeTaxRatio": 0.0133829247, "incomeTaxExpense": 66755000, "netIncome": 94757000, "netIncomeRatio": 0.0078364022, "eps": 0.39, "epsdiluted": 0.39, "weightedAverageShsOut": 245944000, "weightedAverageShsOutDil": 246124000, "link": "https://www.sec.gov/Archives/edgar/data/802481/000080248121000015/0000802481-21-000015-index.htm", "finalLink": "https://www.sec.gov/Archives/edgar/data/802481/000080248121000015/ppc-20201227.htm", "calculatedOtherExpenses": -5277000, "calculatedOperatingExpenses": 592733000, "calculatedNetInterest": -118813000, "calculatedOtherIncome": 35175000, "calculatedIncomeNonControlling": 313000, "calculatedEbitda": 629676000}, {"date": "2019-12-29", "symbol": "PPC", "reportedCurrency": "USD", "cik": "0000802481", "fillingDate": "2020-02-21", "acceptedDate": "2020-02-21 08:23:30", "calendarYear": "2019", "period": "FY", "revenue": 11409219000, "costOfRevenue": 10338825000, "grossProfit": 1070394000, "grossProfitRatio": 0.0938183411, "researchAndDevelopmentExpenses": 5100000, "generalAndAdministrativeExpenses": 353410000, "sellingAndMarketingExpenses": 26500000, "sellingGeneralAndAdministrativeExpenses": 379910000, "otherExpenses": -4633000, "operatingExpenses": 379910000, "costAndExpenses": 10718735000, "interestIncome": 14277000, "interestExpense": 132630000, "depreciationAndAmortization": 296790000, "ebitda": 987358000, "ebitdaratio": 0.086540367, "operatingIncome": 690568000, "operatingIncomeRatio": 0.060527193, "totalOtherIncomeExpensesNet": -73023000, "incomeBeforeTax": 617545000, "incomeBeforeTaxRatio": 0.0541268425, "incomeTaxExpense": 161009000, "netIncome": 455924000, "netIncomeRatio": 0.0399610175, "eps": 1.83, "epsdiluted": 1.83, "weightedAverageShsOut": 249401000, "weightedAverageShsOutDil": 249709000, "link": "https://www.sec.gov/Archives/edgar/data/802481/000080248120000009/0000802481-20-000009-index.htm", "finalLink": "https://www.sec.gov/Archives/edgar/data/802481/000080248120000009/ppc-2019x12x29x10k.htm", "calculatedOtherExpenses": -5184000, "calculatedOperatingExpenses": 379826000, "calculatedNetInterest": -118353000, "calculatedOtherIncome": 45330000, "calculatedIncomeNonControlling": 612000, "calculatedEbitda": 987358000}, {"date": "2018-12-30", "symbol": "PPC", "reportedCurrency": "USD", "cik": "0000802481", "fillingDate": "2019-02-14", "acceptedDate": "2019-02-14 08:26:44", "calendarYear": "2018", "period": "FY", "revenue": 10937784000, "costOfRevenue": 10094308000, "grossProfit": 843476000, "grossProfitRatio": 0.0771158033, "researchAndDevelopmentExpenses": 4000000, "generalAndAdministrativeExpenses": 322225000, "sellingAndMarketingExpenses": 20800000, "sellingGeneralAndAdministrativeExpenses": 343025000, "otherExpenses": 2702000, "operatingExpenses": 343025000, "costAndExpenses": 10437333000, "interestIncome": 13811000, "interestExpense": 162812000, "depreciationAndAmortization": 279657000, "ebitda": 796621000, "ebitdaratio": 0.0728320289, "operatingIncome": 495686000, "operatingIncomeRatio": 0.0453186861, "totalOtherIncomeExpensesNet": -19223000, "incomeBeforeTax": 332227000, "incomeBeforeTaxRatio": 0.0303742513, "incomeTaxExpense": 85423000, "netIncome": 247945000, "netIncomeRatio": 0.0226686685, "eps": 1, "epsdiluted": 1, "weightedAverageShsOut": 248945000, "weightedAverageShsOutDil": 249149000, "link": "https://www.sec.gov/Archives/edgar/data/802481/000080248119000015/0000802481-19-000015-index.htm", "finalLink": "https://www.sec.gov/Archives/edgar/data/802481/000080248119000015/ppc-2018x12x30x10k.htm", "calculatedOtherExpenses": 765000, "calculatedOperatingExpenses": 347790000, "calculatedNetInterest": -149001000, "calculatedOtherIncome": -14458000, "calculatedIncomeNonControlling": -1141000, "calculatedEbitda": 775343000}, {"date": "2017-12-31", "symbol": "PPC", "reportedCurrency": "USD", "cik": "0000802481", "fillingDate": "2018-02-16", "acceptedDate": "2018-02-16 16:23:11", "calendarYear": "2017", "period": "FY", "revenue": 10767863000, "costOfRevenue": 9296249000, "grossProfit": 1471614000, "grossProfitRatio": 0.1366672291, "researchAndDevelopmentExpenses": 3700000, "generalAndAdministrativeExpenses": 371017000, "sellingAndMarketingExpenses": 18500000, "sellingGeneralAndAdministrativeExpenses": 389517000, "otherExpenses": 6538000, "operatingExpenses": 389517000, "costAndExpenses": 9685766000, "interestIncome": 7730000, "interestExpense": 107183000, "depreciationAndAmortization": 277792000, "ebitda": 1374157000, "ebitdaratio": 0.1276165011, "operatingIncome": 1072322000, "operatingIncomeRatio": 0.0995854052, "totalOtherIncomeExpensesNet": -578000, "incomeBeforeTax": 982066000, "incomeBeforeTaxRatio": 0.0912034263, "incomeTaxExpense": 263899000, "netIncome": 718065000, "netIncomeRatio": 0.0666859339, "eps": 2.79, "epsdiluted": 2.79, "weightedAverageShsOut": 248738000, "weightedAverageShsOutDil": 248971000, "link": "https://www.sec.gov/Archives/edgar/data/802481/000080248118000011/0000802481-18-000011-index.htm", "finalLink": "https://www.sec.gov/Archives/edgar/data/802481/000080248118000011/ppc-2017x12x31x10k.htm", "calculatedOtherExpenses": 6075000, "calculatedOperatingExpenses": 399292000, "calculatedNetInterest": -99453000, "calculatedOtherIncome": 9197000, "calculatedIncomeNonControlling": 102000, "calculatedEbitda": 1350114000}, {"date": "2016-12-25", "symbol": "PPC", "reportedCurrency": "USD", "cik": "0000802481", "fillingDate": "2017-02-09", "acceptedDate": "2017-02-09 06:10:55", "calendarYear": "2016", "period": "FY", "revenue": 7931123000, "costOfRevenue": 7016763000, "grossProfit": 914360000, "grossProfitRatio": 0.1152875829, "researchAndDevelopmentExpenses": 3500000, "generalAndAdministrativeExpenses": 187481000, "sellingAndMarketingExpenses": 12300000, "sellingGeneralAndAdministrativeExpenses": 199781000, "otherExpenses": 7219000, "operatingExpenses": 199781000, "costAndExpenses": 7216544000, "interestIncome": 1724000, "interestExpense": 45921000, "depreciationAndAmortization": 180515000, "ebitda": 904037000, "ebitdaratio": 0.1139860017, "operatingIncome": 713510000, "operatingIncomeRatio": 0.0899633003, "totalOtherIncomeExpensesNet": 2253000, "incomeBeforeTax": 672635000, "incomeBeforeTaxRatio": 0.0848095535, "incomeTaxExpense": 232906000, "netIncome": 440532000, "netIncomeRatio": 0.0555447192, "eps": 1.74, "epsdiluted": 1.73, "weightedAverageShsOut": 253669000, "weightedAverageShsOutDil": 254126000, "link": "https://www.sec.gov/Archives/edgar/data/802481/000080248117000010/0000802481-17-000010-index.htm", "finalLink": "https://www.sec.gov/Archives/edgar/data/802481/000080248117000010/ppc-2016x12x25x10k.htm", "calculatedOtherExpenses": -2431000, "calculatedOperatingExpenses": 200850000, "calculatedNetInterest": -44197000, "calculatedOtherIncome": 3322000, "calculatedIncomeNonControlling": -803000, "calculatedEbitda": 894025000}, {"date": "2015-12-27", "symbol": "PPC", "reportedCurrency": "USD", "cik": "0000802481", "fillingDate": "2016-02-12", "acceptedDate": "2016-02-12 11:06:16", "calendarYear": "2015", "period": "FY", "revenue": 8180104000, "costOfRevenue": 6925727000, "grossProfit": 1254377000, "grossProfitRatio": 0.1533448719, "researchAndDevelopmentExpenses": 4099999, "generalAndAdministrativeExpenses": 198081000, "sellingAndMarketingExpenses": 5800000, "sellingGeneralAndAdministrativeExpenses": 203881000, "otherExpenses": 7682000, "operatingExpenses": 203881000, "costAndExpenses": 7129608000, "interestIncome": 3673000, "interestExpense": 37548000, "depreciationAndAmortization": 158975000, "ebitda": 1220826000, "ebitdaratio": 0.1492433348, "operatingIncome": 1044891000, "operatingIncomeRatio": 0.127735662, "totalOtherIncomeExpensesNet": -23863000, "incomeBeforeTax": 992758000, "incomeBeforeTaxRatio": 0.1213625157, "incomeTaxExpense": 346796000, "netIncome": 645914000, "netIncomeRatio": 0.0789615878, "eps": 2.5, "epsdiluted": 2.5, "weightedAverageShsOut": 258442000, "weightedAverageShsOutDil": 258676000, "link": "https://www.sec.gov/Archives/edgar/data/802481/000162828016011068/0001628280-16-011068-index.htm", "finalLink": "https://www.sec.gov/Archives/edgar/data/802481/000162828016011068/ppc-20151227x10k.htm", "calculatedOtherExpenses": 1505001, "calculatedOperatingExpenses": 209486000, "calculatedNetInterest": -33875000, "calculatedOtherIncome": -18258000, "calculatedIncomeNonControlling": 48000, "calculatedEbitda": 1203866000}, {"date": "2014-12-28", "symbol": "PPC", "reportedCurrency": "USD", "cik": "0000802481", "fillingDate": "2015-02-12", "acceptedDate": "2015-02-12 07:21:54", "calendarYear": "2014", "period": "FY", "revenue": 8583365000, "costOfRevenue": 7189370000, "grossProfit": 1393995000, "grossProfitRatio": 0.1624065853, "researchAndDevelopmentExpenses": 3800000, "generalAndAdministrativeExpenses": 184194000, "sellingAndMarketingExpenses": 4400000, "sellingGeneralAndAdministrativeExpenses": 188594000, "otherExpenses": 4526000, "operatingExpenses": 188594000, "costAndExpenses": 7377964000, "interestIncome": 4826000, "interestExpense": 82097000, "depreciationAndAmortization": 155824000, "ebitda": 1370577000, "ebitdaratio": 0.1596782847, "operatingIncome": 1203115000, "operatingIncomeRatio": 0.1401682207, "totalOtherIncomeExpensesNet": -25739000, "incomeBeforeTax": 1102391000, "incomeBeforeTaxRatio": 0.1284334291, "incomeTaxExpense": 390953000, "netIncome": 711648000, "netIncomeRatio": 0.0829101407, "eps": 2.75, "epsdiluted": 2.74, "weightedAverageShsOut": 258974000, "weightedAverageShsOutDil": 259471000, "link": "https://www.sec.gov/Archives/edgar/data/802481/000080248115000015/0000802481-15-000015-index.htm", "finalLink": "https://www.sec.gov/Archives/edgar/data/802481/000080248115000015/ppc-20141228x10k.htm", "calculatedOtherExpenses": -1514000, "calculatedOperatingExpenses": 190880000, "calculatedNetInterest": -77271000, "calculatedOtherIncome": -23453000, "calculatedIncomeNonControlling": -210000, "calculatedEbitda": 1358939000}, {"date": "2013-12-29", "symbol": "PPC", "reportedCurrency": "USD", "cik": "0000802481", "fillingDate": "2014-02-21", "acceptedDate": "2014-02-21 08:01:14", "calendarYear": "2013", "period": "FY", "revenue": 8411148000, "costOfRevenue": 7565709000, "grossProfit": 845439000, "grossProfitRatio": 0.1005141034, "researchAndDevelopmentExpenses": 3900000, "generalAndAdministrativeExpenses": 176015000, "sellingAndMarketingExpenses": 4900000, "sellingGeneralAndAdministrativeExpenses": 180915000, "otherExpenses": 4373000, "operatingExpenses": 180915000, "costAndExpenses": 7746624000, "interestIncome": 2125000, "interestExpense": 87006000, "depreciationAndAmortization": 150523000, "ebitda": 821545000, "ebitdaratio": 0.0976733497, "operatingIncome": 658863000, "operatingIncomeRatio": 0.0783321135, "totalOtherIncomeExpensesNet": -5703000, "incomeBeforeTax": 573940000, "incomeBeforeTaxRatio": 0.068235632, "incomeTaxExpense": 24227000, "netIncome": 549555000, "netIncomeRatio": 0.0653365034, "eps": 2.12, "epsdiluted": 2.12, "weightedAverageShsOut": 258826000, "weightedAverageShsOutDil": 259241000, "link": "https://www.sec.gov/Archives/edgar/data/802481/000120677414000606/0001206774-14-000606-index.htm", "finalLink": "https://www.sec.gov/Archives/edgar/data/802481/000120677414000606/ppc_10k.htm", "calculatedOtherExpenses": 1761000, "calculatedOperatingExpenses": 186576000, "calculatedNetInterest": -84881000, "calculatedOtherIncome": -42000, "calculatedIncomeNonControlling": 158000, "calculatedEbitda": 809386000}, {"date": "2012-12-30", "symbol": "PPC", "reportedCurrency": "USD", "cik": "0000802481", "fillingDate": "2013-02-15", "acceptedDate": "2013-02-15 15:25:41", "calendarYear": "2012", "period": "FY", "revenue": 8121382000, "costOfRevenue": 7685550000, "grossProfit": 435832000, "grossProfitRatio": 0.053664758, "researchAndDevelopmentExpenses": 3800000, "generalAndAdministrativeExpenses": 170541000, "sellingAndMarketingExpenses": 6500000, "sellingGeneralAndAdministrativeExpenses": 177041000, "otherExpenses": 1439000, "operatingExpenses": 177041000, "costAndExpenses": 7862591000, "interestIncome": 1397000, "interestExpense": 104926000, "depreciationAndAmortization": 147414000, "ebitda": 409041000, "ebitdaratio": 0.0503659353, "operatingIncome": 250342000, "operatingIncomeRatio": 0.0308250492, "totalOtherIncomeExpensesNet": -2200000, "incomeBeforeTax": 153062000, "incomeBeforeTaxRatio": 0.0188467923, "incomeTaxExpense": -20980000, "netIncome": 174234000, "netIncomeRatio": 0.0214537378, "eps": 0.7, "epsdiluted": 0.7, "weightedAverageShsOut": 250101000, "weightedAverageShsOutDil": 250216000, "link": "https://www.sec.gov/Archives/edgar/data/802481/000120677413000625/0001206774-13-000625-index.htm", "finalLink": "https://www.sec.gov/Archives/edgar/data/802481/000120677413000625/pilgrimspride_10k.htm", "calculatedOtherExpenses": 4649000, "calculatedOperatingExpenses": 185490000, "calculatedNetInterest": -103529000, "calculatedOtherIncome": 6249000, "calculatedIncomeNonControlling": -192000, "calculatedEbitda": 397756000}, {"date": "2011-12-25", "symbol": "PPC", "reportedCurrency": "USD", "cik": "0000802481", "fillingDate": "2012-02-17", "acceptedDate": "2012-02-17 10:59:44", "calendarYear": "2011", "period": "FY", "revenue": 7535698000, "costOfRevenue": 7677235000, "grossProfit": -141537000, "grossProfitRatio": -0.0187822017, "researchAndDevelopmentExpenses": 0, "generalAndAdministrativeExpenses": 0, "sellingAndMarketingExpenses": 0, "sellingGeneralAndAdministrativeExpenses": 205993000, "otherExpenses": 26061000, "operatingExpenses": 205993000, "costAndExpenses": 7883228000, "interestIncome": 1465000, "interestExpense": 111532000, "depreciationAndAmortization": 209061000, "ebitda": -137004000, "ebitdaratio": -0.0181806649, "operatingIncome": -373591000, "operatingIncomeRatio": -0.049576164, "totalOtherIncomeExpensesNet": -29529000, "incomeBeforeTax": -487126000, "incomeBeforeTaxRatio": -0.0646424525, "incomeTaxExpense": 8564000, "netIncome": -496772000, "netIncomeRatio": -0.0659224932, "eps": -2.21, "epsdiluted": -2.21, "weightedAverageShsOut": 224996000, "weightedAverageShsOutDil": 224996000, "link": "https://www.sec.gov/Archives/edgar/data/802481/000080248112000008/0000802481-12-000008-index.htm", "finalLink": "https://www.sec.gov/Archives/edgar/data/802481/000080248112000008/ppc-20111225x10k.htm", "calculatedOtherExpenses": 26061000, "calculatedOperatingExpenses": 232054000, "calculatedNetInterest": -110067000, "calculatedOtherIncome": -3468000, "calculatedIncomeNonControlling": 1082000, "calculatedEbitda": -164530000}, {"date": "2010-12-26", "symbol": "PPC", "reportedCurrency": "USD", "cik": "0000802481", "fillingDate": "2011-02-11", "acceptedDate": "2011-02-11 14:50:08", "calendarYear": "2010", "period": "FY", "revenue": 6881629000, "costOfRevenue": 6420636000, "grossProfit": 460993000, "grossProfitRatio": 0.0669889353, "researchAndDevelopmentExpenses": 0, "generalAndAdministrativeExpenses": 0, "sellingAndMarketingExpenses": 0, "sellingGeneralAndAdministrativeExpenses": 209544000, "otherExpenses": 66022000, "operatingExpenses": 209544000, "costAndExpenses": 6630180000, "interestIncome": 3805000, "interestExpense": 105553000, "depreciationAndAmortization": 231045000, "ebitda": 255254000, "ebitdaratio": 0.0370920897, "operatingIncome": 185427000, "operatingIncomeRatio": 0.0269452189, "totalOtherIncomeExpensesNet": -83213000, "incomeBeforeTax": 66488000, "incomeBeforeTaxRatio": 0.0096616659, "incomeTaxExpense": -23838000, "netIncome": 87141000, "netIncomeRatio": 0.0126628448, "eps": 0.41, "epsdiluted": 0.41, "weightedAverageShsOut": 214282000, "weightedAverageShsOutDil": 214282000, "link": "https://www.sec.gov/Archives/edgar/data/802481/000119312511032579/0001193125-11-032579-index.htm", "finalLink": "https://www.sec.gov/Archives/edgar/data/802481/000119312511032579/d10k.htm", "calculatedOtherExpenses": 66022000, "calculatedOperatingExpenses": 275566000, "calculatedNetInterest": -101748000, "calculatedOtherIncome": -17191000, "calculatedIncomeNonControlling": 3185000, "calculatedEbitda": 416472000}, {"date": "2009-09-26", "symbol": "PPC", "reportedCurrency": "USD", "cik": "0000802481", "fillingDate": "2009-11-23", "acceptedDate": "2009-11-20 18:20:37", "calendarYear": "2009", "period": "FY", "revenue": 7088055000, "costOfRevenue": 6717621000, "grossProfit": 370434000, "grossProfitRatio": 0.0522617277, "researchAndDevelopmentExpenses": 0, "generalAndAdministrativeExpenses": 0, "sellingAndMarketingExpenses": 0, "sellingGeneralAndAdministrativeExpenses": 301120000, "otherExpenses": 1987000, "operatingExpenses": 301120000, "costAndExpenses": 7018741000, "interestIncome": 4386000, "interestExpense": 161929000, "depreciationAndAmortization": 236005000, "ebitda": 309705000, "ebitdaratio": 0.043693933, "operatingIncome": 67327000, "operatingIncomeRatio": 0.0094986565, "totalOtherIncomeExpensesNet": -85538000, "incomeBeforeTax": -173767000, "incomeBeforeTaxRatio": -0.02451547, "incomeTaxExpense": -21586000, "netIncome": -151582000, "netIncomeRatio": -0.0213855564, "eps": -2.05, "epsdiluted": -2.05, "weightedAverageShsOut": 74055733, "weightedAverageShsOutDil": 74055733, "link": "https://www.sec.gov/Archives/edgar/data/802481/000080248109000047/0000802481-09-000047-index.htm", "finalLink": "https://www.sec.gov/Archives/edgar/data/802481/000080248109000047/form10k_body.htm", "calculatedOtherExpenses": 1987000, "calculatedOperatingExpenses": 303107000, "calculatedNetInterest": -157543000, "calculatedOtherIncome": -83551000, "calculatedIncomeNonControlling": -599000, "calculatedEbitda": 303332000}, {"date": "2008-09-27", "symbol": "PPC", "reportedCurrency": "USD", "cik": "0000802481", "fillingDate": "2009-01-26", "acceptedDate": "2009-01-26 17:17:37", "calendarYear": "2008", "period": "FY", "revenue": 8525112000, "costOfRevenue": 8688607000, "grossProfit": -163495000, "grossProfitRatio": -0.0191780472, "researchAndDevelopmentExpenses": 0, "generalAndAdministrativeExpenses": 0, "sellingAndMarketingExpenses": 0, "sellingGeneralAndAdministrativeExpenses": 376599000, "otherExpenses": 501446000, "operatingExpenses": 878045000, "costAndExpenses": 9566652000, "interestIncome": 0, "interestExpense": 129397000, "depreciationAndAmortization": 240305000, "ebitda": -285863000, "ebitdaratio": -0.0335318762, "operatingIncome": -1057696000, "operatingIncomeRatio": -0.124068282, "totalOtherIncomeExpensesNet": -515372000, "incomeBeforeTax": -1187093000, "incomeBeforeTaxRatio": -0.1392466163, "incomeTaxExpense": -194921000, "netIncome": -999484000, "netIncomeRatio": -0.1172399846, "eps": -14.41, "epsdiluted": -14.41, "weightedAverageShsOut": 69337326, "weightedAverageShsOutDil": 69337326, "link": "https://www.sec.gov/Archives/edgar/data/802481/000080248109000006/0000802481-09-000006-index.htm", "finalLink": "https://www.sec.gov/Archives/edgar/data/802481/000080248109000006/form10ka_body.htm", "calculatedOtherExpenses": 517602000, "calculatedOperatingExpenses": 894201000, "calculatedNetInterest": -129397000, "calculatedOtherIncome": 0, "calculatedIncomeNonControlling": 7312000, "calculatedEbitda": -817391000}, {"date": "2007-09-29", "symbol": "PPC", "reportedCurrency": "USD", "cik": "0000802481", "fillingDate": "2007-11-19", "acceptedDate": "2007-11-19 16:51:50", "calendarYear": "2007", "period": "FY", "revenue": 7598599000, "costOfRevenue": 7007061000, "grossProfit": 591538000, "grossProfitRatio": 0.0778482981, "researchAndDevelopmentExpenses": 0, "generalAndAdministrativeExpenses": 0, "sellingAndMarketingExpenses": 0, "sellingGeneralAndAdministrativeExpenses": 359001000, "otherExpenses": 0, "operatingExpenses": 359001000, "costAndExpenses": 7366062000, "interestIncome": -4640000, "interestExpense": 140930000, "depreciationAndAmortization": 204903000, "ebitda": 457253000, "ebitdaratio": 0.0601759614, "operatingIncome": 232537000, "operatingIncomeRatio": 0.030602615, "totalOtherIncomeExpensesNet": -19813000, "incomeBeforeTax": 91607000, "incomeBeforeTaxRatio": 0.012055775, "incomeTaxExpense": 44590000, "netIncome": 47017000, "netIncomeRatio": 0.006187588, "eps": 0.71, "epsdiluted": 0.71, "weightedAverageShsOut": 66555733, "weightedAverageShsOutDil": 66555733, "link": "https://www.sec.gov/Archives/edgar/data/802481/000080248107000096/0000802481-07-000096-index.htm", "finalLink": "https://www.sec.gov/Archives/edgar/data/802481/000080248107000096/body_10k.htm", "calculatedOtherExpenses": 0, "calculatedOperatingExpenses": 359001000, "calculatedNetInterest": -145570000, "calculatedOtherIncome": 4640000, "calculatedIncomeNonControlling": 0, "calculatedEbitda": 437440000}, {"date": "2006-09-30", "symbol": "PPC", "reportedCurrency": "USD", "cik": "0000802481", "fillingDate": "2006-11-20", "acceptedDate": "2006-11-17 19:32:55", "calendarYear": "2006", "period": "FY", "revenue": 5235565000, "costOfRevenue": 4937965000, "grossProfit": 297600000, "grossProfitRatio": 0.0568420027, "researchAndDevelopmentExpenses": 0, "generalAndAdministrativeExpenses": 0, "sellingAndMarketingExpenses": 0, "sellingGeneralAndAdministrativeExpenses": 294598000, "otherExpenses": 0, "operatingExpenses": 294598000, "costAndExpenses": 5232563000, "interestIncome": -2307000, "interestExpense": 39319000, "depreciationAndAmortization": 135133000, "ebitda": 136901000, "ebitdaratio": 0.0261482763, "operatingIncome": 3002000, "operatingIncomeRatio": 0.0005733861, "totalOtherIncomeExpensesNet": 1234000, "incomeBeforeTax": -36317000, "incomeBeforeTaxRatio": -0.0069365961, "incomeTaxExpense": -2085000, "netIncome": -34232000, "netIncomeRatio": -0.0065383583, "eps": -0.51, "epsdiluted": -0.51, "weightedAverageShsOut": 67121569, "weightedAverageShsOutDil": 67121569, "link": "https://www.sec.gov/Archives/edgar/data/802481/000114036106016745/0001140361-06-016745-index.htm", "finalLink": "https://www.sec.gov/Archives/edgar/data/802481/000114036106016745/form10k_body.htm", "calculatedOtherExpenses": 0, "calculatedOperatingExpenses": 294598000, "calculatedNetInterest": -41626000, "calculatedOtherIncome": 2307000, "calculatedIncomeNonControlling": 0, "calculatedEbitda": 138135000}, {"date": "2005-10-01", "symbol": "PPC", "reportedCurrency": "USD", "cik": "0000802481", "fillingDate": "2005-11-18", "acceptedDate": "2005-11-18 15:05:41", "calendarYear": "2005", "period": "FY", "revenue": 5666275000, "costOfRevenue": 4921076000, "grossProfit": 745199000, "grossProfitRatio": 0.1315147959, "researchAndDevelopmentExpenses": 0, "generalAndAdministrativeExpenses": 0, "sellingAndMarketingExpenses": 0, "sellingGeneralAndAdministrativeExpenses": 309387000, "otherExpenses": 0, "operatingExpenses": 309387000, "costAndExpenses": 5230463000, "interestIncome": -2307000, "interestExpense": 32289000, "depreciationAndAmortization": 134944000, "ebitda": 559113000, "ebitdaratio": 0.0986738201, "operatingIncome": 435812000, "operatingIncomeRatio": 0.0769133161, "totalOtherIncomeExpensesNet": 11643000, "incomeBeforeTax": 403523000, "incomeBeforeTaxRatio": 0.0712148634, "incomeTaxExpense": 138544000, "netIncome": 264979000, "netIncomeRatio": 0.0467642322, "eps": 3.98, "epsdiluted": 3.98, "weightedAverageShsOut": 66577638, "weightedAverageShsOutDil": 66577638, "link": "https://www.sec.gov/Archives/edgar/data/802481/000080248105000099/0000802481-05-000099-index.htm", "finalLink": "https://www.sec.gov/Archives/edgar/data/802481/000080248105000099/form10k_body.htm", "calculatedOtherExpenses": 0, "calculatedOperatingExpenses": 309387000, "calculatedNetInterest": -34596000, "calculatedOtherIncome": 2307000, "calculatedIncomeNonControlling": 0, "calculatedEbitda": 570756000}, {"date": "2004-10-02", "symbol": "PPC", "reportedCurrency": "USD", "cik": "0000802481", "fillingDate": "2004-11-24", "acceptedDate": "2004-11-24 16:28:47", "calendarYear": "2004", "period": "FY", "revenue": 5363723000, "costOfRevenue": 4877513000, "grossProfit": 486210000, "grossProfitRatio": 0.0906478578, "researchAndDevelopmentExpenses": 0, "generalAndAdministrativeExpenses": 0, "sellingAndMarketingExpenses": 0, "sellingGeneralAndAdministrativeExpenses": 236864000, "otherExpenses": -23891000, "operatingExpenses": 212973000, "costAndExpenses": 5090486000, "interestIncome": 0, "interestExpense": 53384000, "depreciationAndAmortization": 113788000, "ebitda": 375707000, "ebitdaratio": 0.0700459364, "operatingIncome": 265314000, "operatingIncomeRatio": 0.0494645231, "totalOtherIncomeExpensesNet": 11318000, "incomeBeforeTax": 208535000, "incomeBeforeTaxRatio": 0.0388787788, "incomeTaxExpense": 80195000, "netIncome": 128340000, "netIncomeRatio": 0.0239274101, "eps": 2.05, "epsdiluted": 2.05, "weightedAverageShsOut": 62604878, "weightedAverageShsOutDil": 62604878, "link": "https://www.sec.gov/Archives/edgar/data/802481/000080248104000078/0000802481-04-000078-index.htm", "finalLink": "https://www.sec.gov/Archives/edgar/data/802481/000080248104000078/form_10k.htm", "calculatedOtherExpenses": -15968000, "calculatedOperatingExpenses": 220896000, "calculatedNetInterest": -53384000, "calculatedOtherIncome": -3395000, "calculatedIncomeNonControlling": 0, "calculatedEbitda": 379102000}, {"date": "2003-09-27", "symbol": "PPC", "reportedCurrency": "USD", "cik": "0000802481", "fillingDate": "2003-11-18", "acceptedDate": "2003-11-18 10:25:36", "calendarYear": "2003", "period": "FY", "revenue": 2619345000, "costOfRevenue": 2465341000, "grossProfit": 154004000, "grossProfitRatio": 0.0587948514, "researchAndDevelopmentExpenses": 0, "generalAndAdministrativeExpenses": 0, "sellingAndMarketingExpenses": 0, "sellingGeneralAndAdministrativeExpenses": 136870000, "otherExpenses": -46479000, "operatingExpenses": 90391000, "costAndExpenses": 2555732000, "interestIncome": 0, "interestExpense": 378000, "depreciationAndAmortization": 74187000, "ebitda": 53718000, "ebitdaratio": 0.0205081805, "operatingIncome": 63613000, "operatingIncomeRatio": 0.0242858425, "totalOtherIncomeExpensesNet": 84082000, "incomeBeforeTax": 63235000, "incomeBeforeTaxRatio": 0.0241415316, "incomeTaxExpense": 7199000, "netIncome": 56036000, "netIncomeRatio": 0.0213931345, "eps": 1.36, "epsdiluted": 1.36, "weightedAverageShsOut": 41202941, "weightedAverageShsOutDil": 41202941, "link": "https://www.sec.gov/Archives/edgar/data/802481/000119312503083123/0001193125-03-083123-index.htm", "finalLink": "https://www.sec.gov/Archives/edgar/data/802481/000119312503083123/d10k.htm", "calculatedOtherExpenses": -46479000, "calculatedOperatingExpenses": 90391000, "calculatedNetInterest": -378000, "calculatedOtherIncome": 0, "calculatedIncomeNonControlling": 0, "calculatedEbitda": 137800000}, {"date": "2002-09-28", "symbol": "PPC", "reportedCurrency": "USD", "cik": "0000802481", "fillingDate": "2002-12-06", "acceptedDate": "2002-12-06 14:54:21", "calendarYear": "2002", "period": "FY", "revenue": 2533718000, "costOfRevenue": 2368553000, "grossProfit": 165165000, "grossProfitRatio": 0.0651868124, "researchAndDevelopmentExpenses": 0, "generalAndAdministrativeExpenses": 0, "sellingAndMarketingExpenses": 0, "sellingGeneralAndAdministrativeExpenses": 135261000, "otherExpenses": 0, "operatingExpenses": 135261000, "costAndExpenses": 2503814000, "interestIncome": 0, "interestExpense": 27994000, "depreciationAndAmortization": 70973000, "ebitda": 96868000, "ebitdaratio": 0.0382315633, "operatingIncome": 29904000, "operatingIncomeRatio": 0.0118024184, "totalOtherIncomeExpensesNet": 4009000, "incomeBeforeTax": 1910000, "incomeBeforeTaxRatio": 0.0007538329, "incomeTaxExpense": -12425000, "netIncome": 14335000, "netIncomeRatio": 0.0056576936, "eps": 0.35, "epsdiluted": 0.35, "weightedAverageShsOut": 40957143, "weightedAverageShsOutDil": 40957143, "link": "https://www.sec.gov/Archives/edgar/data/802481/000080248102000020/0000802481-02-000020-index.htm", "finalLink": "https://www.sec.gov/Archives/edgar/data/802481/000080248102000020/final-10k120502.txt", "calculatedOtherExpenses": 0, "calculatedOperatingExpenses": 135261000, "calculatedNetInterest": -27994000, "calculatedOtherIncome": 0, "calculatedIncomeNonControlling": 0, "calculatedEbitda": 100877000}, {"date": "2001-09-29", "symbol": "PPC", "reportedCurrency": "USD", "cik": "0000802481", "fillingDate": "2001-11-23", "acceptedDate": "2001-11-23 00:00:00", "calendarYear": "2001", "period": "FY", "revenue": 2214712000, "costOfRevenue": 2000762000, "grossProfit": 213950000, "grossProfitRatio": 0.0966039828, "researchAndDevelopmentExpenses": 0, "generalAndAdministrativeExpenses": 0, "sellingAndMarketingExpenses": 0, "sellingGeneralAndAdministrativeExpenses": 119408000, "otherExpenses": 0, "operatingExpenses": 119408000, "costAndExpenses": 2120170000, "interestIncome": 0, "interestExpense": 30354000, "depreciationAndAmortization": 55390000, "ebitda": 150405000, "ebitdaratio": 0.0679117646, "operatingIncome": 94542000, "operatingIncomeRatio": 0.0426881689, "totalOtherIncomeExpensesNet": -473000, "incomeBeforeTax": 63294000, "incomeBeforeTaxRatio": 0.0285788852, "incomeTaxExpense": 21263000, "netIncome": 42925000, "netIncomeRatio": 0.0193817526, "eps": 1, "epsdiluted": 1, "weightedAverageShsOut": 42925000, "weightedAverageShsOutDil": 42925000, "link": "https://www.sec.gov/Archives/edgar/data/802481/000080248101500018/0000802481-01-500018-index.htm", "finalLink": "https://www.sec.gov/Archives/edgar/data/802481/000080248101500018/finalsep01.txt", "calculatedOtherExpenses": 0, "calculatedOperatingExpenses": 119408000, "calculatedNetInterest": -30354000, "calculatedOtherIncome": -894000, "calculatedIncomeNonControlling": -894000, "calculatedEbitda": 149932000}, {"date": "2000-09-30", "symbol": "PPC", "reportedCurrency": "USD", "cik": "0000802481", "fillingDate": "2000-11-20", "acceptedDate": "2000-11-20 00:00:00", "calendarYear": "2000", "period": "FY", "revenue": 1499439000, "costOfRevenue": 1297584000, "grossProfit": 201855000, "grossProfitRatio": 0.134620348, "researchAndDevelopmentExpenses": 0, "generalAndAdministrativeExpenses": 0, "sellingAndMarketingExpenses": 0, "sellingGeneralAndAdministrativeExpenses": 85340000, "otherExpenses": 36027000, "operatingExpenses": 121367000, "costAndExpenses": 1418951000, "interestIncome": 0, "interestExpense": 17625000, "depreciationAndAmortization": 36027000, "ebitda": 116438000, "ebitdaratio": 0.0776543761, "operatingIncome": 80488000, "operatingIncomeRatio": 0.0536787425, "totalOtherIncomeExpensesNet": 77000, "incomeBeforeTax": 62786000, "incomeBeforeTaxRatio": 0.0418729938, "incomeTaxExpense": 10442000, "netIncome": 52344000, "netIncomeRatio": 0.034909056, "eps": 1.27, "epsdiluted": 1.27, "weightedAverageShsOut": 41215748, "weightedAverageShsOutDil": 41384000, "link": "https://www.sec.gov/Archives/edgar/data/802481/000080248100000015/0000802481-00-000015-index.htm", "finalLink": "https://www.sec.gov/Archives/edgar/data/802481/000080248100000015/0000802481-00-000015-0001.txt", "calculatedOtherExpenses": 36027000, "calculatedOperatingExpenses": 121367000, "calculatedNetInterest": -17625000, "calculatedOtherIncome": -77000, "calculatedIncomeNonControlling": 0, "calculatedEbitda": 116515000}, {"date": "1999-10-02", "symbol": "PPC", "reportedCurrency": "USD", "cik": "0000802481", "fillingDate": "1999-11-26", "acceptedDate": "1999-11-26 00:00:00", "calendarYear": "1999", "period": "FY", "revenue": 1357400000, "costOfRevenue": 1137200000, "grossProfit": 220200000, "grossProfitRatio": 0.1622218948, "researchAndDevelopmentExpenses": 0, "generalAndAdministrativeExpenses": 0, "sellingAndMarketingExpenses": 0, "sellingGeneralAndAdministrativeExpenses": 76200000, "otherExpenses": 34500000, "operatingExpenses": 110700000, "costAndExpenses": 1247900000, "interestIncome": 0, "interestExpense": 18500000, "depreciationAndAmortization": 34500000, "ebitda": 144900000, "ebitdaratio": 0.1067481951, "operatingIncome": 109500000, "operatingIncomeRatio": 0.0806689259, "totalOtherIncomeExpensesNet": -900000, "incomeBeforeTax": 91000000, "incomeBeforeTaxRatio": 0.0670399293, "incomeTaxExpense": 25700000, "netIncome": 65300000, "netIncomeRatio": 0.0481066745, "eps": 1.58, "epsdiluted": 1.58, "weightedAverageShsOut": 41329114, "weightedAverageShsOutDil": 41355932, "link": "https://www.sec.gov/Archives/edgar/data/802481/000080248199000017/0000802481-99-000017-index.htm", "finalLink": "https://www.sec.gov/Archives/edgar/data/802481/000080248199000017/", "calculatedOtherExpenses": 34500000, "calculatedOperatingExpenses": 110700000, "calculatedNetInterest": -18500000, "calculatedOtherIncome": 0, "calculatedIncomeNonControlling": 0, "calculatedEbitda": 144000000}, {"date": "1998-09-26", "symbol": "PPC", "reportedCurrency": "USD", "cik": "0000802481", "fillingDate": "1998-12-14", "acceptedDate": "1998-12-14 00:00:00", "calendarYear": "1998", "period": "FY", "revenue": 1331500000, "costOfRevenue": 1162800000, "grossProfit": 168700000, "grossProfitRatio": 0.1266992114, "researchAndDevelopmentExpenses": 0, "generalAndAdministrativeExpenses": 0, "sellingAndMarketingExpenses": 0, "sellingGeneralAndAdministrativeExpenses": 58800000, "otherExpenses": 32600000, "operatingExpenses": 91400000, "costAndExpenses": 1254200000, "interestIncome": 0, "interestExpense": 21400000, "depreciationAndAmortization": 32600000, "ebitda": 110500000, "ebitdaratio": 0.08298911, "operatingIncome": 77300000, "operatingIncomeRatio": 0.0580548254, "totalOtherIncomeExpensesNet": -600000, "incomeBeforeTax": 56500000, "incomeBeforeTaxRatio": 0.0424333459, "incomeTaxExpense": 6500000, "netIncome": 50000000, "netIncomeRatio": 0.0375516335, "eps": 1.21, "epsdiluted": 1.21, "weightedAverageShsOut": 41322314, "weightedAverageShsOutDil": 41322314, "link": "https://www.sec.gov/Archives/edgar/data/802481/000080248198000019/0000802481-98-000019-index.htm", "finalLink": "https://www.sec.gov/Archives/edgar/data/802481/0000802481-98-000019.txt", "calculatedOtherExpenses": 32600000, "calculatedOperatingExpenses": 91400000, "calculatedNetInterest": -21400000, "calculatedOtherIncome": 600000, "calculatedIncomeNonControlling": 0, "calculatedEbitda": 109900000}, {"date": "1997-09-27", "symbol": "PPC", "reportedCurrency": "USD", "cik": "0000802481", "fillingDate": "1997-12-15", "acceptedDate": "1997-12-15 00:00:00", "calendarYear": "1997", "period": "FY", "revenue": 1277600000, "costOfRevenue": 1133400000, "grossProfit": 144200000, "grossProfitRatio": 0.1128678773, "researchAndDevelopmentExpenses": 0, "generalAndAdministrativeExpenses": 0, "sellingAndMarketingExpenses": 0, "sellingGeneralAndAdministrativeExpenses": 50600000, "otherExpenses": 29800000, "operatingExpenses": 80400000, "costAndExpenses": 1213800000, "interestIncome": 0, "interestExpense": 18000000, "depreciationAndAmortization": 29800000, "ebitda": 91600000, "ebitdaratio": 0.0716969317, "operatingIncome": 63800000, "operatingIncomeRatio": 0.0499373826, "totalOtherIncomeExpensesNet": 2000000, "incomeBeforeTax": 43800000, "incomeBeforeTaxRatio": 0.0342830307, "incomeTaxExpense": 2800000, "netIncome": 41000000, "netIncomeRatio": 0.0320914214, "eps": 0.99, "epsdiluted": 0.99, "weightedAverageShsOut": 41275168, "weightedAverageShsOutDil": 41275168, "link": "https://www.sec.gov/Archives/edgar/data/802481/000080248197000019/0000802481-97-000019-index.htm", "finalLink": "https://www.sec.gov/Archives/edgar/data/802481/0000802481-97-000019.txt", "calculatedOtherExpenses": 29800000, "calculatedOperatingExpenses": 80400000, "calculatedNetInterest": -18000000, "calculatedOtherIncome": -2000000, "calculatedIncomeNonControlling": 0, "calculatedEbitda": 93600000}, {"date": "1996-09-28", "symbol": "PPC", "reportedCurrency": "USD", "cik": "0000802481", "fillingDate": "1996-12-16", "acceptedDate": "1996-12-16 00:00:00", "calendarYear": "1996", "period": "FY", "revenue": 1139300000, "costOfRevenue": 1040700000, "grossProfit": 98600000, "grossProfitRatio": 0.0865443693, "researchAndDevelopmentExpenses": 0, "generalAndAdministrativeExpenses": 0, "sellingAndMarketingExpenses": 0, "sellingGeneralAndAdministrativeExpenses": 49100000, "otherExpenses": 28000000, "operatingExpenses": 77100000, "costAndExpenses": 1117800000, "interestIncome": 0, "interestExpense": 21400000, "depreciationAndAmortization": 28000000, "ebitda": 49400000, "ebitdaratio": 0.0433599579, "operatingIncome": 21500000, "operatingIncomeRatio": 0.0188712367, "totalOtherIncomeExpensesNet": 100000, "incomeBeforeTax": 100000, "incomeBeforeTaxRatio": 8.77732e-05, "incomeTaxExpense": 4600000, "netIncome": -7300000, "netIncomeRatio": -0.0064074432, "eps": -0.26, "epsdiluted": -0.26, "weightedAverageShsOut": 28181818, "weightedAverageShsOutDil": 28181818, "link": "https://www.sec.gov/Archives/edgar/data/802481/000080248196000018/0000802481-96-000018-index.htm", "finalLink": "https://www.sec.gov/Archives/edgar/data/802481/0000802481-96-000018.txt", "calculatedOtherExpenses": 28000000, "calculatedOperatingExpenses": 77100000, "calculatedNetInterest": -21400000, "calculatedOtherIncome": 0, "calculatedIncomeNonControlling": 2800000, "calculatedEbitda": 49500000}, {"date": "1995-09-30", "symbol": "PPC", "reportedCurrency": "USD", "cik": "0000802481", "fillingDate": "1995-12-20", "acceptedDate": "1995-12-20 00:00:00", "calendarYear": "1995", "period": "FY", "revenue": 931800000, "costOfRevenue": 831600000, "grossProfit": 100200000, "grossProfitRatio": 0.1075338055, "researchAndDevelopmentExpenses": 0, "generalAndAdministrativeExpenses": 0, "sellingAndMarketingExpenses": 0, "sellingGeneralAndAdministrativeExpenses": 49200000, "otherExpenses": 26100000, "operatingExpenses": 75300000, "costAndExpenses": 906900000, "interestIncome": 0, "interestExpense": 22800000, "depreciationAndAmortization": 26100000, "ebitda": 56400000, "ebitdaratio": 0.0605280103, "operatingIncome": 24900000, "operatingIncomeRatio": 0.0267224726, "totalOtherIncomeExpensesNet": -5400000, "incomeBeforeTax": 2100000, "incomeBeforeTaxRatio": 0.0022537025, "incomeTaxExpense": 10100000, "netIncome": -8000000, "netIncomeRatio": -0.0085855334, "eps": -0.29, "epsdiluted": -0.29, "weightedAverageShsOut": 27428571, "weightedAverageShsOutDil": 27428571, "link": "https://www.sec.gov/Archives/edgar/data/802481/000080248195000027/0000802481-95-000027-index.htm", "finalLink": "https://www.sec.gov/Archives/edgar/data/802481/", "calculatedOtherExpenses": 26100000, "calculatedOperatingExpenses": 75300000, "calculatedNetInterest": -22800000, "calculatedOtherIncome": 0, "calculatedIncomeNonControlling": 0, "calculatedEbitda": 51000000}, {"date": "1994-10-01", "symbol": "PPC", "reportedCurrency": "USD", "cik": "0000802481", "fillingDate": "1994-12-19", "acceptedDate": "1994-12-19 00:00:00", "calendarYear": "1994", "period": "FY", "revenue": 923300000, "costOfRevenue": 787300000, "grossProfit": 136000000, "grossProfitRatio": 0.1472977364, "researchAndDevelopmentExpenses": 0, "generalAndAdministrativeExpenses": 0, "sellingAndMarketingExpenses": 0, "sellingGeneralAndAdministrativeExpenses": 50900000, "otherExpenses": 25200000, "operatingExpenses": 76100000, "costAndExpenses": 863400000, "interestIncome": 0, "interestExpense": 15800000, "depreciationAndAmortization": 25200000, "ebitda": 83500000, "ebitdaratio": 0.0904364779, "operatingIncome": 59900000, "operatingIncomeRatio": 0.0648759883, "totalOtherIncomeExpensesNet": 1600000, "incomeBeforeTax": 42500000, "incomeBeforeTaxRatio": 0.0460305426, "incomeTaxExpense": 11400000, "netIncome": 31100000, "netIncomeRatio": 0.0336835265, "eps": 1.1, "epsdiluted": 1.1, "weightedAverageShsOut": 28272727, "weightedAverageShsOutDil": 28272727, "link": "https://www.sec.gov/Archives/edgar/data/802481/000080248194000021/0000802481-94-000021-index.html", "finalLink": "https://www.sec.gov/Archives/edgar/data/802481/", "calculatedOtherExpenses": 25200000, "calculatedOperatingExpenses": 76100000, "calculatedNetInterest": -15800000, "calculatedOtherIncome": -1600000, "calculatedIncomeNonControlling": 0, "calculatedEbitda": 85100000}, {"date": "1993-09-30", "symbol": "PPC", "reportedCurrency": "USD", "cik": "0000802481", "fillingDate": "1993-09-30", "acceptedDate": "1993-09-30 00:00:00", "calendarYear": "1993", "period": "FY", "revenue": 887800000, "costOfRevenue": 751600000, "grossProfit": 136200000, "grossProfitRatio": 0.1534129308, "researchAndDevelopmentExpenses": 0, "generalAndAdministrativeExpenses": 0, "sellingAndMarketingExpenses": 0, "sellingGeneralAndAdministrativeExpenses": 54100000, "otherExpenses": 26000000, "operatingExpenses": 80100000, "costAndExpenses": 831700000, "interestIncome": 0, "interestExpense": 24600000, "depreciationAndAmortization": 26000000, "ebitda": 79600000, "ebitdaratio": 0.0896598333, "operatingIncome": 56100000, "operatingIncomeRatio": 0.0631899076, "totalOtherIncomeExpensesNet": 2500000, "incomeBeforeTax": 32800000, "incomeBeforeTaxRatio": 0.0369452579, "incomeTaxExpense": 10500000, "netIncome": 21000000, "netIncomeRatio": 0.0236539761, "eps": 0.76, "epsdiluted": 0.76, "weightedAverageShsOut": 27631579, "weightedAverageShsOutDil": 27631579, "link": null, "finalLink": null, "calculatedOtherExpenses": 26000000, "calculatedOperatingExpenses": 80100000, "calculatedNetInterest": -24600000, "calculatedOtherIncome": 1300000, "calculatedIncomeNonControlling": 1300000, "calculatedEbitda": 82100000}, {"date": "1992-09-30", "symbol": "PPC", "reportedCurrency": "USD", "cik": "0000802481", "fillingDate": "1992-09-30", "acceptedDate": "1992-09-30 00:00:00", "calendarYear": "1992", "period": "FY", "revenue": 817400000, "costOfRevenue": 760900000, "grossProfit": 56500000, "grossProfitRatio": 0.0691216051, "researchAndDevelopmentExpenses": 0, "generalAndAdministrativeExpenses": 0, "sellingAndMarketingExpenses": 0, "sellingGeneralAndAdministrativeExpenses": 48100000, "otherExpenses": 24000000, "operatingExpenses": 72100000, "costAndExpenses": 833000000, "interestIncome": 0, "interestExpense": 18100000, "depreciationAndAmortization": 24000000, "ebitda": 3900000, "ebitdaratio": 0.0047712258, "operatingIncome": -15600000, "operatingIncomeRatio": -0.0190849034, "totalOtherIncomeExpensesNet": 4500000, "incomeBeforeTax": -33700000, "incomeBeforeTaxRatio": -0.0412282848, "incomeTaxExpense": -4000000, "netIncome": -29700000, "netIncomeRatio": -0.0363347198, "eps": -1.24, "epsdiluted": -1.24, "weightedAverageShsOut": 23951613, "weightedAverageShsOutDil": 23951613, "link": null, "finalLink": null, "calculatedOtherExpenses": 24000000, "calculatedOperatingExpenses": 72100000, "calculatedNetInterest": -18100000, "calculatedOtherIncome": 0, "calculatedIncomeNonControlling": 0, "calculatedEbitda": 8400000}, {"date": "1991-09-30", "symbol": "PPC", "reportedCurrency": "USD", "cik": "0000802481", "fillingDate": "1991-09-30", "acceptedDate": "1991-09-30 00:00:00", "calendarYear": "1991", "period": "FY", "revenue": 786700000, "costOfRevenue": 691200000, "grossProfit": 95500000, "grossProfitRatio": 0.1213931613, "researchAndDevelopmentExpenses": 0, "generalAndAdministrativeExpenses": 0, "sellingAndMarketingExpenses": 0, "sellingGeneralAndAdministrativeExpenses": 44500000, "otherExpenses": 19900000, "operatingExpenses": 64400000, "costAndExpenses": 755600000, "interestIncome": 0, "interestExpense": 18900000, "depreciationAndAmortization": 19900000, "ebitda": 50000000, "ebitdaratio": 0.063556629, "operatingIncome": 31100000, "operatingIncomeRatio": 0.0395322232, "totalOtherIncomeExpensesNet": 1000000, "incomeBeforeTax": 12200000, "incomeBeforeTaxRatio": 0.0155078175, "incomeTaxExpense": -100000, "netIncome": 12300000, "netIncomeRatio": 0.0156349307, "eps": 0.54, "epsdiluted": 0.54, "weightedAverageShsOut": 22777778, "weightedAverageShsOutDil": 22777778, "link": null, "finalLink": null, "calculatedOtherExpenses": 19900000, "calculatedOperatingExpenses": 64400000, "calculatedNetInterest": -18900000, "calculatedOtherIncome": 0, "calculatedIncomeNonControlling": 0, "calculatedEbitda": 51000000}, {"date": "1990-09-30", "symbol": "PPC", "reportedCurrency": "USD", "cik": "0000802481", "fillingDate": "1990-09-30", "acceptedDate": "1990-09-30 00:00:00", "calendarYear": "1990", "period": "FY", "revenue": 720600000, "costOfRevenue": 629100000, "grossProfit": 91500000, "grossProfitRatio": 0.1269775187, "researchAndDevelopmentExpenses": 0, "generalAndAdministrativeExpenses": 0, "sellingAndMarketingExpenses": 0, "sellingGeneralAndAdministrativeExpenses": 40800000, "otherExpenses": 17400000, "operatingExpenses": 58200000, "costAndExpenses": 687300000, "interestIncome": 0, "interestExpense": 9200000, "depreciationAndAmortization": 17400000, "ebitda": 47000000, "ebitdaratio": 0.0652234249, "operatingIncome": 33300000, "operatingIncomeRatio": 0.0462114904, "totalOtherIncomeExpensesNet": 3700000, "incomeBeforeTax": 20400000, "incomeBeforeTaxRatio": 0.0283097419, "incomeTaxExpense": 4800000, "netIncome": 15600000, "netIncomeRatio": 0.0216486261, "eps": 0.69, "epsdiluted": 0.69, "weightedAverageShsOut": 22608696, "weightedAverageShsOutDil": 22608696, "link": null, "finalLink": null, "calculatedOtherExpenses": 17400000, "calculatedOperatingExpenses": 58200000, "calculatedNetInterest": -9200000, "calculatedOtherIncome": -3700000, "calculatedIncomeNonControlling": 0, "calculatedEbitda": 50700000}, {"date": "1989-09-30", "symbol": "PPC", "reportedCurrency": "USD", "cik": "0000802481", "fillingDate": "1989-09-30", "acceptedDate": "1989-09-30 00:00:00", "calendarYear": "1989", "period": "FY", "revenue": 661100000, "costOfRevenue": 564200000, "grossProfit": 96900000, "grossProfitRatio": 0.146573892, "researchAndDevelopmentExpenses": 0, "generalAndAdministrativeExpenses": 0, "sellingAndMarketingExpenses": 0, "sellingGeneralAndAdministrativeExpenses": 37600000, "otherExpenses": 13500000, "operatingExpenses": 51100000, "costAndExpenses": 615300000, "interestIncome": 0, "interestExpense": 14800000, "depreciationAndAmortization": 13500000, "ebitda": 57500000, "ebitdaratio": 0.0869762517, "operatingIncome": 45800000, "operatingIncomeRatio": 0.0692784753, "totalOtherIncomeExpensesNet": 1800000, "incomeBeforeTax": 31000000, "incomeBeforeTaxRatio": 0.0468915444, "incomeTaxExpense": 10700000, "netIncome": 20300000, "netIncomeRatio": 0.0307063984, "eps": 0.9, "epsdiluted": 0.9, "weightedAverageShsOut": 22555556, "weightedAverageShsOutDil": 22555556, "link": null, "finalLink": null, "calculatedOtherExpenses": 13500000, "calculatedOperatingExpenses": 51100000, "calculatedNetInterest": -14800000, "calculatedOtherIncome": 0, "calculatedIncomeNonControlling": 0, "calculatedEbitda": 59300000}, {"date": "1988-09-30", "symbol": "PPC", "reportedCurrency": "USD", "cik": "0000802481", "fillingDate": "1988-09-30", "acceptedDate": "1988-09-30 00:00:00", "calendarYear": "1988", "period": "FY", "revenue": 506400000, "costOfRevenue": 462700000, "grossProfit": 43700000, "grossProfitRatio": 0.0862954186, "researchAndDevelopmentExpenses": 0, "generalAndAdministrativeExpenses": 0, "sellingAndMarketingExpenses": 0, "sellingGeneralAndAdministrativeExpenses": 33400000, "otherExpenses": 11400000, "operatingExpenses": 44800000, "costAndExpenses": 507500000, "interestIncome": 0, "interestExpense": 10700000, "depreciationAndAmortization": 11400000, "ebitda": 7600000, "ebitdaratio": 0.0150078989, "operatingIncome": -1100000, "operatingIncomeRatio": -0.0021721959, "totalOtherIncomeExpensesNet": 2700000, "incomeBeforeTax": -11800000, "incomeBeforeTaxRatio": -0.0233017378, "incomeTaxExpense": -3900000, "netIncome": -7900000, "netIncomeRatio": -0.015600316, "eps": -0.34, "epsdiluted": -0.34, "weightedAverageShsOut": 23235294, "weightedAverageShsOutDil": 23235294, "link": null, "finalLink": null, "calculatedOtherExpenses": 11400000, "calculatedOperatingExpenses": 44800000, "calculatedNetInterest": -10700000, "calculatedOtherIncome": 0, "calculatedIncomeNonControlling": 0, "calculatedEbitda": 10300000}, {"date": "1987-09-30", "symbol": "PPC", "reportedCurrency": "USD", "cik": "0000802481", "fillingDate": "1987-09-30", "acceptedDate": "1987-09-30 00:00:00", "calendarYear": "1987", "period": "FY", "revenue": 421700000, "costOfRevenue": 369900000, "grossProfit": 51800000, "grossProfitRatio": 0.1228361394, "researchAndDevelopmentExpenses": 0, "generalAndAdministrativeExpenses": 0, "sellingAndMarketingExpenses": 0, "sellingGeneralAndAdministrativeExpenses": 22400000, "otherExpenses": 8500000, "operatingExpenses": 30900000, "costAndExpenses": 400800000, "interestIncome": 0, "interestExpense": 2800000, "depreciationAndAmortization": 8500000, "ebitda": 27500000, "ebitdaratio": 0.0652122362, "operatingIncome": 20900000, "operatingIncomeRatio": 0.0495612995, "totalOtherIncomeExpensesNet": 1900000, "incomeBeforeTax": 18100000, "incomeBeforeTaxRatio": 0.0429215082, "incomeTaxExpense": 7800000, "netIncome": 10300000, "netIncomeRatio": 0.0244249466, "eps": 0.46, "epsdiluted": 0.46, "weightedAverageShsOut": 22391304, "weightedAverageShsOutDil": 22391304, "link": null, "finalLink": null, "calculatedOtherExpenses": 8500000, "calculatedOperatingExpenses": 30900000, "calculatedNetInterest": -2800000, "calculatedOtherIncome": 0, "calculatedIncomeNonControlling": 0, "calculatedEbitda": 29400000}, {"date": "1986-09-30", "symbol": "PPC", "reportedCurrency": "USD", "cik": "0000802481", "fillingDate": "1986-09-30", "acceptedDate": "1986-09-30 00:00:00", "calendarYear": "1986", "period": "FY", "revenue": 375200000, "costOfRevenue": 317200000, "grossProfit": 58000000, "grossProfitRatio": 0.1545842217, "researchAndDevelopmentExpenses": 0, "generalAndAdministrativeExpenses": 0, "sellingAndMarketingExpenses": 0, "sellingGeneralAndAdministrativeExpenses": 15000000, "otherExpenses": 6200000, "operatingExpenses": 21200000, "costAndExpenses": 338400000, "interestIncome": 0, "interestExpense": 4100000, "depreciationAndAmortization": 6200000, "ebitda": 42700000, "ebitdaratio": 0.1138059701, "operatingIncome": 36800000, "operatingIncomeRatio": 0.0980810235, "totalOtherIncomeExpensesNet": 300000, "incomeBeforeTax": 32700000, "incomeBeforeTaxRatio": 0.0871535181, "incomeTaxExpense": 13600000, "netIncome": 19100000, "netIncomeRatio": 0.0509061834, "eps": 0.87, "epsdiluted": 0.87, "weightedAverageShsOut": 21954023, "weightedAverageShsOutDil": 21954023, "link": null, "finalLink": null, "calculatedOtherExpenses": 6200000, "calculatedOperatingExpenses": 21200000, "calculatedNetInterest": -4100000, "calculatedOtherIncome": 0, "calculatedIncomeNonControlling": 0, "calculatedEbitda": 43000000}, {"date": "1985-09-30", "symbol": "PPC", "reportedCurrency": "USD", "cik": "0000802481", "fillingDate": "1985-09-30", "acceptedDate": "1985-09-30 00:00:00", "calendarYear": "1985", "period": "FY", "revenue": 301500000, "costOfRevenue": 264500000, "grossProfit": 37000000, "grossProfitRatio": 0.1227197347, "researchAndDevelopmentExpenses": 0, "generalAndAdministrativeExpenses": 0, "sellingAndMarketingExpenses": 0, "sellingGeneralAndAdministrativeExpenses": 14200000, "otherExpenses": 4000000, "operatingExpenses": 18200000, "costAndExpenses": 282700000, "interestIncome": 0, "interestExpense": 3300000, "depreciationAndAmortization": 4000000, "ebitda": 22500000, "ebitdaratio": 0.0746268657, "operatingIncome": 18800000, "operatingIncomeRatio": 0.0623548922, "totalOtherIncomeExpensesNet": 300000, "incomeBeforeTax": 15500000, "incomeBeforeTaxRatio": 0.0514096186, "incomeTaxExpense": 6300000, "netIncome": 9200000, "netIncomeRatio": 0.0305140962, "eps": 0.26, "epsdiluted": 0.26, "weightedAverageShsOut": 21875000, "weightedAverageShsOutDil": 21875000, "link": null, "finalLink": null, "calculatedOtherExpenses": 4000000, "calculatedOperatingExpenses": 18200000, "calculatedNetInterest": -3300000, "calculatedOtherIncome": 0, "calculatedIncomeNonControlling": 0, "calculatedEbitda": 22800000}]}