{"originalCurrency": "USD", "convertedCurrency": "USD", "report": [{"date": "2023-12-31", "symbol": "PPG", "reportedCurrency": "USD", "cik": "0000079879", "fillingDate": "2024-02-15", "acceptedDate": "2024-02-15 13:10:22", "calendarYear": "2023", "period": "FY", "revenue": 18246000000, "costOfRevenue": 10745000000, "grossProfit": 7501000000, "grossProfitRatio": 0.4111038036, "researchAndDevelopmentExpenses": 433000000, "generalAndAdministrativeExpenses": 4442000000, "sellingAndMarketingExpenses": 285000000, "sellingGeneralAndAdministrativeExpenses": 4442000000, "otherExpenses": -24000000, "operatingExpenses": 5433000000, "costAndExpenses": 16178000000, "interestIncome": 140000000, "interestExpense": 247000000, "depreciationAndAmortization": 558000000, "ebitda": 2267000000, "ebitdaratio": 0.1242464102, "operatingIncome": 1709000000, "operatingIncomeRatio": 0.0936643648, "totalOtherIncomeExpensesNet": 39000000, "incomeBeforeTax": 1748000000, "incomeBeforeTaxRatio": 0.0958018196, "incomeTaxExpense": 439000000, "netIncome": 1270000000, "netIncomeRatio": 0.0696042968, "eps": 5.38, "epsdiluted": 5.35, "weightedAverageShsOut": 236000000, "weightedAverageShsOutDil": 237200000, "link": "https://www.sec.gov/Archives/edgar/data/79879/000007987924000040/0000079879-24-000040-index.htm", "finalLink": "https://www.sec.gov/Archives/edgar/data/79879/000007987924000040/ppg-20231231.htm", "calculatedOtherExpenses": 917000000, "calculatedOperatingExpenses": 5792000000, "calculatedNetInterest": -107000000, "calculatedOtherIncome": 146000000, "calculatedIncomeNonControlling": 39000000, "calculatedEbitda": 2267000000}, {"date": "2022-12-31", "symbol": "PPG", "reportedCurrency": "USD", "cik": "0000079879", "fillingDate": "2023-02-16", "acceptedDate": "2023-02-16 15:02:36", "calendarYear": "2022", "period": "FY", "revenue": 17652000000, "costOfRevenue": 11096000000, "grossProfit": 6556000000, "grossProfitRatio": 0.3714026739, "researchAndDevelopmentExpenses": 448000000, "generalAndAdministrativeExpenses": 3842000000, "sellingAndMarketingExpenses": 252000000, "sellingGeneralAndAdministrativeExpenses": 3842000000, "otherExpenses": 17000000, "operatingExpenses": 4844000000, "costAndExpenses": 16158000000, "interestIncome": 54000000, "interestExpense": 167000000, "depreciationAndAmortization": 554000000, "ebitda": 2380000000, "ebitdaratio": 0.1348289146, "operatingIncome": 1722000000, "operatingIncomeRatio": 0.0975526852, "totalOtherIncomeExpensesNet": -341000000, "incomeBeforeTax": 1381000000, "incomeBeforeTaxRatio": 0.0782347609, "incomeTaxExpense": 325000000, "netIncome": 1026000000, "netIncomeRatio": 0.0581237254, "eps": 4.35, "epsdiluted": 4.32, "weightedAverageShsOut": 236100000, "weightedAverageShsOutDil": 237300000, "link": "https://www.sec.gov/Archives/edgar/data/79879/000007987923000007/0000079879-23-000007-index.htm", "finalLink": "https://www.sec.gov/Archives/edgar/data/79879/000007987923000007/ppg-20221231.htm", "calculatedOtherExpenses": 544000000, "calculatedOperatingExpenses": 4834000000, "calculatedNetInterest": -113000000, "calculatedOtherIncome": -228000000, "calculatedIncomeNonControlling": 30000000, "calculatedEbitda": 2276000000}, {"date": "2021-12-31", "symbol": "PPG", "reportedCurrency": "USD", "cik": "0000079879", "fillingDate": "2022-02-17", "acceptedDate": "2022-02-17 11:55:46", "calendarYear": "2021", "period": "FY", "revenue": 16802000000, "costOfRevenue": 10286000000, "grossProfit": 6516000000, "grossProfitRatio": 0.3878109749, "researchAndDevelopmentExpenses": 439000000, "generalAndAdministrativeExpenses": 3830000000, "sellingAndMarketingExpenses": 243000000, "sellingGeneralAndAdministrativeExpenses": 3830000000, "otherExpenses": -5000000, "operatingExpenses": 4830000000, "costAndExpenses": 14892000000, "interestIncome": 26000000, "interestExpense": 121000000, "depreciationAndAmortization": 561000000, "ebitda": 2549000000, "ebitdaratio": 0.15170813, "operatingIncome": 1822000000, "operatingIncomeRatio": 0.1084394715, "totalOtherIncomeExpensesNet": -7000000, "incomeBeforeTax": 1815000000, "incomeBeforeTaxRatio": 0.1080228544, "incomeTaxExpense": 374000000, "netIncome": 1439000000, "netIncomeRatio": 0.0856445661, "eps": 6.06, "epsdiluted": 6.01, "weightedAverageShsOut": 237600000, "weightedAverageShsOutDil": 239400000, "link": "https://www.sec.gov/Archives/edgar/data/79879/000007987922000009/0000079879-22-000009-index.htm", "finalLink": "https://www.sec.gov/Archives/edgar/data/79879/000007987922000009/ppg-20211231.htm", "calculatedOtherExpenses": 425000000, "calculatedOperatingExpenses": 4694000000, "calculatedNetInterest": -95000000, "calculatedOtherIncome": 88000000, "calculatedIncomeNonControlling": 2000000, "calculatedEbitda": 2383000000}, {"date": "2020-12-31", "symbol": "PPG", "reportedCurrency": "USD", "cik": "0000079879", "fillingDate": "2021-02-18", "acceptedDate": "2021-02-18 13:00:12", "calendarYear": "2020", "period": "FY", "revenue": 13834000000, "costOfRevenue": 7777000000, "grossProfit": 6057000000, "grossProfitRatio": 0.4378343212, "researchAndDevelopmentExpenses": 379000000, "generalAndAdministrativeExpenses": 3389000000, "sellingAndMarketingExpenses": 223000000, "sellingGeneralAndAdministrativeExpenses": 3389000000, "otherExpenses": -42000000, "operatingExpenses": 4277000000, "costAndExpenses": 12357000000, "interestIncome": 23000000, "interestExpense": 138000000, "depreciationAndAmortization": 509000000, "ebitda": 2276000000, "ebitdaratio": 0.1645221917, "operatingIncome": 1789000000, "operatingIncomeRatio": 0.129319069, "totalOtherIncomeExpensesNet": -405000000, "incomeBeforeTax": 1362000000, "incomeBeforeTaxRatio": 0.0984530866, "incomeTaxExpense": 291000000, "netIncome": 1059000000, "netIncomeRatio": 0.0765505277, "eps": 4.47, "epsdiluted": 4.45, "weightedAverageShsOut": 236800000, "weightedAverageShsOutDil": 237900000, "link": "https://www.sec.gov/Archives/edgar/data/79879/000007987921000008/0000079879-21-000008-index.htm", "finalLink": "https://www.sec.gov/Archives/edgar/data/79879/000007987921000008/ppg-20201231.htm", "calculatedOtherExpenses": 500000000, "calculatedOperatingExpenses": 4268000000, "calculatedNetInterest": -115000000, "calculatedOtherIncome": -312000000, "calculatedIncomeNonControlling": 12000000, "calculatedEbitda": 2298000000}, {"date": "2019-12-31", "symbol": "PPG", "reportedCurrency": "USD", "cik": "0000079879", "fillingDate": "2020-02-20", "acceptedDate": "2020-02-20 11:43:37", "calendarYear": "2019", "period": "FY", "revenue": 15146000000, "costOfRevenue": 8653000000, "grossProfit": 6493000000, "grossProfitRatio": 0.4286940446, "researchAndDevelopmentExpenses": 432000000, "generalAndAdministrativeExpenses": 3604000000, "sellingAndMarketingExpenses": 283000000, "sellingGeneralAndAdministrativeExpenses": 3604000000, "otherExpenses": -76000000, "operatingExpenses": 4547000000, "costAndExpenses": 13385000000, "interestIncome": 32000000, "interestExpense": 132000000, "depreciationAndAmortization": 511000000, "ebitda": 2480000000, "ebitdaratio": 0.1637396012, "operatingIncome": 1822000000, "operatingIncomeRatio": 0.1202957877, "totalOtherIncomeExpensesNet": -308000000, "incomeBeforeTax": 1661000000, "incomeBeforeTaxRatio": 0.1096659184, "incomeTaxExpense": 392000000, "netIncome": 1243000000, "netIncomeRatio": 0.0820678727, "eps": 5.25, "epsdiluted": 5.22, "weightedAverageShsOut": 236900000, "weightedAverageShsOutDil": 238200000, "link": "https://www.sec.gov/Archives/edgar/data/79879/000007987920000008/0000079879-20-000008-index.htm", "finalLink": "https://www.sec.gov/Archives/edgar/data/79879/000007987920000008/ppg201910k.htm", "calculatedOtherExpenses": 635000000, "calculatedOperatingExpenses": 4671000000, "calculatedNetInterest": -100000000, "calculatedOtherIncome": -61000000, "calculatedIncomeNonControlling": 26000000, "calculatedEbitda": 2333000000}, {"date": "2018-12-31", "symbol": "PPG", "reportedCurrency": "USD", "cik": "0000079879", "fillingDate": "2019-02-21", "acceptedDate": "2019-02-21 11:53:01", "calendarYear": "2018", "period": "FY", "revenue": 15374000000, "costOfRevenue": 9001000000, "grossProfit": 6373000000, "grossProfitRatio": 0.4145310264, "researchAndDevelopmentExpenses": 441000000, "generalAndAdministrativeExpenses": 3573000000, "sellingAndMarketingExpenses": 280000000, "sellingGeneralAndAdministrativeExpenses": 3573000000, "otherExpenses": -115000000, "operatingExpenses": 4511000000, "costAndExpenses": 13586000000, "interestIncome": 23000000, "interestExpense": 118000000, "depreciationAndAmortization": 497000000, "ebitda": 2374000000, "ebitdaratio": 0.1544165474, "operatingIncome": 1691000000, "operatingIncomeRatio": 0.1099908937, "totalOtherIncomeExpensesNet": -74000000, "incomeBeforeTax": 1693000000, "incomeBeforeTaxRatio": 0.1101209835, "incomeTaxExpense": 353000000, "netIncome": 1341000000, "netIncomeRatio": 0.0872251854, "eps": 5.5, "epsdiluted": 5.46, "weightedAverageShsOut": 243900000, "weightedAverageShsOutDil": 245400000, "link": "https://www.sec.gov/Archives/edgar/data/79879/000007987919000008/0000079879-19-000008-index.htm", "finalLink": "https://www.sec.gov/Archives/edgar/data/79879/000007987919000008/ppg201810k.htm", "calculatedOtherExpenses": 668000000, "calculatedOperatingExpenses": 4682000000, "calculatedNetInterest": -95000000, "calculatedOtherIncome": 97000000, "calculatedIncomeNonControlling": -1000000, "calculatedEbitda": 2188000000}, {"date": "2017-12-31", "symbol": "PPG", "reportedCurrency": "USD", "cik": "0000079879", "fillingDate": "2018-02-15", "acceptedDate": "2018-02-15 16:30:58", "calendarYear": "2017", "period": "FY", "revenue": 14750000000, "costOfRevenue": 8204000000, "grossProfit": 6546000000, "grossProfitRatio": 0.4437966102, "researchAndDevelopmentExpenses": 453000000, "generalAndAdministrativeExpenses": 3630000000, "sellingAndMarketingExpenses": 313000000, "sellingGeneralAndAdministrativeExpenses": 3630000000, "otherExpenses": -84000000, "operatingExpenses": 4543000000, "costAndExpenses": 12658000000, "interestIncome": 20000000, "interestExpense": 105000000, "depreciationAndAmortization": 460000000, "ebitda": 2573000000, "ebitdaratio": 0.174440678, "operatingIncome": 1986000000, "operatingIncomeRatio": 0.1346440678, "totalOtherIncomeExpensesNet": 90000000, "incomeBeforeTax": 2008000000, "incomeBeforeTaxRatio": 0.1361355932, "incomeTaxExpense": 579000000, "netIncome": 1594000000, "netIncomeRatio": 0.1080677966, "eps": 6.22, "epsdiluted": 6.18, "weightedAverageShsOut": 256100000, "weightedAverageShsOutDil": 257800000, "link": "https://www.sec.gov/Archives/edgar/data/79879/000007987918000010/0000079879-18-000010-index.htm", "finalLink": "https://www.sec.gov/Archives/edgar/data/79879/000007987918000010/ppg201710k.htm", "calculatedOtherExpenses": 477000000, "calculatedOperatingExpenses": 4560000000, "calculatedNetInterest": -85000000, "calculatedOtherIncome": 107000000, "calculatedIncomeNonControlling": -165000000, "calculatedEbitda": 2446000000}, {"date": "2016-12-31", "symbol": "PPG", "reportedCurrency": "USD", "cik": "0000079879", "fillingDate": "2017-02-16", "acceptedDate": "2017-02-16 16:25:25", "calendarYear": "2016", "period": "FY", "revenue": 14751000000, "costOfRevenue": 8063000000, "grossProfit": 6688000000, "grossProfitRatio": 0.4533929903, "researchAndDevelopmentExpenses": 466000000, "generalAndAdministrativeExpenses": 5050000000, "sellingAndMarketingExpenses": 322000000, "sellingGeneralAndAdministrativeExpenses": 5050000000, "otherExpenses": -98000000, "operatingExpenses": 5594000000, "costAndExpenses": 13392000000, "interestIncome": 26000000, "interestExpense": 125000000, "depreciationAndAmortization": 462000000, "ebitda": 1584000000, "ebitdaratio": 0.1073825503, "operatingIncome": 1983000000, "operatingIncomeRatio": 0.134431564, "totalOtherIncomeExpensesNet": -168000000, "incomeBeforeTax": 827000000, "incomeBeforeTaxRatio": 0.0560639957, "incomeTaxExpense": 241000000, "netIncome": 873000000, "netIncomeRatio": 0.0591824283, "eps": 3.3, "epsdiluted": 3.28, "weightedAverageShsOut": 265600000, "weightedAverageShsOutDil": 267400000, "link": "https://www.sec.gov/Archives/edgar/data/79879/000007987917000009/0000079879-17-000009-index.htm", "finalLink": "https://www.sec.gov/Archives/edgar/data/79879/000007987917000009/ppg201610k.htm", "calculatedOtherExpenses": -811000000, "calculatedOperatingExpenses": 4705000000, "calculatedNetInterest": -99000000, "calculatedOtherIncome": -1057000000, "calculatedIncomeNonControlling": -287000000, "calculatedEbitda": 2445000000}, {"date": "2015-12-31", "symbol": "PPG", "reportedCurrency": "USD", "cik": "0000079879", "fillingDate": "2016-02-18", "acceptedDate": "2016-02-18 14:48:14", "calendarYear": "2015", "period": "FY", "revenue": 15330000000, "costOfRevenue": 8591000000, "grossProfit": 6739000000, "grossProfitRatio": 0.4395955643, "researchAndDevelopmentExpenses": 486000000, "generalAndAdministrativeExpenses": 3679000000, "sellingAndMarketingExpenses": 486000000, "sellingGeneralAndAdministrativeExpenses": 4165000000, "otherExpenses": -15000000, "operatingExpenses": 4660000000, "costAndExpenses": 12410000000, "interestIncome": 40000000, "interestExpense": 126000000, "depreciationAndAmortization": 495000000, "ebitda": 2643000000, "ebitdaratio": 0.172407045, "operatingIncome": 1851000000, "operatingIncomeRatio": 0.1207436399, "totalOtherIncomeExpensesNet": -111000000, "incomeBeforeTax": 1882000000, "incomeBeforeTaxRatio": 0.1227658187, "incomeTaxExpense": 456000000, "netIncome": 1406000000, "netIncomeRatio": 0.0917155903, "eps": 5.18, "epsdiluted": 5.14, "weightedAverageShsOut": 271400000, "weightedAverageShsOutDil": 273600000, "link": "https://www.sec.gov/Archives/edgar/data/79879/000007987916000065/0000079879-16-000065-index.htm", "finalLink": "https://www.sec.gov/Archives/edgar/data/79879/000007987916000065/ppg-20151231x10k.htm", "calculatedOtherExpenses": 237000000, "calculatedOperatingExpenses": 4888000000, "calculatedNetInterest": -86000000, "calculatedOtherIncome": 117000000, "calculatedIncomeNonControlling": 20000000, "calculatedEbitda": 2346000000}, {"date": "2014-12-31", "symbol": "PPG", "reportedCurrency": "USD", "cik": "0000079879", "fillingDate": "2015-02-19", "acceptedDate": "2015-02-19 11:42:21", "calendarYear": "2014", "period": "FY", "revenue": 15360000000, "costOfRevenue": 8791000000, "grossProfit": 6569000000, "grossProfitRatio": 0.4276692708, "researchAndDevelopmentExpenses": 492000000, "generalAndAdministrativeExpenses": 3758000000, "sellingAndMarketingExpenses": 492000000, "sellingGeneralAndAdministrativeExpenses": 4250000000, "otherExpenses": -150000000, "operatingExpenses": 4726000000, "costAndExpenses": 13308000000, "interestIncome": 50000000, "interestExpense": 187000000, "depreciationAndAmortization": 476000000, "ebitda": 2079000000, "ebitdaratio": 0.1353515625, "operatingIncome": 1550000000, "operatingIncomeRatio": 0.1009114583, "totalOtherIncomeExpensesNet": 27000000, "incomeBeforeTax": 1416000000, "incomeBeforeTaxRatio": 0.0921875, "incomeTaxExpense": 259000000, "netIncome": 2102000000, "netIncomeRatio": 0.1368489583, "eps": 7.6, "epsdiluted": 7.52, "weightedAverageShsOut": 276600000, "weightedAverageShsOutDil": 279600000, "link": "https://www.sec.gov/Archives/edgar/data/79879/000007987915000009/0000079879-15-000009-index.htm", "finalLink": "https://www.sec.gov/Archives/edgar/data/79879/000007987915000009/ppg-20141231x10k.htm", "calculatedOtherExpenses": 277000000, "calculatedOperatingExpenses": 5019000000, "calculatedNetInterest": -137000000, "calculatedOtherIncome": 3000000, "calculatedIncomeNonControlling": -945000000, "calculatedEbitda": 2026000000}, {"date": "2013-12-31", "symbol": "PPG", "reportedCurrency": "USD", "cik": "0000079879", "fillingDate": "2014-02-20", "acceptedDate": "2014-02-20 11:41:47", "calendarYear": "2013", "period": "FY", "revenue": 15108000000, "costOfRevenue": 8636000000, "grossProfit": 6472000000, "grossProfitRatio": 0.428382314, "researchAndDevelopmentExpenses": 488000000, "generalAndAdministrativeExpenses": 3699000000, "sellingAndMarketingExpenses": 488000000, "sellingGeneralAndAdministrativeExpenses": 4187000000, "otherExpenses": -119000000, "operatingExpenses": 4662000000, "costAndExpenses": 12886000000, "interestIncome": 43000000, "interestExpense": 196000000, "depreciationAndAmortization": 475000000, "ebitda": 2258000000, "ebitdaratio": 0.1494572412, "operatingIncome": 1550000000, "operatingIncomeRatio": 0.1025946518, "totalOtherIncomeExpensesNet": -168000000, "incomeBeforeTax": 1489000000, "incomeBeforeTaxRatio": 0.0985570559, "incomeTaxExpense": 333000000, "netIncome": 3231000000, "netIncomeRatio": 0.2138602065, "eps": 11.27, "epsdiluted": 11.14, "weightedAverageShsOut": 286800000, "weightedAverageShsOutDil": 290200000, "link": "https://www.sec.gov/Archives/edgar/data/79879/000007987914000010/0000079879-14-000010-index.htm", "finalLink": "https://www.sec.gov/Archives/edgar/data/79879/000007987914000010/ppg-20131231x10k.htm", "calculatedOtherExpenses": 247000000, "calculatedOperatingExpenses": 4922000000, "calculatedNetInterest": -153000000, "calculatedOtherIncome": 92000000, "calculatedIncomeNonControlling": -2075000000, "calculatedEbitda": 2025000000}, {"date": "2012-12-31", "symbol": "PPG", "reportedCurrency": "USD", "cik": "0000079879", "fillingDate": "2013-02-21", "acceptedDate": "2013-02-21 10:37:46", "calendarYear": "2012", "period": "FY", "revenue": 15200000000, "costOfRevenue": 9069000000, "grossProfit": 6131000000, "grossProfitRatio": 0.4033552632, "researchAndDevelopmentExpenses": 455000000, "generalAndAdministrativeExpenses": 3335000000, "sellingAndMarketingExpenses": 455000000, "sellingGeneralAndAdministrativeExpenses": 3790000000, "otherExpenses": -160000000, "operatingExpenses": 4255000000, "costAndExpenses": 11688000000, "interestIncome": 39000000, "interestExpense": 210000000, "depreciationAndAmortization": 465000000, "ebitda": 2285000000, "ebitdaratio": 0.1503289474, "operatingIncome": 1216000000, "operatingIncomeRatio": 0.08, "totalOtherIncomeExpensesNet": -303000000, "incomeBeforeTax": 1402000000, "incomeBeforeTaxRatio": 0.0922368421, "incomeTaxExpense": 338000000, "netIncome": 941000000, "netIncomeRatio": 0.0619078947, "eps": 3.07, "epsdiluted": 3.03, "weightedAverageShsOut": 306800000, "weightedAverageShsOutDil": 310200000, "link": "https://www.sec.gov/Archives/edgar/data/79879/000007987913000016/0000079879-13-000016-index.htm", "finalLink": "https://www.sec.gov/Archives/edgar/data/79879/000007987913000016/ppg-20121231x10k.htm", "calculatedOtherExpenses": 670000000, "calculatedOperatingExpenses": 4915000000, "calculatedNetInterest": -171000000, "calculatedOtherIncome": 357000000, "calculatedIncomeNonControlling": 123000000, "calculatedEbitda": 1681000000}, {"date": "2011-12-31", "symbol": "PPG", "reportedCurrency": "USD", "cik": "0000079879", "fillingDate": "2012-02-16", "acceptedDate": "2012-02-16 11:47:39", "calendarYear": "2011", "period": "FY", "revenue": 14885000000, "costOfRevenue": 9081000000, "grossProfit": 5804000000, "grossProfitRatio": 0.389922741, "researchAndDevelopmentExpenses": 430000000, "generalAndAdministrativeExpenses": 3122000000, "sellingAndMarketingExpenses": 542000000, "sellingGeneralAndAdministrativeExpenses": 3664000000, "otherExpenses": 467000000, "operatingExpenses": 4131000000, "costAndExpenses": 13212000000, "interestIncome": 42000000, "interestExpense": 210000000, "depreciationAndAmortization": 467000000, "ebitda": 2182000000, "ebitdaratio": 0.1465905274, "operatingIncome": 1673000000, "operatingIncomeRatio": 0.1123950286, "totalOtherIncomeExpensesNet": 92000000, "incomeBeforeTax": 1597000000, "incomeBeforeTaxRatio": 0.1072892173, "incomeTaxExpense": 385000000, "netIncome": 1095000000, "netIncomeRatio": 0.0735639906, "eps": 3.48, "epsdiluted": 3.44, "weightedAverageShsOut": 314600000, "weightedAverageShsOutDil": 318600000, "link": "https://www.sec.gov/Archives/edgar/data/79879/000119312512064763/0001193125-12-064763-index.htm", "finalLink": "https://www.sec.gov/Archives/edgar/data/79879/000119312512064763/d260697d10k.htm", "calculatedOtherExpenses": 37000000, "calculatedOperatingExpenses": 4131000000, "calculatedNetInterest": -168000000, "calculatedOtherIncome": 92000000, "calculatedIncomeNonControlling": 117000000, "calculatedEbitda": 2140000000}, {"date": "2010-12-31", "symbol": "PPG", "reportedCurrency": "USD", "cik": "0000079879", "fillingDate": "2011-02-17", "acceptedDate": "2011-02-17 10:14:47", "calendarYear": "2010", "period": "FY", "revenue": 13423000000, "costOfRevenue": 8214000000, "grossProfit": 5209000000, "grossProfitRatio": 0.3880652611, "researchAndDevelopmentExpenses": 394000000, "generalAndAdministrativeExpenses": 2979000000, "sellingAndMarketingExpenses": 394000000, "sellingGeneralAndAdministrativeExpenses": 3373000000, "otherExpenses": 482000000, "operatingExpenses": 3725000000, "costAndExpenses": 11939000000, "interestIncome": 34000000, "interestExpense": 189000000, "depreciationAndAmortization": 470000000, "ebitda": 1954000000, "ebitdaratio": 0.1455710348, "operatingIncome": 1354000000, "operatingIncomeRatio": 0.1008716382, "totalOtherIncomeExpensesNet": 96000000, "incomeBeforeTax": 1295000000, "incomeBeforeTaxRatio": 0.0964761976, "incomeTaxExpense": 415000000, "netIncome": 769000000, "netIncomeRatio": 0.0572897266, "eps": 2.34, "epsdiluted": 2.32, "weightedAverageShsOut": 329000000, "weightedAverageShsOutDil": 329000000, "link": "https://www.sec.gov/Archives/edgar/data/79879/000119312511038642/0001193125-11-038642-index.htm", "finalLink": "https://www.sec.gov/Archives/edgar/data/79879/000119312511038642/d10k.htm", "calculatedOtherExpenses": 88000000, "calculatedOperatingExpenses": 3855000000, "calculatedNetInterest": -155000000, "calculatedOtherIncome": 96000000, "calculatedIncomeNonControlling": 111000000, "calculatedEbitda": 1824000000}, {"date": "2009-12-31", "symbol": "PPG", "reportedCurrency": "USD", "cik": "0000079879", "fillingDate": "2010-02-18", "acceptedDate": "2010-02-18 10:57:26", "calendarYear": "2009", "period": "FY", "revenue": 12239000000, "costOfRevenue": 7539000000, "grossProfit": 4700000000, "grossProfitRatio": 0.3840183021, "researchAndDevelopmentExpenses": 388000000, "generalAndAdministrativeExpenses": 0, "sellingAndMarketingExpenses": 3324000000, "sellingGeneralAndAdministrativeExpenses": 3324000000, "otherExpenses": 493000000, "operatingExpenses": 3704000000, "costAndExpenses": 11243000000, "interestIncome": 28000000, "interestExpense": 193000000, "depreciationAndAmortization": 480000000, "ebitda": 1476000000, "ebitdaratio": 0.1205980881, "operatingIncome": 883000000, "operatingIncomeRatio": 0.0721464172, "totalOtherIncomeExpensesNet": -186000000, "incomeBeforeTax": 617000000, "incomeBeforeTaxRatio": 0.0504126154, "incomeTaxExpense": 191000000, "netIncome": 336000000, "netIncomeRatio": 0.0274532233, "eps": 1.02, "epsdiluted": 1.01, "weightedAverageShsOut": 329600000, "weightedAverageShsOutDil": 331000000, "link": "https://www.sec.gov/Archives/edgar/data/79879/000119312510033939/0001193125-10-033939-index.htm", "finalLink": "https://www.sec.gov/Archives/edgar/data/79879/000119312510033939/d10k.htm", "calculatedOtherExpenses": 105000000, "calculatedOperatingExpenses": 3817000000, "calculatedNetInterest": -165000000, "calculatedOtherIncome": -101000000, "calculatedIncomeNonControlling": 90000000, "calculatedEbitda": 1363000000}, {"date": "2008-12-31", "symbol": "PPG", "reportedCurrency": "USD", "cik": "0000079879", "fillingDate": "2009-02-19", "acceptedDate": "2009-02-19 11:39:34", "calendarYear": "2008", "period": "FY", "revenue": 15849000000, "costOfRevenue": 10155000000, "grossProfit": 5694000000, "grossProfitRatio": 0.3592655688, "researchAndDevelopmentExpenses": 451000000, "generalAndAdministrativeExpenses": 0, "sellingAndMarketingExpenses": 0, "sellingGeneralAndAdministrativeExpenses": 3432000000, "otherExpenses": 567000000, "operatingExpenses": 563000000, "costAndExpenses": 10718000000, "interestIncome": 26000000, "interestExpense": 254000000, "depreciationAndAmortization": 563000000, "ebitda": 1725000000, "ebitdaratio": 0.1088396744, "operatingIncome": 1244000000, "operatingIncomeRatio": 0.0784907565, "totalOtherIncomeExpensesNet": -108000000, "incomeBeforeTax": 908000000, "incomeBeforeTaxRatio": 0.0572906808, "incomeTaxExpense": 284000000, "netIncome": 538000000, "netIncomeRatio": 0.0339453593, "eps": 1.64, "epsdiluted": 1.63, "weightedAverageShsOut": 329200000, "weightedAverageShsOutDil": 331076923, "link": "https://www.sec.gov/Archives/edgar/data/79879/000119312509032796/0001193125-09-032796-index.htm", "finalLink": "https://www.sec.gov/Archives/edgar/data/79879/000119312509032796/d10k.htm", "calculatedOtherExpenses": 567000000, "calculatedOperatingExpenses": 4450000000, "calculatedNetInterest": -228000000, "calculatedOtherIncome": -108000000, "calculatedIncomeNonControlling": 86000000, "calculatedEbitda": 1807000000}, {"date": "2007-12-31", "symbol": "PPG", "reportedCurrency": "USD", "cik": "0000079879", "fillingDate": "2008-02-21", "acceptedDate": "2008-02-21 14:45:57", "calendarYear": "2007", "period": "FY", "revenue": 11206000000, "costOfRevenue": 7087000000, "grossProfit": 4119000000, "grossProfitRatio": 0.3675709441, "researchAndDevelopmentExpenses": 339000000, "generalAndAdministrativeExpenses": 0, "sellingAndMarketingExpenses": 0, "sellingGeneralAndAdministrativeExpenses": 2136000000, "otherExpenses": 380000000, "operatingExpenses": 2855000000, "costAndExpenses": 9942000000, "interestIncome": 20000000, "interestExpense": 93000000, "depreciationAndAmortization": 380000000, "ebitda": 1592000000, "ebitdaratio": 0.14206675, "operatingIncome": 1264000000, "operatingIncomeRatio": 0.112796716, "totalOtherIncomeExpensesNet": 52000000, "incomeBeforeTax": 1243000000, "incomeBeforeTaxRatio": 0.11092272, "incomeTaxExpense": 355000000, "netIncome": 834000000, "netIncomeRatio": 0.0744244155, "eps": 2.54, "epsdiluted": 2.52, "weightedAverageShsOut": 329000000, "weightedAverageShsOutDil": 329000000, "link": "https://www.sec.gov/Archives/edgar/data/79879/000119312508035206/0001193125-08-035206-index.htm", "finalLink": "https://www.sec.gov/Archives/edgar/data/79879/000119312508035206/d10k.htm", "calculatedOtherExpenses": 380000000, "calculatedOperatingExpenses": 2855000000, "calculatedNetInterest": -73000000, "calculatedOtherIncome": 52000000, "calculatedIncomeNonControlling": 54000000, "calculatedEbitda": 1644000000}, {"date": "2006-12-31", "symbol": "PPG", "reportedCurrency": "USD", "cik": "0000079879", "fillingDate": "2007-02-21", "acceptedDate": "2007-02-21 15:28:24", "calendarYear": "2006", "period": "FY", "revenue": 11037000000, "costOfRevenue": 7036000000, "grossProfit": 4001000000, "grossProfitRatio": 0.3625079279, "researchAndDevelopmentExpenses": 318000000, "generalAndAdministrativeExpenses": 0, "sellingAndMarketingExpenses": 0, "sellingGeneralAndAdministrativeExpenses": 1980000000, "otherExpenses": 380000000, "operatingExpenses": 2678000000, "costAndExpenses": 9714000000, "interestIncome": 0, "interestExpense": 0, "depreciationAndAmortization": 380000000, "ebitda": 1897000000, "ebitdaratio": 0.1718764157, "operatingIncome": 1323000000, "operatingIncomeRatio": 0.1198695298, "totalOtherIncomeExpensesNet": -194000000, "incomeBeforeTax": 1060000000, "incomeBeforeTaxRatio": 0.0960405907, "incomeTaxExpense": 278000000, "netIncome": 711000000, "netIncomeRatio": 0.0644196793, "eps": 2.15, "epsdiluted": 2.13, "weightedAverageShsOut": 331468531, "weightedAverageShsOutDil": 333021077, "link": "https://www.sec.gov/Archives/edgar/data/79879/000119312507036001/0001193125-07-036001-index.htm", "finalLink": "https://www.sec.gov/Archives/edgar/data/79879/000119312507036001/d10k.htm", "calculatedOtherExpenses": 380000000, "calculatedOperatingExpenses": 2678000000, "calculatedNetInterest": 0, "calculatedOtherIncome": -263000000, "calculatedIncomeNonControlling": 71000000, "calculatedEbitda": 1703000000}, {"date": "2005-12-31", "symbol": "PPG", "reportedCurrency": "USD", "cik": "0000079879", "fillingDate": "2006-02-16", "acceptedDate": "2006-02-16 13:56:58", "calendarYear": "2005", "period": "FY", "revenue": 10201000000, "costOfRevenue": 6473000000, "grossProfit": 3728000000, "grossProfitRatio": 0.3654543672, "researchAndDevelopmentExpenses": 309000000, "generalAndAdministrativeExpenses": 0, "sellingAndMarketingExpenses": 0, "sellingGeneralAndAdministrativeExpenses": 1771000000, "otherExpenses": 372000000, "operatingExpenses": 2452000000, "costAndExpenses": 8925000000, "interestIncome": 0, "interestExpense": 0, "depreciationAndAmortization": 372000000, "ebitda": 1896000000, "ebitdaratio": 0.185864131, "operatingIncome": 1276000000, "operatingIncomeRatio": 0.1250857759, "totalOtherIncomeExpensesNet": -248000000, "incomeBeforeTax": 947000000, "incomeBeforeTaxRatio": 0.0928340359, "incomeTaxExpense": 282000000, "netIncome": 596000000, "netIncomeRatio": 0.0584256445, "eps": 1.76, "epsdiluted": 1.75, "weightedAverageShsOut": 339601140, "weightedAverageShsOutDil": 341547278, "link": "https://www.sec.gov/Archives/edgar/data/79879/000119312506033428/0001193125-06-033428-index.htm", "finalLink": "https://www.sec.gov/Archives/edgar/data/79879/000119312506033428/d10k.htm", "calculatedOtherExpenses": 372000000, "calculatedOperatingExpenses": 2452000000, "calculatedNetInterest": 0, "calculatedOtherIncome": -329000000, "calculatedIncomeNonControlling": 69000000, "calculatedEbitda": 1648000000}, {"date": "2004-12-31", "symbol": "PPG", "reportedCurrency": "USD", "cik": "0000079879", "fillingDate": "2005-02-17", "acceptedDate": "2005-02-17 13:34:43", "calendarYear": "2004", "period": "FY", "revenue": 9513000000, "costOfRevenue": 5999000000, "grossProfit": 3514000000, "grossProfitRatio": 0.3693892568, "researchAndDevelopmentExpenses": 303000000, "generalAndAdministrativeExpenses": 0, "sellingAndMarketingExpenses": 0, "sellingGeneralAndAdministrativeExpenses": 1715000000, "otherExpenses": 388000000, "operatingExpenses": 2406000000, "costAndExpenses": 8405000000, "interestIncome": 0, "interestExpense": 0, "depreciationAndAmortization": 388000000, "ebitda": 1484000000, "ebitdaratio": 0.1559970567, "operatingIncome": 1108000000, "operatingIncomeRatio": 0.1164721959, "totalOtherIncomeExpensesNet": 33000000, "incomeBeforeTax": 1063000000, "incomeBeforeTaxRatio": 0.111741827, "incomeTaxExpense": 322000000, "netIncome": 683000000, "netIncomeRatio": 0.071796489, "eps": 1.99, "epsdiluted": 1.98, "weightedAverageShsOut": 343216080, "weightedAverageShsOutDil": 345822785, "link": "https://www.sec.gov/Archives/edgar/data/79879/000119312505031817/0001193125-05-031817-index.htm", "finalLink": "https://www.sec.gov/Archives/edgar/data/79879/000119312505031817/d10k.htm", "calculatedOtherExpenses": 388000000, "calculatedOperatingExpenses": 2406000000, "calculatedNetInterest": 0, "calculatedOtherIncome": -45000000, "calculatedIncomeNonControlling": 58000000, "calculatedEbitda": 1496000000}, {"date": "2003-12-31", "symbol": "PPG", "reportedCurrency": "USD", "cik": "0000079879", "fillingDate": "2004-02-20", "acceptedDate": "2004-02-20 09:19:38", "calendarYear": "2003", "period": "FY", "revenue": 8756000000, "costOfRevenue": 5521000000, "grossProfit": 3235000000, "grossProfitRatio": 0.3694609411, "researchAndDevelopmentExpenses": 290000000, "generalAndAdministrativeExpenses": 0, "sellingAndMarketingExpenses": 0, "sellingGeneralAndAdministrativeExpenses": 1578000000, "otherExpenses": 394000000, "operatingExpenses": 2262000000, "costAndExpenses": 7783000000, "interestIncome": 0, "interestExpense": 0, "depreciationAndAmortization": 394000000, "ebitda": 1390000000, "ebitdaratio": 0.1587482869, "operatingIncome": 973000000, "operatingIncomeRatio": 0.1111238008, "totalOtherIncomeExpensesNet": -23000000, "incomeBeforeTax": 500000000, "incomeBeforeTaxRatio": 0.0571037003, "incomeTaxExpense": 293000000, "netIncome": 494000000, "netIncomeRatio": 0.0564184559, "eps": 1.46, "epsdiluted": 1.45, "weightedAverageShsOut": 339518900, "weightedAverageShsOutDil": 341868512, "link": "https://www.sec.gov/Archives/edgar/data/79879/000119312504026989/0001193125-04-026989-index.htm", "finalLink": "https://www.sec.gov/Archives/edgar/data/79879/000119312504026989/d10k.htm", "calculatedOtherExpenses": 394000000, "calculatedOperatingExpenses": 2262000000, "calculatedNetInterest": 0, "calculatedOtherIncome": -473000000, "calculatedIncomeNonControlling": -287000000, "calculatedEbitda": 1367000000}, {"date": "2002-12-31", "symbol": "PPG", "reportedCurrency": "USD", "cik": "0000079879", "fillingDate": "2003-02-21", "acceptedDate": "2003-02-21 16:01:25", "calendarYear": "2002", "period": "FY", "revenue": 8067000000, "costOfRevenue": 5066000000, "grossProfit": 3001000000, "grossProfitRatio": 0.3720094211, "researchAndDevelopmentExpenses": 273000000, "generalAndAdministrativeExpenses": 0, "sellingAndMarketingExpenses": 0, "sellingGeneralAndAdministrativeExpenses": 1419000000, "otherExpenses": 398000000, "operatingExpenses": 2090000000, "costAndExpenses": 7156000000, "interestIncome": 0, "interestExpense": 0, "depreciationAndAmortization": 398000000, "ebitda": 2128000000, "ebitdaratio": 0.2637907524, "operatingIncome": 911000000, "operatingIncomeRatio": 0.1129292178, "totalOtherIncomeExpensesNet": -820000000, "incomeBeforeTax": -28000000, "incomeBeforeTaxRatio": -0.003470931, "incomeTaxExpense": -7000000, "netIncome": -69000000, "netIncomeRatio": -0.0085533656, "eps": -0.2, "epsdiluted": -0.2, "weightedAverageShsOut": 336585366, "weightedAverageShsOutDil": 336585366, "link": "https://www.sec.gov/Archives/edgar/data/79879/000092701603000839/0000927016-03-000839-index.htm", "finalLink": "https://www.sec.gov/Archives/edgar/data/79879/000092701603000839/d10k.htm", "calculatedOtherExpenses": 398000000, "calculatedOperatingExpenses": 2090000000, "calculatedNetInterest": 0, "calculatedOtherIncome": -939000000, "calculatedIncomeNonControlling": 48000000, "calculatedEbitda": 1309000000}, {"date": "2001-12-31", "symbol": "PPG", "reportedCurrency": "USD", "cik": "0000079879", "fillingDate": "2002-02-22", "acceptedDate": "2002-02-22 00:00:00", "calendarYear": "2001", "period": "FY", "revenue": 8169000000, "costOfRevenue": 5137000000, "grossProfit": 3032000000, "grossProfitRatio": 0.3711592606, "researchAndDevelopmentExpenses": 266000000, "generalAndAdministrativeExpenses": 1395000000, "sellingAndMarketingExpenses": 0, "sellingGeneralAndAdministrativeExpenses": 1395000000, "otherExpenses": 447000000, "operatingExpenses": 2108000000, "costAndExpenses": 7245000000, "interestIncome": 0, "interestExpense": 0, "depreciationAndAmortization": 447000000, "ebitda": 1490000000, "ebitdaratio": 0.1823968662, "operatingIncome": 924000000, "operatingIncomeRatio": 0.1131105398, "totalOtherIncomeExpensesNet": -104000000, "incomeBeforeTax": 634000000, "incomeBeforeTaxRatio": 0.0776104786, "incomeTaxExpense": 247000000, "netIncome": 387000000, "netIncomeRatio": 0.0473742196, "eps": 1.15, "epsdiluted": 1.15, "weightedAverageShsOut": 336521739, "weightedAverageShsOutDil": 337991266, "link": "https://www.sec.gov/Archives/edgar/data/79879/000102140802002741/0001021408-02-002741-index.htm", "finalLink": "https://www.sec.gov/Archives/edgar/data/79879/000102140802002741/d10k.txt", "calculatedOtherExpenses": 447000000, "calculatedOperatingExpenses": 2108000000, "calculatedNetInterest": 0, "calculatedOtherIncome": -290000000, "calculatedIncomeNonControlling": 0, "calculatedEbitda": 1371000000}, {"date": "2000-12-31", "symbol": "PPG", "reportedCurrency": "USD", "cik": "0000079879", "fillingDate": "2001-02-16", "acceptedDate": "2001-02-16 00:00:00", "calendarYear": "2000", "period": "FY", "revenue": 8629000000, "costOfRevenue": 5334000000, "grossProfit": 3295000000, "grossProfitRatio": 0.3818518948, "researchAndDevelopmentExpenses": 282000000, "generalAndAdministrativeExpenses": 1364000000, "sellingAndMarketingExpenses": 0, "sellingGeneralAndAdministrativeExpenses": 1364000000, "otherExpenses": 447000000, "operatingExpenses": 2093000000, "costAndExpenses": 7427000000, "interestIncome": 0, "interestExpense": 0, "depreciationAndAmortization": 447000000, "ebitda": 1708000000, "ebitdaratio": 0.1979371886, "operatingIncome": 1202000000, "operatingIncomeRatio": 0.139297717, "totalOtherIncomeExpensesNet": -20000000, "incomeBeforeTax": 989000000, "incomeBeforeTaxRatio": 0.1146135126, "incomeTaxExpense": 369000000, "netIncome": 620000000, "netIncomeRatio": 0.0718507359, "eps": 1.8, "epsdiluted": 1.79, "weightedAverageShsOut": 344444444, "weightedAverageShsOutDil": 347338936, "link": "https://www.sec.gov/Archives/edgar/data/79879/000095013201000119/0000950132-01-000119-index.htm", "finalLink": "https://www.sec.gov/Archives/edgar/data/79879/000095013201000119/0000950132-01-000119-0001.txt", "calculatedOtherExpenses": 447000000, "calculatedOperatingExpenses": 2093000000, "calculatedNetInterest": 0, "calculatedOtherIncome": -213000000, "calculatedIncomeNonControlling": 0, "calculatedEbitda": 1649000000}, {"date": "1999-12-31", "symbol": "PPG", "reportedCurrency": "USD", "cik": "0000079879", "fillingDate": "2000-02-18", "acceptedDate": "2000-02-18 00:00:00", "calendarYear": "1999", "period": "FY", "revenue": 7757000000, "costOfRevenue": 4719000000, "grossProfit": 3038000000, "grossProfitRatio": 0.391646255, "researchAndDevelopmentExpenses": 284000000, "generalAndAdministrativeExpenses": 1230000000, "sellingAndMarketingExpenses": 0, "sellingGeneralAndAdministrativeExpenses": 1230000000, "otherExpenses": 415000000, "operatingExpenses": 1929000000, "costAndExpenses": 6648000000, "interestIncome": 0, "interestExpense": 0, "depreciationAndAmortization": 419000000, "ebitda": 1567000000, "ebitdaratio": 0.2020110868, "operatingIncome": 1109000000, "operatingIncomeRatio": 0.1429676421, "totalOtherIncomeExpensesNet": -11000000, "incomeBeforeTax": 945000000, "incomeBeforeTaxRatio": 0.121825448, "incomeTaxExpense": 377000000, "netIncome": 568000000, "netIncomeRatio": 0.0732241846, "eps": 1.64, "epsdiluted": 1.62, "weightedAverageShsOut": 347400612, "weightedAverageShsOutDil": 351702786, "link": "https://www.sec.gov/Archives/edgar/data/79879/000095013200000083/0000950132-00-000083-index.html", "finalLink": "https://www.sec.gov/Archives/edgar/data/79879/000095013200000083/", "calculatedOtherExpenses": 415000000, "calculatedOperatingExpenses": 1929000000, "calculatedNetInterest": 0, "calculatedOtherIncome": -164000000, "calculatedIncomeNonControlling": 0, "calculatedEbitda": 1528000000}, {"date": "1998-12-31", "symbol": "PPG", "reportedCurrency": "USD", "cik": "0000079879", "fillingDate": "1999-02-19", "acceptedDate": "1999-02-19 00:00:00", "calendarYear": "1998", "period": "FY", "revenue": 7510000000, "costOfRevenue": 4476000000, "grossProfit": 3034000000, "grossProfitRatio": 0.4039946738, "researchAndDevelopmentExpenses": 271000000, "generalAndAdministrativeExpenses": 1133000000, "sellingAndMarketingExpenses": 0, "sellingGeneralAndAdministrativeExpenses": 1133000000, "otherExpenses": 354000000, "operatingExpenses": 1758000000, "costAndExpenses": 6234000000, "interestIncome": 0, "interestExpense": 0, "depreciationAndAmortization": 383000000, "ebitda": 1543000000, "ebitdaratio": 0.2054593875, "operatingIncome": 1276000000, "operatingIncomeRatio": 0.1699067909, "totalOtherIncomeExpensesNet": 116000000, "incomeBeforeTax": 1267000000, "incomeBeforeTaxRatio": 0.1687083888, "incomeTaxExpense": 466000000, "netIncome": 801000000, "netIncomeRatio": 0.1066577896, "eps": 2.26, "epsdiluted": 2.24, "weightedAverageShsOut": 354424779, "weightedAverageShsOutDil": 357589286, "link": "https://www.sec.gov/Archives/edgar/data/79879/000095013299000123/0000950132-99-000123-index.html", "finalLink": "https://www.sec.gov/Archives/edgar/data/79879/", "calculatedOtherExpenses": 354000000, "calculatedOperatingExpenses": 1758000000, "calculatedNetInterest": 0, "calculatedOtherIncome": -9000000, "calculatedIncomeNonControlling": 0, "calculatedEbitda": 1659000000}, {"date": "1997-12-31", "symbol": "PPG", "reportedCurrency": "USD", "cik": "0000079879", "fillingDate": "1998-02-24", "acceptedDate": "1998-02-24 00:00:00", "calendarYear": "1997", "period": "FY", "revenue": 7379000000, "costOfRevenue": 4397000000, "grossProfit": 2982000000, "grossProfitRatio": 0.4041197994, "researchAndDevelopmentExpenses": 250000000, "generalAndAdministrativeExpenses": 1068000000, "sellingAndMarketingExpenses": 0, "sellingGeneralAndAdministrativeExpenses": 1068000000, "otherExpenses": 348000000, "operatingExpenses": 1666000000, "costAndExpenses": 6063000000, "interestIncome": 0, "interestExpense": 0, "depreciationAndAmortization": 373000000, "ebitda": 1733000000, "ebitdaratio": 0.2348556715, "operatingIncome": 1316000000, "operatingIncomeRatio": 0.178343949, "totalOtherIncomeExpensesNet": -44000000, "incomeBeforeTax": 1149000000, "incomeBeforeTaxRatio": 0.1557121561, "incomeTaxExpense": 435000000, "netIncome": 714000000, "netIncomeRatio": 0.0967610787, "eps": 1.99, "epsdiluted": 1.97, "weightedAverageShsOut": 359697733, "weightedAverageShsOutDil": 362436548, "link": "https://www.sec.gov/Archives/edgar/data/79879/000095013298000141/0000950132-98-000141-index.html", "finalLink": "https://www.sec.gov/Archives/edgar/data/79879/", "calculatedOtherExpenses": 348000000, "calculatedOperatingExpenses": 1666000000, "calculatedNetInterest": 0, "calculatedOtherIncome": -167000000, "calculatedIncomeNonControlling": 0, "calculatedEbitda": 1689000000}, {"date": "1996-12-31", "symbol": "PPG", "reportedCurrency": "USD", "cik": "0000079879", "fillingDate": "1997-02-20", "acceptedDate": "1997-02-20 00:00:00", "calendarYear": "1996", "period": "FY", "revenue": 7218100000, "costOfRevenue": 4340300000, "grossProfit": 2877800000, "grossProfitRatio": 0.3986921766, "researchAndDevelopmentExpenses": 239100000, "generalAndAdministrativeExpenses": 1004300000, "sellingAndMarketingExpenses": 0, "sellingGeneralAndAdministrativeExpenses": 1004300000, "otherExpenses": 340200000, "operatingExpenses": 1583600000, "costAndExpenses": 5923900000, "interestIncome": 0, "interestExpense": 0, "depreciationAndAmortization": 362600000, "ebitda": 1626400000, "ebitdaratio": 0.2253224533, "operatingIncome": 1294200000, "operatingIncomeRatio": 0.1792992616, "totalOtherIncomeExpensesNet": 30400000, "incomeBeforeTax": 1215000000, "incomeBeforeTaxRatio": 0.168326845, "incomeTaxExpense": 471000000, "netIncome": 744000000, "netIncomeRatio": 0.1030742162, "eps": 1.98, "epsdiluted": 1.97, "weightedAverageShsOut": 375600000, "weightedAverageShsOutDil": 379000000, "link": "https://www.sec.gov/Archives/edgar/data/79879/000095013297000092/0000950132-97-000092-index.html", "finalLink": "https://www.sec.gov/Archives/edgar/data/79879/", "calculatedOtherExpenses": 340200000, "calculatedOperatingExpenses": 1583600000, "calculatedNetInterest": 0, "calculatedOtherIncome": -79200000, "calculatedIncomeNonControlling": 0, "calculatedEbitda": 1656800000}, {"date": "1995-12-31", "symbol": "PPG", "reportedCurrency": "USD", "cik": "0000079879", "fillingDate": "1996-02-16", "acceptedDate": "1996-02-16 00:00:00", "calendarYear": "1995", "period": "FY", "revenue": 7057700000, "costOfRevenue": 4212100000, "grossProfit": 2845600000, "grossProfitRatio": 0.4031908412, "researchAndDevelopmentExpenses": 236400000, "generalAndAdministrativeExpenses": 977100000, "sellingAndMarketingExpenses": 0, "sellingGeneralAndAdministrativeExpenses": 977100000, "otherExpenses": 331500000, "operatingExpenses": 1545000000, "costAndExpenses": 5757100000, "interestIncome": 0, "interestExpense": 0, "depreciationAndAmortization": 351600000, "ebitda": 1616500000, "ebitdaratio": 0.2290406223, "operatingIncome": 1300600000, "operatingIncomeRatio": 0.1842809981, "totalOtherIncomeExpensesNet": 35700000, "incomeBeforeTax": 1247300000, "incomeBeforeTaxRatio": 0.1767289627, "incomeTaxExpense": 479700000, "netIncome": 768000000, "netIncomeRatio": 0.1088173201, "eps": 1.9, "epsdiluted": 1.89, "weightedAverageShsOut": 404000000, "weightedAverageShsOutDil": 406600000, "link": "https://www.sec.gov/Archives/edgar/data/79879/000095013296000098/0000950132-96-000098-index.html", "finalLink": "https://www.sec.gov/Archives/edgar/data/79879/", "calculatedOtherExpenses": 331500000, "calculatedOperatingExpenses": 1545000000, "calculatedNetInterest": 0, "calculatedOtherIncome": -53300000, "calculatedIncomeNonControlling": -400000, "calculatedEbitda": 1652200000}, {"date": "1994-12-31", "symbol": "PPG", "reportedCurrency": "USD", "cik": "0000079879", "fillingDate": "1995-02-21", "acceptedDate": "1995-02-21 00:00:00", "calendarYear": "1994", "period": "FY", "revenue": 6331200000, "costOfRevenue": 3865500000, "grossProfit": 2465700000, "grossProfitRatio": 0.3894522365, "researchAndDevelopmentExpenses": 218100000, "generalAndAdministrativeExpenses": 919000000, "sellingAndMarketingExpenses": 0, "sellingGeneralAndAdministrativeExpenses": 919000000, "otherExpenses": 317500000, "operatingExpenses": 1454600000, "costAndExpenses": 5320100000, "interestIncome": 0, "interestExpense": 0, "depreciationAndAmortization": 335200000, "ebitda": 1424900000, "ebitdaratio": 0.2250600202, "operatingIncome": 1011100000, "operatingIncomeRatio": 0.1597011625, "totalOtherIncomeExpensesNet": -78600000, "incomeBeforeTax": 839800000, "incomeBeforeTaxRatio": 0.1326446803, "incomeTaxExpense": 325200000, "netIncome": 514600000, "netIncomeRatio": 0.0812800101, "eps": 1.22, "epsdiluted": 1.22, "weightedAverageShsOut": 423800000, "weightedAverageShsOutDil": 428800000, "link": "https://www.sec.gov/Archives/edgar/data/79879/000095013295000042/0000950132-95-000042-index.html", "finalLink": "https://www.sec.gov/Archives/edgar/data/79879/", "calculatedOtherExpenses": 317500000, "calculatedOperatingExpenses": 1454600000, "calculatedNetInterest": 0, "calculatedOtherIncome": -171300000, "calculatedIncomeNonControlling": 0, "calculatedEbitda": 1346300000}, {"date": "1993-12-31", "symbol": "PPG", "reportedCurrency": "USD", "cik": "0000079879", "fillingDate": "1994-02-17", "acceptedDate": "1994-02-17 00:00:00", "calendarYear": "1993", "period": "FY", "revenue": 5753900000, "costOfRevenue": 3614200000, "grossProfit": 2139700000, "grossProfitRatio": 0.3718695146, "researchAndDevelopmentExpenses": 0, "generalAndAdministrativeExpenses": 0, "sellingAndMarketingExpenses": 0, "sellingGeneralAndAdministrativeExpenses": 1072900000, "otherExpenses": 350200000, "operatingExpenses": 1423100000, "costAndExpenses": 5037300000, "interestIncome": 0, "interestExpense": 0, "depreciationAndAmortization": 350200000, "ebitda": 1136200000, "ebitdaratio": 0.1974660665, "operatingIncome": 716600000, "operatingIncomeRatio": 0.1245416153, "totalOtherIncomeExpensesNet": -69400000, "incomeBeforeTax": 531200000, "incomeBeforeTaxRatio": 0.0923199917, "incomeTaxExpense": 236200000, "netIncome": 22200000, "netIncomeRatio": 0.0038582527, "eps": 0.05, "epsdiluted": 0.05, "weightedAverageShsOut": 444000000, "weightedAverageShsOutDil": 444000000, "link": "https://www.sec.gov/Archives/edgar/data/79879/000095013294000053/0000950132-94-000053-index.html", "finalLink": "https://www.sec.gov/Archives/edgar/data/79879/", "calculatedOtherExpenses": 350200000, "calculatedOperatingExpenses": 1423100000, "calculatedNetInterest": 0, "calculatedOtherIncome": -185400000, "calculatedIncomeNonControlling": 272800000, "calculatedEbitda": 1066800000}, {"date": "1992-12-31", "symbol": "PPG", "reportedCurrency": "USD", "cik": "0000079879", "fillingDate": "1992-12-31", "acceptedDate": "1992-12-30 19:00:00", "calendarYear": "1992", "period": "FY", "revenue": 5813900000, "costOfRevenue": 3673100000, "grossProfit": 2140800000, "grossProfitRatio": 0.3682209876, "researchAndDevelopmentExpenses": 0, "generalAndAdministrativeExpenses": 0, "sellingAndMarketingExpenses": 0, "sellingGeneralAndAdministrativeExpenses": 1082800000, "otherExpenses": 373200000, "operatingExpenses": 1456000000, "costAndExpenses": 5129100000, "interestIncome": 0, "interestExpense": 0, "depreciationAndAmortization": 373200000, "ebitda": 1060000000, "ebitdaratio": 0.1823216774, "operatingIncome": 684800000, "operatingIncomeRatio": 0.1177866836, "totalOtherIncomeExpensesNet": -2000000, "incomeBeforeTax": 537800000, "incomeBeforeTaxRatio": 0.092502451, "incomeTaxExpense": 218400000, "netIncome": 319400000, "netIncomeRatio": 0.0549373054, "eps": 0.76, "epsdiluted": 0.75, "weightedAverageShsOut": 423046358, "weightedAverageShsOutDil": 425866667, "link": "", "finalLink": "", "calculatedOtherExpenses": 373200000, "calculatedOperatingExpenses": 1456000000, "calculatedNetInterest": 0, "calculatedOtherIncome": -147000000, "calculatedIncomeNonControlling": 0, "calculatedEbitda": 1058000000}, {"date": "1991-12-31", "symbol": "PPG", "reportedCurrency": "USD", "cik": "0000079879", "fillingDate": "1991-12-31", "acceptedDate": "1991-12-30 19:00:00", "calendarYear": "1991", "period": "FY", "revenue": 5672600000, "costOfRevenue": 3654500000, "grossProfit": 2018100000, "grossProfitRatio": 0.3557627895, "researchAndDevelopmentExpenses": 0, "generalAndAdministrativeExpenses": 0, "sellingAndMarketingExpenses": 0, "sellingGeneralAndAdministrativeExpenses": 1078900000, "otherExpenses": 372800000, "operatingExpenses": 1451700000, "costAndExpenses": 5106200000, "interestIncome": 0, "interestExpense": 0, "depreciationAndAmortization": 372800000, "ebitda": 998700000, "ebitdaratio": 0.1760568346, "operatingIncome": 566400000, "operatingIncomeRatio": 0.099848394, "totalOtherIncomeExpensesNet": -59500000, "incomeBeforeTax": 348100000, "incomeBeforeTaxRatio": 0.0613651588, "incomeTaxExpense": 146700000, "netIncome": 201400000, "netIncomeRatio": 0.0355040017, "eps": 0.48, "epsdiluted": 0.47, "weightedAverageShsOut": 424000000, "weightedAverageShsOutDil": 428510638, "link": "", "finalLink": "", "calculatedOtherExpenses": 372800000, "calculatedOperatingExpenses": 1451700000, "calculatedNetInterest": 0, "calculatedOtherIncome": -218300000, "calculatedIncomeNonControlling": 0, "calculatedEbitda": 939200000}, {"date": "1990-12-31", "symbol": "PPG", "reportedCurrency": "USD", "cik": "0000079879", "fillingDate": "1990-12-31", "acceptedDate": "1990-12-30 19:00:00", "calendarYear": "1990", "period": "FY", "revenue": 6021400000, "costOfRevenue": 3721400000, "grossProfit": 2300000000, "grossProfitRatio": 0.3819709702, "researchAndDevelopmentExpenses": 0, "generalAndAdministrativeExpenses": 0, "sellingAndMarketingExpenses": 0, "sellingGeneralAndAdministrativeExpenses": 1050800000, "otherExpenses": 344800000, "operatingExpenses": 1395600000, "costAndExpenses": 5117000000, "interestIncome": 0, "interestExpense": 0, "depreciationAndAmortization": 344800000, "ebitda": 1224300000, "ebitdaratio": 0.2033248082, "operatingIncome": 904400000, "operatingIncomeRatio": 0.1501976285, "totalOtherIncomeExpensesNet": 24900000, "incomeBeforeTax": 766900000, "incomeBeforeTaxRatio": 0.1273624074, "incomeTaxExpense": 292100000, "netIncome": 474800000, "netIncomeRatio": 0.0788520942, "eps": 1.11, "epsdiluted": 1.11, "weightedAverageShsOut": 427747748, "weightedAverageShsOutDil": 429683258, "link": "", "finalLink": "", "calculatedOtherExpenses": 344800000, "calculatedOperatingExpenses": 1395600000, "calculatedNetInterest": 0, "calculatedOtherIncome": -137500000, "calculatedIncomeNonControlling": 0, "calculatedEbitda": 1249200000}, {"date": "1989-12-31", "symbol": "PPG", "reportedCurrency": "USD", "cik": "0000079879", "fillingDate": "1989-12-31", "acceptedDate": "1989-12-30 19:00:00", "calendarYear": "1989", "period": "FY", "revenue": 5734100000, "costOfRevenue": 3591000000, "grossProfit": 2143100000, "grossProfitRatio": 0.3737465339, "researchAndDevelopmentExpenses": 0, "generalAndAdministrativeExpenses": 0, "sellingAndMarketingExpenses": 0, "sellingGeneralAndAdministrativeExpenses": 996600000, "otherExpenses": 310200000, "operatingExpenses": 1306800000, "costAndExpenses": 4897800000, "interestIncome": 0, "interestExpense": 0, "depreciationAndAmortization": 310200000, "ebitda": 1098700000, "ebitdaratio": 0.1916080989, "operatingIncome": 836300000, "operatingIncomeRatio": 0.1458467763, "totalOtherIncomeExpensesNet": 47800000, "incomeBeforeTax": 748700000, "incomeBeforeTaxRatio": 0.1305697494, "incomeTaxExpense": 283500000, "netIncome": 465200000, "netIncomeRatio": 0.0811286863, "eps": 1.05, "epsdiluted": 1.04, "weightedAverageShsOut": 445167464, "weightedAverageShsOutDil": 447307692, "link": "", "finalLink": "", "calculatedOtherExpenses": 310200000, "calculatedOperatingExpenses": 1306800000, "calculatedNetInterest": 0, "calculatedOtherIncome": -87600000, "calculatedIncomeNonControlling": 0, "calculatedEbitda": 1146500000}, {"date": "1988-12-31", "symbol": "PPG", "reportedCurrency": "USD", "cik": "0000079879", "fillingDate": "1988-12-31", "acceptedDate": "1988-12-30 19:00:00", "calendarYear": "1988", "period": "FY", "revenue": 5638700000, "costOfRevenue": 3333800000, "grossProfit": 2304900000, "grossProfitRatio": 0.4087644315, "researchAndDevelopmentExpenses": 0, "generalAndAdministrativeExpenses": 0, "sellingAndMarketingExpenses": 0, "sellingGeneralAndAdministrativeExpenses": 1092000000, "otherExpenses": 292600000, "operatingExpenses": 1384600000, "costAndExpenses": 4718400000, "interestIncome": 0, "interestExpense": 0, "depreciationAndAmortization": 292600000, "ebitda": 1229800000, "ebitdaratio": 0.2180999166, "operatingIncome": 920300000, "operatingIncomeRatio": 0.1632113785, "totalOtherIncomeExpensesNet": -16900000, "incomeBeforeTax": 779000000, "incomeBeforeTaxRatio": 0.138152411, "incomeTaxExpense": 311400000, "netIncome": 467600000, "netIncomeRatio": 0.0829269158, "eps": 1.07, "epsdiluted": 1.06, "weightedAverageShsOut": 439061033, "weightedAverageShsOutDil": 441132075, "link": "", "finalLink": "", "calculatedOtherExpenses": 292600000, "calculatedOperatingExpenses": 1384600000, "calculatedNetInterest": 0, "calculatedOtherIncome": -141300000, "calculatedIncomeNonControlling": 0, "calculatedEbitda": 1212900000}, {"date": "1987-12-31", "symbol": "PPG", "reportedCurrency": "USD", "cik": "0000079879", "fillingDate": "1987-12-31", "acceptedDate": "1987-12-30 19:00:00", "calendarYear": "1987", "period": "FY", "revenue": 5182600000, "costOfRevenue": 3087400000, "grossProfit": 2095200000, "grossProfitRatio": 0.4042758461, "researchAndDevelopmentExpenses": 0, "generalAndAdministrativeExpenses": 0, "sellingAndMarketingExpenses": 0, "sellingGeneralAndAdministrativeExpenses": 999900000, "otherExpenses": 444500000, "operatingExpenses": 1444400000, "costAndExpenses": 4531800000, "interestIncome": 0, "interestExpense": 0, "depreciationAndAmortization": 282500000, "ebitda": 835000000, "ebitdaratio": 0.1611160421, "operatingIncome": 650800000, "operatingIncomeRatio": 0.1255740362, "totalOtherIncomeExpensesNet": 98300000, "incomeBeforeTax": 636900000, "incomeBeforeTaxRatio": 0.1228919847, "incomeTaxExpense": 259800000, "netIncome": 377100000, "netIncomeRatio": 0.072762706, "eps": 0.8, "epsdiluted": 0.8, "weightedAverageShsOut": 471375000, "weightedAverageShsOutDil": 471375000, "link": "", "finalLink": "", "calculatedOtherExpenses": 444500000, "calculatedOperatingExpenses": 1444400000, "calculatedNetInterest": 0, "calculatedOtherIncome": -13900000, "calculatedIncomeNonControlling": 0, "calculatedEbitda": 933300000}, {"date": "1986-12-31", "symbol": "PPG", "reportedCurrency": "USD", "cik": "0000079879", "fillingDate": "1986-12-31", "acceptedDate": "1986-12-30 19:00:00", "calendarYear": "1986", "period": "FY", "revenue": 4687100000, "costOfRevenue": 2791300000, "grossProfit": 1895800000, "grossProfitRatio": 0.4044718483, "researchAndDevelopmentExpenses": 0, "generalAndAdministrativeExpenses": 0, "sellingAndMarketingExpenses": 0, "sellingGeneralAndAdministrativeExpenses": 877700000, "otherExpenses": 399800000, "operatingExpenses": 1277500000, "costAndExpenses": 4068800000, "interestIncome": 0, "interestExpense": 0, "depreciationAndAmortization": 250500000, "ebitda": 825600000, "ebitdaratio": 0.1761430309, "operatingIncome": 618300000, "operatingIncomeRatio": 0.1319152568, "totalOtherIncomeExpensesNet": 43200000, "incomeBeforeTax": 552600000, "incomeBeforeTaxRatio": 0.1178980606, "incomeTaxExpense": 236200000, "netIncome": 316400000, "netIncomeRatio": 0.067504427, "eps": 0.67, "epsdiluted": 0.67, "weightedAverageShsOut": 475789474, "weightedAverageShsOutDil": 475789474, "link": "", "finalLink": "", "calculatedOtherExpenses": 399800000, "calculatedOperatingExpenses": 1277500000, "calculatedNetInterest": 0, "calculatedOtherIncome": -65700000, "calculatedIncomeNonControlling": 0, "calculatedEbitda": 868800000}, {"date": "1985-12-31", "symbol": "PPG", "reportedCurrency": "USD", "cik": "0000079879", "fillingDate": "1985-12-31", "acceptedDate": "1985-12-30 19:00:00", "calendarYear": "1985", "period": "FY", "revenue": 4345500000, "costOfRevenue": 2638700000, "grossProfit": 1706800000, "grossProfitRatio": 0.3927741342, "researchAndDevelopmentExpenses": 0, "generalAndAdministrativeExpenses": 0, "sellingAndMarketingExpenses": 0, "sellingGeneralAndAdministrativeExpenses": 787200000, "otherExpenses": 361900000, "operatingExpenses": 1149100000, "costAndExpenses": 3787800000, "interestIncome": 0, "interestExpense": 0, "depreciationAndAmortization": 219000000, "ebitda": 734600000, "ebitdaratio": 0.1690484409, "operatingIncome": 557700000, "operatingIncomeRatio": 0.1283396617, "totalOtherIncomeExpensesNet": 42100000, "incomeBeforeTax": 537100000, "incomeBeforeTaxRatio": 0.1235991255, "incomeTaxExpense": 234400000, "netIncome": 302700000, "netIncomeRatio": 0.0696582672, "eps": 0.57, "epsdiluted": 0.57, "weightedAverageShsOut": 531052632, "weightedAverageShsOutDil": 531052632, "link": "", "finalLink": "", "calculatedOtherExpenses": 361900000, "calculatedOperatingExpenses": 1149100000, "calculatedNetInterest": 0, "calculatedOtherIncome": -20600000, "calculatedIncomeNonControlling": 0, "calculatedEbitda": 776700000}]}