{"originalCurrency": "USD", "convertedCurrency": "USD", "report": [{"date": "2023-12-31", "symbol": "PPL", "reportedCurrency": "USD", "cik": "0000922224", "fillingDate": "2024-02-16", "acceptedDate": "2024-02-16 11:54:54", "calendarYear": "2023", "period": "FY", "revenue": 8312000000, "costOfRevenue": 3195000000, "grossProfit": 5117000000, "grossProfitRatio": 0.6156159769, "researchAndDevelopmentExpenses": 0, "generalAndAdministrativeExpenses": -40000000, "sellingAndMarketingExpenses": 0, "sellingGeneralAndAdministrativeExpenses": -40000000, "otherExpenses": 6682000000, "operatingExpenses": 6682000000, "costAndExpenses": 9877000000, "interestIncome": 32000000, "interestExpense": 666000000, "depreciationAndAmortization": 1344000000, "ebitda": 1630000000, "ebitdaratio": 0.1961020212, "operatingIncome": 1630000000, "operatingIncomeRatio": 0.1961020212, "totalOtherIncomeExpensesNet": -706000000, "incomeBeforeTax": 924000000, "incomeBeforeTaxRatio": 0.1111645813, "incomeTaxExpense": 184000000, "netIncome": 740000000, "netIncomeRatio": 0.0890279115, "eps": 1, "epsdiluted": 1, "weightedAverageShsOut": 737036000, "weightedAverageShsOutDil": 738166000, "link": "https://www.sec.gov/Archives/edgar/data/922224/000092222424000008/0000922224-24-000008-index.htm", "finalLink": "https://www.sec.gov/Archives/edgar/data/55387/000092222424000008/ppl-20231231.htm", "calculatedOtherExpenses": 3527000000, "calculatedOperatingExpenses": 3487000000, "calculatedNetInterest": -634000000, "calculatedOtherIncome": -72000000, "calculatedIncomeNonControlling": 0, "calculatedEbitda": 2974000000}, {"date": "2022-12-31", "symbol": "PPL", "reportedCurrency": "USD", "cik": "0000922224", "fillingDate": "2023-02-17", "acceptedDate": "2023-02-17 14:09:21", "calendarYear": "2022", "period": "FY", "revenue": 7902000000, "costOfRevenue": 5015000000, "grossProfit": 2887000000, "grossProfitRatio": 0.3653505442, "researchAndDevelopmentExpenses": 0, "generalAndAdministrativeExpenses": -47000000, "sellingAndMarketingExpenses": 0, "sellingGeneralAndAdministrativeExpenses": -47000000, "otherExpenses": 1513000000, "operatingExpenses": 1513000000, "costAndExpenses": 6528000000, "interestIncome": 4000000, "interestExpense": 513000000, "depreciationAndAmortization": 1287000000, "ebitda": 2661000000, "ebitdaratio": 0.3367501898, "operatingIncome": 1374000000, "operatingIncomeRatio": 0.1738800304, "totalOtherIncomeExpensesNet": -459000000, "incomeBeforeTax": 915000000, "incomeBeforeTaxRatio": 0.11579347, "incomeTaxExpense": 201000000, "netIncome": 756000000, "netIncomeRatio": 0.0956719818, "eps": 0.97, "epsdiluted": 0.97, "weightedAverageShsOut": 736027000, "weightedAverageShsOutDil": 736902000, "link": "https://www.sec.gov/Archives/edgar/data/922224/000092222423000010/0000922224-23-000010-index.htm", "finalLink": "https://www.sec.gov/Archives/edgar/data/55387/000092222423000010/ppl-20221231.htm", "calculatedOtherExpenses": 1560000000, "calculatedOperatingExpenses": 1513000000, "calculatedNetInterest": -509000000, "calculatedOtherIncome": 50000000, "calculatedIncomeNonControlling": -42000000, "calculatedEbitda": 2661000000}, {"date": "2021-12-31", "symbol": "PPL", "reportedCurrency": "USD", "cik": "0000922224", "fillingDate": "2022-02-18", "acceptedDate": "2022-02-18 12:06:53", "calendarYear": "2021", "period": "FY", "revenue": 5783000000, "costOfRevenue": 3070000000, "grossProfit": 2713000000, "grossProfitRatio": 0.4691336676, "researchAndDevelopmentExpenses": 0, "generalAndAdministrativeExpenses": -21000000, "sellingAndMarketingExpenses": 0, "sellingGeneralAndAdministrativeExpenses": -21000000, "otherExpenses": 1289000000, "operatingExpenses": 1289000000, "costAndExpenses": 4359000000, "interestIncome": 12000000, "interestExpense": 918000000, "depreciationAndAmortization": 1136000000, "ebitda": 2560000000, "ebitdaratio": 0.4426768113, "operatingIncome": 1424000000, "operatingIncomeRatio": 0.2462389763, "totalOtherIncomeExpensesNet": -903000000, "incomeBeforeTax": 521000000, "incomeBeforeTaxRatio": 0.0900916479, "incomeTaxExpense": 503000000, "netIncome": 18000000, "netIncomeRatio": 0.0031125713, "eps": 0.0236, "epsdiluted": 0.0235, "weightedAverageShsOut": 762902000, "weightedAverageShsOutDil": 764819000, "link": "https://www.sec.gov/Archives/edgar/data/922224/000092222422000005/0000922224-22-000005-index.htm", "finalLink": "https://www.sec.gov/Archives/edgar/data/55387/000092222422000005/ppl-20211231.htm", "calculatedOtherExpenses": 1310000000, "calculatedOperatingExpenses": 1289000000, "calculatedNetInterest": -906000000, "calculatedOtherIncome": 3000000, "calculatedIncomeNonControlling": 0, "calculatedEbitda": 2560000000}, {"date": "2020-12-31", "symbol": "PPL", "reportedCurrency": "USD", "cik": "0000922224", "fillingDate": "2021-02-18", "acceptedDate": "2021-02-18 13:43:55", "calendarYear": "2020", "period": "FY", "revenue": 7607000000, "costOfRevenue": 3210000000, "grossProfit": 4397000000, "grossProfitRatio": 0.5780202445, "researchAndDevelopmentExpenses": 0, "generalAndAdministrativeExpenses": 2000000, "sellingAndMarketingExpenses": 0, "sellingGeneralAndAdministrativeExpenses": 2000000, "otherExpenses": 1594000000, "operatingExpenses": 1594000000, "costAndExpenses": 4804000000, "interestIncome": 10000000, "interestExpense": 1001000000, "depreciationAndAmortization": 1528000000, "ebitda": 4331000000, "ebitdaratio": 0.5693440252, "operatingIncome": 2803000000, "operatingIncomeRatio": 0.3684764033, "totalOtherIncomeExpensesNet": -832000000, "incomeBeforeTax": 1971000000, "incomeBeforeTaxRatio": 0.2591034573, "incomeTaxExpense": 502000000, "netIncome": 1469000000, "netIncomeRatio": 0.1931116077, "eps": 1.91, "epsdiluted": 1.91, "weightedAverageShsOut": 768590000, "weightedAverageShsOutDil": 769384000, "link": "https://www.sec.gov/Archives/edgar/data/922224/000092222421000006/0000922224-21-000006-index.htm", "finalLink": "https://www.sec.gov/Archives/edgar/data/55387/000092222421000006/ppl-20201231.htm", "calculatedOtherExpenses": 1592000000, "calculatedOperatingExpenses": 1594000000, "calculatedNetInterest": -991000000, "calculatedOtherIncome": 159000000, "calculatedIncomeNonControlling": 0, "calculatedEbitda": 4331000000}, {"date": "2019-12-31", "symbol": "PPL", "reportedCurrency": "USD", "cik": "0000922224", "fillingDate": "2020-02-14", "acceptedDate": "2020-02-14 16:10:22", "calendarYear": "2019", "period": "FY", "revenue": 7769000000, "costOfRevenue": 3417000000, "grossProfit": 4352000000, "grossProfitRatio": 0.5601750547, "researchAndDevelopmentExpenses": 0, "generalAndAdministrativeExpenses": 0, "sellingAndMarketingExpenses": 0, "sellingGeneralAndAdministrativeExpenses": 8000000, "otherExpenses": 1512000000, "operatingExpenses": 1512000000, "costAndExpenses": 4929000000, "interestIncome": 16000000, "interestExpense": 994000000, "depreciationAndAmortization": 1589000000, "ebitda": 4429000000, "ebitdaratio": 0.5700862402, "operatingIncome": 2840000000, "operatingIncomeRatio": 0.3655554125, "totalOtherIncomeExpensesNet": -685000000, "incomeBeforeTax": 2155000000, "incomeBeforeTaxRatio": 0.2773844768, "incomeTaxExpense": 409000000, "netIncome": 1746000000, "netIncomeRatio": 0.2247393487, "eps": 2.4, "epsdiluted": 2.37, "weightedAverageShsOut": 728512000, "weightedAverageShsOutDil": 736754000, "link": "https://www.sec.gov/Archives/edgar/data/922224/000092222420000005/0000922224-20-000005-index.htm", "finalLink": "https://www.sec.gov/Archives/edgar/data/55387/000092222420000005/ppl-1231201910k.htm", "calculatedOtherExpenses": 1504000000, "calculatedOperatingExpenses": 1512000000, "calculatedNetInterest": -978000000, "calculatedOtherIncome": 293000000, "calculatedIncomeNonControlling": 0, "calculatedEbitda": 4429000000}, {"date": "2018-12-31", "symbol": "PPL", "reportedCurrency": "USD", "cik": "0000922224", "fillingDate": "2019-02-14", "acceptedDate": "2019-02-14 12:31:28", "calendarYear": "2018", "period": "FY", "revenue": 7785000000, "costOfRevenue": 3527000000, "grossProfit": 4258000000, "grossProfitRatio": 0.5469492614, "researchAndDevelopmentExpenses": 0, "generalAndAdministrativeExpenses": 0, "sellingAndMarketingExpenses": 0, "sellingGeneralAndAdministrativeExpenses": 257000000, "otherExpenses": 396000000, "operatingExpenses": 1406000000, "costAndExpenses": 4933000000, "interestIncome": 6000000, "interestExpense": 963000000, "depreciationAndAmortization": 1172000000, "ebitda": 4420000000, "ebitdaratio": 0.56775851, "operatingIncome": 2852000000, "operatingIncomeRatio": 0.3663455363, "totalOtherIncomeExpensesNet": 396000000, "incomeBeforeTax": 2285000000, "incomeBeforeTaxRatio": 0.2935131663, "incomeTaxExpense": 458000000, "netIncome": 1827000000, "netIncomeRatio": 0.2346820809, "eps": 2.59, "epsdiluted": 2.58, "weightedAverageShsOut": 704439000, "weightedAverageShsOutDil": 708619000, "link": "https://www.sec.gov/Archives/edgar/data/922224/000092222419000015/0000922224-19-000015-index.htm", "finalLink": "https://www.sec.gov/Archives/edgar/data/55387/000092222419000015/ppl-1231201810k.htm", "calculatedOtherExpenses": 1149000000, "calculatedOperatingExpenses": 1406000000, "calculatedNetInterest": -957000000, "calculatedOtherIncome": 390000000, "calculatedIncomeNonControlling": 0, "calculatedEbitda": 4024000000}, {"date": "2017-12-31", "symbol": "PPL", "reportedCurrency": "USD", "cik": "0000922224", "fillingDate": "2018-02-22", "acceptedDate": "2018-02-22 12:04:11", "calendarYear": "2017", "period": "FY", "revenue": 7447000000, "costOfRevenue": 3079000000, "grossProfit": 4368000000, "grossProfitRatio": 0.5865449174, "researchAndDevelopmentExpenses": 0, "generalAndAdministrativeExpenses": 0, "sellingAndMarketingExpenses": 0, "sellingGeneralAndAdministrativeExpenses": 167000000, "otherExpenses": -255000000, "operatingExpenses": 1300000000, "costAndExpenses": 4379000000, "interestIncome": 2000000, "interestExpense": 901000000, "depreciationAndAmortization": 1105000000, "ebitda": 3918000000, "ebitdaratio": 0.5261178998, "operatingIncome": 3068000000, "operatingIncomeRatio": 0.4119779777, "totalOtherIncomeExpensesNet": -255000000, "incomeBeforeTax": 1912000000, "incomeBeforeTaxRatio": 0.2567476836, "incomeTaxExpense": 784000000, "netIncome": 1128000000, "netIncomeRatio": 0.1514703908, "eps": 1.64, "epsdiluted": 1.64, "weightedAverageShsOut": 685240000, "weightedAverageShsOutDil": 687334000, "link": "https://www.sec.gov/Archives/edgar/data/922224/000092222418000023/0000922224-18-000023-index.htm", "finalLink": "https://www.sec.gov/Archives/edgar/data/55387/000092222418000023/ppl-1231201710k.htm", "calculatedOtherExpenses": 1133000000, "calculatedOperatingExpenses": 1300000000, "calculatedNetInterest": -899000000, "calculatedOtherIncome": -257000000, "calculatedIncomeNonControlling": 0, "calculatedEbitda": 4173000000}, {"date": "2016-12-31", "symbol": "PPL", "reportedCurrency": "USD", "cik": "0000922224", "fillingDate": "2017-02-17", "acceptedDate": "2017-02-17 11:38:11", "calendarYear": "2016", "period": "FY", "revenue": 7517000000, "costOfRevenue": 3242000000, "grossProfit": 4275000000, "grossProfitRatio": 0.5687109219, "researchAndDevelopmentExpenses": 0, "generalAndAdministrativeExpenses": 0, "sellingAndMarketingExpenses": 0, "sellingGeneralAndAdministrativeExpenses": 112000000, "otherExpenses": 390000000, "operatingExpenses": 1227000000, "costAndExpenses": 4469000000, "interestIncome": 3000000, "interestExpense": 888000000, "depreciationAndAmortization": 1006000000, "ebitda": 4444000000, "ebitdaratio": 0.5911932952, "operatingIncome": 3048000000, "operatingIncomeRatio": 0.4054809099, "totalOtherIncomeExpensesNet": 390000000, "incomeBeforeTax": 2550000000, "incomeBeforeTaxRatio": 0.3392310762, "incomeTaxExpense": 648000000, "netIncome": 1902000000, "netIncomeRatio": 0.2530264733, "eps": 2.8, "epsdiluted": 2.79, "weightedAverageShsOut": 677592000, "weightedAverageShsOutDil": 680446000, "link": "https://www.sec.gov/Archives/edgar/data/922224/000092222417000010/0000922224-17-000010-index.htm", "finalLink": "https://www.sec.gov/Archives/edgar/data/55387/000092222417000010/ppl-1231201610k.htm", "calculatedOtherExpenses": 1115000000, "calculatedOperatingExpenses": 1227000000, "calculatedNetInterest": -885000000, "calculatedOtherIncome": 387000000, "calculatedIncomeNonControlling": 0, "calculatedEbitda": 4054000000}, {"date": "2015-12-31", "symbol": "PPL", "reportedCurrency": "USD", "cik": "0000922224", "fillingDate": "2016-02-19", "acceptedDate": "2016-02-19 17:15:38", "calendarYear": "2015", "period": "FY", "revenue": 7669000000, "costOfRevenue": 3656000000, "grossProfit": 4013000000, "grossProfitRatio": 0.5232755248, "researchAndDevelopmentExpenses": 0, "generalAndAdministrativeExpenses": 0, "sellingAndMarketingExpenses": 0, "sellingGeneralAndAdministrativeExpenses": 0, "otherExpenses": 108000000, "operatingExpenses": 1182000000, "costAndExpenses": 4838000000, "interestIncome": 4000000, "interestExpense": 871000000, "depreciationAndAmortization": 942000000, "ebitda": 3881000000, "ebitdaratio": 0.506063372, "operatingIncome": 2831000000, "operatingIncomeRatio": 0.36914852, "totalOtherIncomeExpensesNet": 108000000, "incomeBeforeTax": 2068000000, "incomeBeforeTaxRatio": 0.2696570609, "incomeTaxExpense": 465000000, "netIncome": 682000000, "netIncomeRatio": 0.0889294563, "eps": 1.01, "epsdiluted": 1.01, "weightedAverageShsOut": 669814000, "weightedAverageShsOutDil": 672586000, "link": "https://www.sec.gov/Archives/edgar/data/922224/000092222416000130/0000922224-16-000130-index.htm", "finalLink": "https://www.sec.gov/Archives/edgar/data/55387/000092222416000130/form10k.htm", "calculatedOtherExpenses": 1182000000, "calculatedOperatingExpenses": 1182000000, "calculatedNetInterest": -867000000, "calculatedOtherIncome": 104000000, "calculatedIncomeNonControlling": 921000000, "calculatedEbitda": 3773000000}, {"date": "2014-12-31", "symbol": "PPL", "reportedCurrency": "USD", "cik": "0000922224", "fillingDate": "2015-02-23", "acceptedDate": "2015-02-23 14:38:24", "calendarYear": "2014", "period": "FY", "revenue": 11499000000, "costOfRevenue": 6633000000, "grossProfit": 4866000000, "grossProfitRatio": 0.4231672319, "researchAndDevelopmentExpenses": 0, "generalAndAdministrativeExpenses": 0, "sellingAndMarketingExpenses": 0, "sellingGeneralAndAdministrativeExpenses": 0, "otherExpenses": 118000000, "operatingExpenses": 1594000000, "costAndExpenses": 8227000000, "interestIncome": 5000000, "interestExpense": 1024000000, "depreciationAndAmortization": 1465000000, "ebitda": 4855000000, "ebitdaratio": 0.422210627, "operatingIncome": 3272000000, "operatingIncomeRatio": 0.2845464823, "totalOtherIncomeExpensesNet": 116000000, "incomeBeforeTax": 2364000000, "incomeBeforeTaxRatio": 0.2055830942, "incomeTaxExpense": 781000000, "netIncome": 1737000000, "netIncomeRatio": 0.1510566136, "eps": 2.64, "epsdiluted": 2.61, "weightedAverageShsOut": 653504000, "weightedAverageShsOutDil": 665973000, "link": "https://www.sec.gov/Archives/edgar/data/922224/000092222415000016/0000922224-15-000016-index.htm", "finalLink": "https://www.sec.gov/Archives/edgar/data/55387/000092222415000016/form10k.htm", "calculatedOtherExpenses": 1594000000, "calculatedOperatingExpenses": 1594000000, "calculatedNetInterest": -1019000000, "calculatedOtherIncome": 111000000, "calculatedIncomeNonControlling": -154000000, "calculatedEbitda": 4737000000}, {"date": "2013-12-31", "symbol": "PPL", "reportedCurrency": "USD", "cik": "0000922224", "fillingDate": "2014-02-24", "acceptedDate": "2014-02-24 15:42:54", "calendarYear": "2013", "period": "FY", "revenue": 11860000000, "costOfRevenue": 7299000000, "grossProfit": 4561000000, "grossProfitRatio": 0.3845699831, "researchAndDevelopmentExpenses": 0, "generalAndAdministrativeExpenses": 0, "sellingAndMarketingExpenses": 0, "sellingGeneralAndAdministrativeExpenses": 0, "otherExpenses": -23000000, "operatingExpenses": 1525000000, "costAndExpenses": 8824000000, "interestIncome": 3000000, "interestExpense": 1006000000, "depreciationAndAmortization": 1383000000, "ebitda": 4396000000, "ebitdaratio": 0.3706576728, "operatingIncome": 2339000000, "operatingIncomeRatio": 0.1972175379, "totalOtherIncomeExpensesNet": -721000000, "incomeBeforeTax": 1309000000, "incomeBeforeTaxRatio": 0.1103709949, "incomeTaxExpense": 180000000, "netIncome": 1130000000, "netIncomeRatio": 0.0952782462, "eps": 1.85, "epsdiluted": 1.76, "weightedAverageShsOut": 608983000, "weightedAverageShsOutDil": 663073000, "link": "https://www.sec.gov/Archives/edgar/data/922224/000092222414000024/0000922224-14-000024-index.htm", "finalLink": "https://www.sec.gov/Archives/edgar/data/55387/000092222414000024/form10k.htm", "calculatedOtherExpenses": 2222000000, "calculatedOperatingExpenses": 2222000000, "calculatedNetInterest": -1003000000, "calculatedOtherIncome": -27000000, "calculatedIncomeNonControlling": -1000000, "calculatedEbitda": 3722000000}, {"date": "2012-12-31", "symbol": "PPL", "reportedCurrency": "USD", "cik": "0000922224", "fillingDate": "2013-02-28", "acceptedDate": "2013-02-28 17:21:55", "calendarYear": "2012", "period": "FY", "revenue": 12286000000, "costOfRevenue": 7711000000, "grossProfit": 4575000000, "grossProfitRatio": 0.372375061, "researchAndDevelopmentExpenses": 0, "generalAndAdministrativeExpenses": 0, "sellingAndMarketingExpenses": 0, "sellingGeneralAndAdministrativeExpenses": 0, "otherExpenses": -39000000, "operatingExpenses": 1466000000, "costAndExpenses": 9177000000, "interestIncome": 5000000, "interestExpense": 961000000, "depreciationAndAmortization": 1286000000, "ebitda": 4356000000, "ebitdaratio": 0.3545498942, "operatingIncome": 3109000000, "operatingIncomeRatio": 0.2530522546, "totalOtherIncomeExpensesNet": -66000000, "incomeBeforeTax": 2082000000, "incomeBeforeTaxRatio": 0.1694611753, "incomeTaxExpense": 545000000, "netIncome": 1526000000, "netIncomeRatio": 0.1242064138, "eps": 2.61, "epsdiluted": 2.6, "weightedAverageShsOut": 580276000, "weightedAverageShsOutDil": 581626000, "link": "https://www.sec.gov/Archives/edgar/data/922224/000092222413000025/0000922224-13-000025-index.htm", "finalLink": "https://www.sec.gov/Archives/edgar/data/55387/000092222413000025/form10k.htm", "calculatedOtherExpenses": 1466000000, "calculatedOperatingExpenses": 1466000000, "calculatedNetInterest": -956000000, "calculatedOtherIncome": -71000000, "calculatedIncomeNonControlling": 11000000, "calculatedEbitda": 4395000000}, {"date": "2011-12-31", "symbol": "PPL", "reportedCurrency": "USD", "cik": "0000922224", "fillingDate": "2012-02-28", "acceptedDate": "2012-02-28 15:32:01", "calendarYear": "2011", "period": "FY", "revenue": 12737000000, "costOfRevenue": 5683000000, "grossProfit": 7054000000, "grossProfitRatio": 0.5538195807, "researchAndDevelopmentExpenses": 0, "generalAndAdministrativeExpenses": 0, "sellingAndMarketingExpenses": 0, "sellingGeneralAndAdministrativeExpenses": 0, "otherExpenses": 3953000000, "operatingExpenses": 4028000000, "costAndExpenses": 9711000000, "interestIncome": 0, "interestExpense": 912000000, "depreciationAndAmortization": 1215000000, "ebitda": 4241000000, "ebitdaratio": 0.3329669467, "operatingIncome": 3026000000, "operatingIncomeRatio": 0.2375755672, "totalOtherIncomeExpensesNet": -2000000, "incomeBeforeTax": 2112000000, "incomeBeforeTaxRatio": 0.1658161262, "incomeTaxExpense": 655000000, "netIncome": 1442000000, "netIncomeRatio": 0.1132134726, "eps": 2.61, "epsdiluted": 2.61, "weightedAverageShsOut": 550395000, "weightedAverageShsOutDil": 550952000, "link": "https://www.sec.gov/Archives/edgar/data/922224/000092222412000023/0000922224-12-000023-index.htm", "finalLink": "https://www.sec.gov/Archives/edgar/data/55387/000092222412000023/form10k.htm", "calculatedOtherExpenses": 4028000000, "calculatedOperatingExpenses": 4028000000, "calculatedNetInterest": -912000000, "calculatedOtherIncome": -2000000, "calculatedIncomeNonControlling": 15000000, "calculatedEbitda": 4241000000}, {"date": "2010-12-31", "symbol": "PPL", "reportedCurrency": "USD", "cik": "0000922224", "fillingDate": "2011-02-28", "acceptedDate": "2011-02-25 21:53:44", "calendarYear": "2010", "period": "FY", "revenue": 12191000000, "costOfRevenue": 3722000000, "grossProfit": 8469000000, "grossProfitRatio": 0.6946928062, "researchAndDevelopmentExpenses": 0, "generalAndAdministrativeExpenses": 0, "sellingAndMarketingExpenses": 0, "sellingGeneralAndAdministrativeExpenses": 0, "otherExpenses": 2550000000, "operatingExpenses": 2550000000, "costAndExpenses": 6272000000, "interestIncome": 0, "interestExpense": 593000000, "depreciationAndAmortization": 786000000, "ebitda": 2652000000, "ebitdaratio": 0.2175375277, "operatingIncome": 1866000000, "operatingIncomeRatio": 0.1530637355, "totalOtherIncomeExpensesNet": -34000000, "incomeBeforeTax": 1239000000, "incomeBeforeTaxRatio": 0.1016323517, "incomeTaxExpense": 263000000, "netIncome": 938000000, "netIncomeRatio": 0.0769420064, "eps": 2.17, "epsdiluted": 2.17, "weightedAverageShsOut": 431345000, "weightedAverageShsOutDil": 431569000, "link": "https://www.sec.gov/Archives/edgar/data/922224/000092222411000029/0000922224-11-000029-index.htm", "finalLink": "https://www.sec.gov/Archives/edgar/data/317187/000092222411000029/form10k.htm", "calculatedOtherExpenses": 6603000000, "calculatedOperatingExpenses": 6603000000, "calculatedNetInterest": -593000000, "calculatedOtherIncome": -34000000, "calculatedIncomeNonControlling": 38000000, "calculatedEbitda": 2652000000}, {"date": "2009-12-31", "symbol": "PPL", "reportedCurrency": "USD", "cik": "0000922224", "fillingDate": "2010-02-26", "acceptedDate": "2010-02-25 18:25:59", "calendarYear": "2009", "period": "FY", "revenue": 7556000000, "costOfRevenue": 4118000000, "grossProfit": 3438000000, "grossProfitRatio": 0.4550026469, "researchAndDevelopmentExpenses": 0, "generalAndAdministrativeExpenses": 0, "sellingAndMarketingExpenses": 0, "sellingGeneralAndAdministrativeExpenses": 0, "otherExpenses": 1145000000, "operatingExpenses": 2477000000, "costAndExpenses": 6595000000, "interestIncome": 0, "interestExpense": 396000000, "depreciationAndAmortization": 471000000, "ebitda": 1432000000, "ebitdaratio": 0.1895182636, "operatingIncome": 961000000, "operatingIncomeRatio": 0.1271836951, "totalOtherIncomeExpensesNet": 31000000, "incomeBeforeTax": 596000000, "incomeBeforeTaxRatio": 0.0788777131, "incomeTaxExpense": 130000000, "netIncome": 407000000, "netIncomeRatio": 0.0538644786, "eps": 1.08, "epsdiluted": 1.08, "weightedAverageShsOut": 376082000, "weightedAverageShsOutDil": 376406000, "link": "https://www.sec.gov/Archives/edgar/data/922224/000092222410000012/0000922224-10-000012-index.htm", "finalLink": "https://www.sec.gov/Archives/edgar/data/317187/000092222410000012/form10k.htm", "calculatedOtherExpenses": 2477000000, "calculatedOperatingExpenses": 2477000000, "calculatedNetInterest": -396000000, "calculatedOtherIncome": 31000000, "calculatedIncomeNonControlling": 59000000, "calculatedEbitda": 1432000000}, {"date": "2008-12-31", "symbol": "PPL", "reportedCurrency": "USD", "cik": "0000922224", "fillingDate": "2009-02-27", "acceptedDate": "2009-02-27 14:44:15", "calendarYear": "2008", "period": "FY", "revenue": 8044000000, "costOfRevenue": 3271000000, "grossProfit": 4773000000, "grossProfitRatio": 0.5933615117, "researchAndDevelopmentExpenses": 0, "generalAndAdministrativeExpenses": 0, "sellingAndMarketingExpenses": 0, "sellingGeneralAndAdministrativeExpenses": 0, "otherExpenses": 2954000000, "operatingExpenses": 2954000000, "costAndExpenses": 6225000000, "interestIncome": 0, "interestExpense": 459000000, "depreciationAndAmortization": 844000000, "ebitda": 2641000000, "ebitdaratio": 0.3283192442, "operatingIncome": 1819000000, "operatingIncomeRatio": 0.226131278, "totalOtherIncomeExpensesNet": 22000000, "incomeBeforeTax": 1380000000, "incomeBeforeTaxRatio": 0.1715564396, "incomeTaxExpense": 440000000, "netIncome": 948000000, "netIncomeRatio": 0.117851815, "eps": 2.48, "epsdiluted": 2.47, "weightedAverageShsOut": 373626000, "weightedAverageShsOutDil": 374901000, "link": "https://www.sec.gov/Archives/edgar/data/922224/000092222409000020/0000922224-09-000020-index.htm", "finalLink": "https://www.sec.gov/Archives/edgar/data/317187/000092222409000020/form10k2008.htm", "calculatedOtherExpenses": 2954000000, "calculatedOperatingExpenses": 2954000000, "calculatedNetInterest": -459000000, "calculatedOtherIncome": 20000000, "calculatedIncomeNonControlling": -8000000, "calculatedEbitda": 2663000000}, {"date": "2007-12-31", "symbol": "PPL", "reportedCurrency": "USD", "cik": "0000922224", "fillingDate": "2008-02-29", "acceptedDate": "2008-02-29 07:25:52", "calendarYear": "2007", "period": "FY", "revenue": 6498000000, "costOfRevenue": 1626000000, "grossProfit": 4872000000, "grossProfitRatio": 0.7497691597, "researchAndDevelopmentExpenses": 0, "generalAndAdministrativeExpenses": 0, "sellingAndMarketingExpenses": 1472000000, "sellingGeneralAndAdministrativeExpenses": 1472000000, "otherExpenses": 3189000000, "operatingExpenses": 3189000000, "costAndExpenses": 4815000000, "interestIncome": 0, "interestExpense": 474000000, "depreciationAndAmortization": 891000000, "ebitda": 2479000000, "ebitdaratio": 0.3815020006, "operatingIncome": 1683000000, "operatingIncomeRatio": 0.2590027701, "totalOtherIncomeExpensesNet": 95000000, "incomeBeforeTax": 1301000000, "incomeBeforeTaxRatio": 0.2002154509, "incomeTaxExpense": 270000000, "netIncome": 1306000000, "netIncomeRatio": 0.2009849184, "eps": 3.39, "epsdiluted": 3.35, "weightedAverageShsOut": 379941003, "weightedAverageShsOutDil": 384477612, "link": "https://www.sec.gov/Archives/edgar/data/922224/000092222408000013/0000922224-08-000013-index.htm", "finalLink": "https://www.sec.gov/Archives/edgar/data/317187/000092222408000013/ppl10k2007.htm", "calculatedOtherExpenses": 1717000000, "calculatedOperatingExpenses": 3189000000, "calculatedNetInterest": -474000000, "calculatedOtherIncome": 92000000, "calculatedIncomeNonControlling": -275000000, "calculatedEbitda": 2574000000}, {"date": "2006-12-31", "symbol": "PPL", "reportedCurrency": "USD", "cik": "0000922224", "fillingDate": "2007-02-28", "acceptedDate": "2007-02-28 10:45:04", "calendarYear": "2006", "period": "FY", "revenue": 6899000000, "costOfRevenue": 2219000000, "grossProfit": 4680000000, "grossProfitRatio": 0.6783591825, "researchAndDevelopmentExpenses": 0, "generalAndAdministrativeExpenses": 0, "sellingAndMarketingExpenses": 1532000000, "sellingGeneralAndAdministrativeExpenses": 1532000000, "otherExpenses": 3067000000, "operatingExpenses": 3067000000, "costAndExpenses": 5286000000, "interestIncome": 0, "interestExpense": 482000000, "depreciationAndAmortization": 755000000, "ebitda": 2355000000, "ebitdaratio": 0.3413538194, "operatingIncome": 1613000000, "operatingIncomeRatio": 0.2338020003, "totalOtherIncomeExpensesNet": 13000000, "incomeBeforeTax": 1160000000, "incomeBeforeTaxRatio": 0.1681403102, "incomeTaxExpense": 275000000, "netIncome": 865000000, "netIncomeRatio": 0.1253804899, "eps": 2.27, "epsdiluted": 2.24, "weightedAverageShsOut": 358149780, "weightedAverageShsOutDil": 362946429, "link": "https://www.sec.gov/Archives/edgar/data/922224/000092222407000030/0000922224-07-000030-index.htm", "finalLink": "https://www.sec.gov/Archives/edgar/data/317187/000092222407000030/ppl10-k2006.htm", "calculatedOtherExpenses": 1535000000, "calculatedOperatingExpenses": 3067000000, "calculatedNetInterest": -482000000, "calculatedOtherIncome": 29000000, "calculatedIncomeNonControlling": 20000000, "calculatedEbitda": 2368000000}, {"date": "2005-12-31", "symbol": "PPL", "reportedCurrency": "USD", "cik": "0000922224", "fillingDate": "2006-03-03", "acceptedDate": "2006-03-03 10:33:35", "calendarYear": "2005", "period": "FY", "revenue": 6219000000, "costOfRevenue": 1856000000, "grossProfit": 4363000000, "grossProfitRatio": 0.7015597363, "researchAndDevelopmentExpenses": 0, "generalAndAdministrativeExpenses": 0, "sellingAndMarketingExpenses": 1128000000, "sellingGeneralAndAdministrativeExpenses": 1128000000, "otherExpenses": 3017000000, "operatingExpenses": 3017000000, "costAndExpenses": 4873000000, "interestIncome": 0, "interestExpense": 508000000, "depreciationAndAmortization": 721000000, "ebitda": 2038000000, "ebitdaratio": 0.3277054189, "operatingIncome": 1346000000, "operatingIncomeRatio": 0.2164335102, "totalOtherIncomeExpensesNet": 29000000, "incomeBeforeTax": 858000000, "incomeBeforeTaxRatio": 0.1379643029, "incomeTaxExpense": 121000000, "netIncome": 678000000, "netIncomeRatio": 0.1090207429, "eps": 1.67, "epsdiluted": 1.65, "weightedAverageShsOut": 404790419, "weightedAverageShsOutDil": 409696970, "link": "https://www.sec.gov/Archives/edgar/data/922224/000092222406000018/0000922224-06-000018-index.htm", "finalLink": "https://www.sec.gov/Archives/edgar/data/317187/000092222406000018/ppl10-k2005.htm", "calculatedOtherExpenses": 1889000000, "calculatedOperatingExpenses": 3017000000, "calculatedNetInterest": -508000000, "calculatedOtherIncome": 20000000, "calculatedIncomeNonControlling": 59000000, "calculatedEbitda": 2067000000}, {"date": "2004-12-31", "symbol": "PPL", "reportedCurrency": "USD", "cik": "0000922224", "fillingDate": "2005-03-01", "acceptedDate": "2005-03-01 16:28:14", "calendarYear": "2004", "period": "FY", "revenue": 5812000000, "costOfRevenue": 1697000000, "grossProfit": 4115000000, "grossProfitRatio": 0.708017894, "researchAndDevelopmentExpenses": 0, "generalAndAdministrativeExpenses": 0, "sellingAndMarketingExpenses": 1247000000, "sellingGeneralAndAdministrativeExpenses": 1247000000, "otherExpenses": 2728000000, "operatingExpenses": 2728000000, "costAndExpenses": 4425000000, "interestIncome": 0, "interestExpense": 523000000, "depreciationAndAmortization": 654000000, "ebitda": 2015000000, "ebitdaratio": 0.34669649, "operatingIncome": 1387000000, "operatingIncomeRatio": 0.2386441844, "totalOtherIncomeExpensesNet": 41000000, "incomeBeforeTax": 895000000, "incomeBeforeTaxRatio": 0.1539917412, "incomeTaxExpense": 195000000, "netIncome": 698000000, "netIncomeRatio": 0.1200963524, "eps": 1.89, "epsdiluted": 1.87, "weightedAverageShsOut": 368253968, "weightedAverageShsOutDil": 372192513, "link": "https://www.sec.gov/Archives/edgar/data/922224/000092222405000010/0000922224-05-000010-index.htm", "finalLink": "https://www.sec.gov/Archives/edgar/data/317187/000092222405000010/ppl10k_2004.htm", "calculatedOtherExpenses": 1481000000, "calculatedOperatingExpenses": 2728000000, "calculatedNetInterest": -523000000, "calculatedOtherIncome": 31000000, "calculatedIncomeNonControlling": 2000000, "calculatedEbitda": 2041000000}, {"date": "2003-12-31", "symbol": "PPL", "reportedCurrency": "USD", "cik": "0000922224", "fillingDate": "2004-03-01", "acceptedDate": "2004-03-01 15:26:08", "calendarYear": "2003", "period": "FY", "revenue": 5587000000, "costOfRevenue": 1647000000, "grossProfit": 3940000000, "grossProfitRatio": 0.7052085198, "researchAndDevelopmentExpenses": 0, "generalAndAdministrativeExpenses": 0, "sellingAndMarketingExpenses": 1214000000, "sellingGeneralAndAdministrativeExpenses": 1214000000, "otherExpenses": 2600000000, "operatingExpenses": 2600000000, "costAndExpenses": 4247000000, "interestIncome": 0, "interestExpense": 475000000, "depreciationAndAmortization": 624000000, "ebitda": 1920000000, "ebitdaratio": 0.3436549132, "operatingIncome": 1340000000, "operatingIncomeRatio": 0.2398424915, "totalOtherIncomeExpensesNet": 60000000, "incomeBeforeTax": 918000000, "incomeBeforeTaxRatio": 0.1643100054, "incomeTaxExpense": 170000000, "netIncome": 763000000, "netIncomeRatio": 0.1365670306, "eps": 2.22, "epsdiluted": 2.17, "weightedAverageShsOut": 343693694, "weightedAverageShsOutDil": 350804598, "link": "https://www.sec.gov/Archives/edgar/data/922224/000092222404000011/0000922224-04-000011-index.htm", "finalLink": "https://www.sec.gov/Archives/edgar/data/317187/000092222404000011/ppl10k_2003.htm", "calculatedOtherExpenses": 1386000000, "calculatedOperatingExpenses": 2600000000, "calculatedNetInterest": -475000000, "calculatedOtherIncome": 53000000, "calculatedIncomeNonControlling": -15000000, "calculatedEbitda": 1964000000}, {"date": "2002-12-31", "symbol": "PPL", "reportedCurrency": "USD", "cik": "0000922224", "fillingDate": "2003-03-03", "acceptedDate": "2003-03-03 17:25:33", "calendarYear": "2002", "period": "FY", "revenue": 5429000000, "costOfRevenue": 1457000000, "grossProfit": 3972000000, "grossProfitRatio": 0.7316264505, "researchAndDevelopmentExpenses": 0, "generalAndAdministrativeExpenses": 0, "sellingAndMarketingExpenses": 993000000, "sellingGeneralAndAdministrativeExpenses": 993000000, "otherExpenses": 2732000000, "operatingExpenses": 2732000000, "costAndExpenses": 4189000000, "interestIncome": 0, "interestExpense": 560000000, "depreciationAndAmortization": 487000000, "ebitda": 1722000000, "ebitdaratio": 0.3171854854, "operatingIncome": 1240000000, "operatingIncomeRatio": 0.2284030208, "totalOtherIncomeExpensesNet": 5000000, "incomeBeforeTax": 635000000, "incomeBeforeTaxRatio": 0.1169644502, "incomeTaxExpense": 210000000, "netIncome": 275000000, "netIncomeRatio": 0.0506538957, "eps": 0.69, "epsdiluted": 0.68, "weightedAverageShsOut": 303649635, "weightedAverageShsOutDil": 305882353, "link": "https://www.sec.gov/Archives/edgar/data/922224/000092222403000007/0000922224-03-000007-index.htm", "finalLink": "https://www.sec.gov/Archives/edgar/data/317187/000092222403000007/ppl10k_2002.htm", "calculatedOtherExpenses": 1739000000, "calculatedOperatingExpenses": 2732000000, "calculatedNetInterest": -560000000, "calculatedOtherIncome": -45000000, "calculatedIncomeNonControlling": 150000000, "calculatedEbitda": 1727000000}, {"date": "2001-12-31", "symbol": "PPL", "reportedCurrency": "USD", "cik": "0000922224", "fillingDate": "2002-03-01", "acceptedDate": "2002-03-01 00:00:00", "calendarYear": "2001", "period": "FY", "revenue": 5725000000, "costOfRevenue": 2128000000, "grossProfit": 3597000000, "grossProfitRatio": 0.6282969432, "researchAndDevelopmentExpenses": 0, "generalAndAdministrativeExpenses": 0, "sellingAndMarketingExpenses": 1712000000, "sellingGeneralAndAdministrativeExpenses": 1712000000, "otherExpenses": 2742000000, "operatingExpenses": 2742000000, "costAndExpenses": 4870000000, "interestIncome": 0, "interestExpense": 867000000, "depreciationAndAmortization": 478000000, "ebitda": 1321000000, "ebitdaratio": 0.2307423581, "operatingIncome": 855000000, "operatingIncomeRatio": 0.1493449782, "totalOtherIncomeExpensesNet": 12000000, "incomeBeforeTax": 482000000, "incomeBeforeTaxRatio": 0.0841921397, "incomeTaxExpense": 261000000, "netIncome": 231000000, "netIncomeRatio": 0.040349345, "eps": 0.61, "epsdiluted": 0.61, "weightedAverageShsOut": 293442623, "weightedAverageShsOutDil": 293442623, "link": "https://www.sec.gov/Archives/edgar/data/922224/000092222402000003/0000922224-02-000003-index.htm", "finalLink": "https://www.sec.gov/Archives/edgar/data/317187/000092222402000003/ppl10k_2001.htm", "calculatedOtherExpenses": 1030000000, "calculatedOperatingExpenses": 2742000000, "calculatedNetInterest": -867000000, "calculatedOtherIncome": 494000000, "calculatedIncomeNonControlling": -10000000, "calculatedEbitda": 1333000000}, {"date": "2000-12-31", "symbol": "PPL", "reportedCurrency": "USD", "cik": "0000922224", "fillingDate": "2001-03-01", "acceptedDate": "2001-03-01 00:00:00", "calendarYear": "2000", "period": "FY", "revenue": 5683000000, "costOfRevenue": 2461000000, "grossProfit": 3222000000, "grossProfitRatio": 0.5669540736, "researchAndDevelopmentExpenses": 0, "generalAndAdministrativeExpenses": 0, "sellingAndMarketingExpenses": 0, "sellingGeneralAndAdministrativeExpenses": 0, "otherExpenses": 2020000000, "operatingExpenses": 2020000000, "costAndExpenses": 4481000000, "interestIncome": 0, "interestExpense": 0, "depreciationAndAmortization": 382000000, "ebitda": 1599000000, "ebitdaratio": 0.281365476, "operatingIncome": 1202000000, "operatingIncomeRatio": 0.2115080063, "totalOtherIncomeExpensesNet": -15000000, "incomeBeforeTax": 807000000, "incomeBeforeTaxRatio": 0.1420024635, "incomeTaxExpense": 294000000, "netIncome": 524000000, "netIncomeRatio": 0.0922048214, "eps": 1.73, "epsdiluted": 1.72, "weightedAverageShsOut": 288695652, "weightedAverageShsOutDil": 289534884, "link": "https://www.sec.gov/Archives/edgar/data/922224/000103605001000345/0001036050-01-000345-index.htm", "finalLink": "https://www.sec.gov/Archives/edgar/data/922224/000103605001000345/0001036050-01-000345-0001.txt", "calculatedOtherExpenses": 2020000000, "calculatedOperatingExpenses": 2020000000, "calculatedNetInterest": 0, "calculatedOtherIncome": -395000000, "calculatedIncomeNonControlling": -11000000, "calculatedEbitda": 1584000000}, {"date": "1999-12-31", "symbol": "PPL", "reportedCurrency": "USD", "cik": "0000922224", "fillingDate": "2000-03-02", "acceptedDate": "2000-03-02 00:00:00", "calendarYear": "1999", "period": "FY", "revenue": 4590000000, "costOfRevenue": 2010000000, "grossProfit": 2580000000, "grossProfitRatio": 0.5620915033, "researchAndDevelopmentExpenses": 0, "generalAndAdministrativeExpenses": 0, "sellingAndMarketingExpenses": 0, "sellingGeneralAndAdministrativeExpenses": 0, "otherExpenses": 1708000000, "operatingExpenses": 1708000000, "costAndExpenses": 3718000000, "interestIncome": 0, "interestExpense": 0, "depreciationAndAmortization": 115000000, "ebitda": 987000000, "ebitdaratio": 0.2150326797, "operatingIncome": 872000000, "operatingIncomeRatio": 0.1899782135, "totalOtherIncomeExpensesNet": 97000000, "incomeBeforeTax": 678000000, "incomeBeforeTaxRatio": 0.1477124183, "incomeTaxExpense": 174000000, "netIncome": 458000000, "netIncomeRatio": 0.0997821351, "eps": 1.42, "epsdiluted": 1.42, "weightedAverageShsOut": 304225352, "weightedAverageShsOutDil": 304225352, "link": "https://www.sec.gov/Archives/edgar/data/922224/000103605000000298/0001036050-00-000298-index.html", "finalLink": "https://www.sec.gov/Archives/edgar/data/922224/000103605000000298/", "calculatedOtherExpenses": 1708000000, "calculatedOperatingExpenses": 1708000000, "calculatedNetInterest": 0, "calculatedOtherIncome": -194000000, "calculatedIncomeNonControlling": 46000000, "calculatedEbitda": 987000000}, {"date": "1998-12-31", "symbol": "PPL", "reportedCurrency": "USD", "cik": "0000922224", "fillingDate": "1999-03-03", "acceptedDate": "1999-03-03 00:00:00", "calendarYear": "1998", "period": "FY", "revenue": 3786000000, "costOfRevenue": 1553000000, "grossProfit": 2233000000, "grossProfitRatio": 0.5898045431, "researchAndDevelopmentExpenses": 0, "generalAndAdministrativeExpenses": 0, "sellingAndMarketingExpenses": 0, "sellingGeneralAndAdministrativeExpenses": 0, "otherExpenses": 1313000000, "operatingExpenses": 1313000000, "costAndExpenses": 2866000000, "interestIncome": 0, "interestExpense": 0, "depreciationAndAmortization": 423000000, "ebitda": 1343000000, "ebitdaratio": 0.3547279451, "operatingIncome": 920000000, "operatingIncomeRatio": 0.2430005283, "totalOtherIncomeExpensesNet": -27000000, "incomeBeforeTax": 663000000, "incomeBeforeTaxRatio": 0.175118859, "incomeTaxExpense": 259000000, "netIncome": -544000000, "netIncomeRatio": -0.1436872689, "eps": -1.65, "epsdiluted": -1.63, "weightedAverageShsOut": 328901734, "weightedAverageShsOutDil": 334010152, "link": "https://www.sec.gov/Archives/edgar/data/922224/000103605099000403/0001036050-99-000403-index.html", "finalLink": "https://www.sec.gov/Archives/edgar/data/922224/", "calculatedOtherExpenses": 1313000000, "calculatedOperatingExpenses": 1313000000, "calculatedNetInterest": 0, "calculatedOtherIncome": -257000000, "calculatedIncomeNonControlling": 948000000, "calculatedEbitda": 1343000000}, {"date": "1997-12-31", "symbol": "PPL", "reportedCurrency": "USD", "cik": "0000922224", "fillingDate": "1998-03-03", "acceptedDate": "1998-03-03 00:00:00", "calendarYear": "1997", "period": "FY", "revenue": 3049000000, "costOfRevenue": 970000000, "grossProfit": 2079000000, "grossProfitRatio": 0.6818629059, "researchAndDevelopmentExpenses": 0, "generalAndAdministrativeExpenses": 0, "sellingAndMarketingExpenses": 0, "sellingGeneralAndAdministrativeExpenses": 0, "otherExpenses": 1324000000, "operatingExpenses": 1324000000, "costAndExpenses": 2294000000, "interestIncome": 0, "interestExpense": 0, "depreciationAndAmortization": 427000000, "ebitda": 1182000000, "ebitdaratio": 0.3876680879, "operatingIncome": 755000000, "operatingIncomeRatio": 0.2476221712, "totalOtherIncomeExpensesNet": 18000000, "incomeBeforeTax": 558000000, "incomeBeforeTaxRatio": 0.1830108232, "incomeTaxExpense": 238000000, "netIncome": 320000000, "netIncomeRatio": 0.1049524434, "eps": 0.9, "epsdiluted": 0.9, "weightedAverageShsOut": 328888889, "weightedAverageShsOutDil": 328888889, "link": "https://www.sec.gov/Archives/edgar/data/922224/000092222498000009/0000922224-98-000009-index.html", "finalLink": "https://www.sec.gov/Archives/edgar/data/922224/", "calculatedOtherExpenses": 1324000000, "calculatedOperatingExpenses": 1324000000, "calculatedNetInterest": 0, "calculatedOtherIncome": -197000000, "calculatedIncomeNonControlling": 0, "calculatedEbitda": 1182000000}, {"date": "1996-12-31", "symbol": "PPL", "reportedCurrency": "USD", "cik": "0000922224", "fillingDate": "1997-02-28", "acceptedDate": "1997-02-28 00:00:00", "calendarYear": "1996", "period": "FY", "revenue": 2910000000, "costOfRevenue": 800000000, "grossProfit": 2110000000, "grossProfitRatio": 0.7250859107, "researchAndDevelopmentExpenses": 0, "generalAndAdministrativeExpenses": 0, "sellingAndMarketingExpenses": 0, "sellingGeneralAndAdministrativeExpenses": 0, "otherExpenses": 1301000000, "operatingExpenses": 1301000000, "costAndExpenses": 2101000000, "interestIncome": 0, "interestExpense": 0, "depreciationAndAmortization": 416000000, "ebitda": 1225000000, "ebitdaratio": 0.4209621993, "operatingIncome": 809000000, "operatingIncomeRatio": 0.2780068729, "totalOtherIncomeExpensesNet": 21000000, "incomeBeforeTax": 610000000, "incomeBeforeTaxRatio": 0.2096219931, "incomeTaxExpense": 253000000, "netIncome": 357000000, "netIncomeRatio": 0.1226804124, "eps": 1.02, "epsdiluted": 1.02, "weightedAverageShsOut": 320975610, "weightedAverageShsOutDil": 320975610, "link": "https://www.sec.gov/Archives/edgar/data/922224/000092222497000002/0000922224-97-000002-index.html", "finalLink": "https://www.sec.gov/Archives/edgar/data/922224/", "calculatedOtherExpenses": 1301000000, "calculatedOperatingExpenses": 1301000000, "calculatedNetInterest": 0, "calculatedOtherIncome": -199000000, "calculatedIncomeNonControlling": 0, "calculatedEbitda": 1225000000}, {"date": "1995-12-31", "symbol": "PPL", "reportedCurrency": "USD", "cik": "0000922224", "fillingDate": "1996-03-01", "acceptedDate": "1996-03-01 00:00:00", "calendarYear": "1995", "period": "FY", "revenue": 2751800000, "costOfRevenue": 729200000, "grossProfit": 2022600000, "grossProfitRatio": 0.7350098118, "researchAndDevelopmentExpenses": 0, "generalAndAdministrativeExpenses": 0, "sellingAndMarketingExpenses": 0, "sellingGeneralAndAdministrativeExpenses": 0, "otherExpenses": 1187200000, "operatingExpenses": 1187200000, "costAndExpenses": 1916400000, "interestIncome": 0, "interestExpense": 0, "depreciationAndAmortization": 370800000, "ebitda": 1206200000, "ebitdaratio": 0.4383312741, "operatingIncome": 835400000, "operatingIncomeRatio": 0.3035831092, "totalOtherIncomeExpensesNet": 22300000, "incomeBeforeTax": 636000000, "incomeBeforeTaxRatio": 0.2311214478, "incomeTaxExpense": 285500000, "netIncome": 350500000, "netIncomeRatio": 0.1273711752, "eps": 1.02, "epsdiluted": 1.02, "weightedAverageShsOut": 314829268, "weightedAverageShsOutDil": 314829268, "link": "https://www.sec.gov/Archives/edgar/data/922224/000092222496000002/0000922224-96-000002-index.html", "finalLink": "https://www.sec.gov/Archives/edgar/data/922224/", "calculatedOtherExpenses": 1187200000, "calculatedOperatingExpenses": 1187200000, "calculatedNetInterest": 0, "calculatedOtherIncome": -199400000, "calculatedIncomeNonControlling": 0, "calculatedEbitda": 1206200000}, {"date": "1994-12-31", "symbol": "PPL", "reportedCurrency": "USD", "cik": "0000922224", "fillingDate": "1994-12-31", "acceptedDate": "1994-12-30 19:00:00", "calendarYear": "1994", "period": "FY", "revenue": 2725100000, "costOfRevenue": 0, "grossProfit": 2725100000, "grossProfitRatio": 1, "researchAndDevelopmentExpenses": 0, "generalAndAdministrativeExpenses": 0, "sellingAndMarketingExpenses": 0, "sellingGeneralAndAdministrativeExpenses": 0, "otherExpenses": 0, "operatingExpenses": 0, "costAndExpenses": 0, "interestIncome": 0, "interestExpense": 0, "depreciationAndAmortization": 0, "ebitda": 2725100000, "ebitdaratio": 1, "operatingIncome": 2725100000, "operatingIncomeRatio": 1, "totalOtherIncomeExpensesNet": 0, "incomeBeforeTax": 0, "incomeBeforeTaxRatio": 0, "incomeTaxExpense": -244300000, "netIncome": 244300000, "netIncomeRatio": 0.0896480863, "eps": 0.71, "epsdiluted": 0.71, "weightedAverageShsOut": 306241135, "weightedAverageShsOutDil": 306241135, "link": "", "finalLink": "", "calculatedOtherExpenses": 0, "calculatedOperatingExpenses": 0, "calculatedNetInterest": 0, "calculatedOtherIncome": -2725100000, "calculatedIncomeNonControlling": 0, "calculatedEbitda": 2725100000}, {"date": "1993-12-31", "symbol": "PPL", "reportedCurrency": "USD", "cik": "0000922224", "fillingDate": "1993-12-31", "acceptedDate": "1993-12-30 19:00:00", "calendarYear": "1993", "period": "FY", "revenue": 2727000000, "costOfRevenue": 0, "grossProfit": 2727000000, "grossProfitRatio": 1, "researchAndDevelopmentExpenses": 0, "generalAndAdministrativeExpenses": 0, "sellingAndMarketingExpenses": 0, "sellingGeneralAndAdministrativeExpenses": 0, "otherExpenses": 0, "operatingExpenses": 0, "costAndExpenses": 0, "interestIncome": 0, "interestExpense": 0, "depreciationAndAmortization": 0, "ebitda": 2727000000, "ebitdaratio": 1, "operatingIncome": 2727000000, "operatingIncomeRatio": 1, "totalOtherIncomeExpensesNet": 0, "incomeBeforeTax": 0, "incomeBeforeTaxRatio": 0, "incomeTaxExpense": -348100000, "netIncome": 348100000, "netIncomeRatio": 0.1276494316, "eps": 1.03, "epsdiluted": 1.03, "weightedAverageShsOut": 303574879, "weightedAverageShsOutDil": 303574879, "link": "", "finalLink": "", "calculatedOtherExpenses": 0, "calculatedOperatingExpenses": 0, "calculatedNetInterest": 0, "calculatedOtherIncome": -2727000000, "calculatedIncomeNonControlling": 0, "calculatedEbitda": 2727000000}, {"date": "1992-12-31", "symbol": "PPL", "reportedCurrency": "USD", "cik": "0000922224", "fillingDate": "1992-12-31", "acceptedDate": "1992-12-30 19:00:00", "calendarYear": "1992", "period": "FY", "revenue": 2744100000, "costOfRevenue": 0, "grossProfit": 2744100000, "grossProfitRatio": 1, "researchAndDevelopmentExpenses": 0, "generalAndAdministrativeExpenses": 0, "sellingAndMarketingExpenses": 0, "sellingGeneralAndAdministrativeExpenses": 0, "otherExpenses": 0, "operatingExpenses": 0, "costAndExpenses": 0, "interestIncome": 0, "interestExpense": 0, "depreciationAndAmortization": 0, "ebitda": 2744100000, "ebitdaratio": 1, "operatingIncome": 2744100000, "operatingIncomeRatio": 1, "totalOtherIncomeExpensesNet": 0, "incomeBeforeTax": 0, "incomeBeforeTaxRatio": 0, "incomeTaxExpense": -346700000, "netIncome": 346700000, "netIncomeRatio": 0.1263437921, "eps": 1.01, "epsdiluted": 1.01, "weightedAverageShsOut": 303168317, "weightedAverageShsOutDil": 303168317, "link": "", "finalLink": "", "calculatedOtherExpenses": 0, "calculatedOperatingExpenses": 0, "calculatedNetInterest": 0, "calculatedOtherIncome": -2744100000, "calculatedIncomeNonControlling": 0, "calculatedEbitda": 2744100000}, {"date": "1991-12-31", "symbol": "PPL", "reportedCurrency": "USD", "cik": "0000922224", "fillingDate": "1991-12-31", "acceptedDate": "1991-12-30 19:00:00", "calendarYear": "1991", "period": "FY", "revenue": 2559700000, "costOfRevenue": 0, "grossProfit": 2559700000, "grossProfitRatio": 1, "researchAndDevelopmentExpenses": 0, "generalAndAdministrativeExpenses": 0, "sellingAndMarketingExpenses": 0, "sellingGeneralAndAdministrativeExpenses": 0, "otherExpenses": 0, "operatingExpenses": 0, "costAndExpenses": 0, "interestIncome": 0, "interestExpense": 0, "depreciationAndAmortization": 0, "ebitda": 2559700000, "ebitdaratio": 1, "operatingIncome": 2559700000, "operatingIncomeRatio": 1, "totalOtherIncomeExpensesNet": 0, "incomeBeforeTax": 0, "incomeBeforeTaxRatio": 0, "incomeTaxExpense": -348400000, "netIncome": 348400000, "netIncomeRatio": 0.1361097004, "eps": 1, "epsdiluted": 1, "weightedAverageShsOut": 302189055, "weightedAverageShsOutDil": 302189055, "link": "", "finalLink": "", "calculatedOtherExpenses": 0, "calculatedOperatingExpenses": 0, "calculatedNetInterest": 0, "calculatedOtherIncome": -2559700000, "calculatedIncomeNonControlling": 0, "calculatedEbitda": 2559700000}, {"date": "1990-12-31", "symbol": "PPL", "reportedCurrency": "USD", "cik": "0000922224", "fillingDate": "1990-12-31", "acceptedDate": "1990-12-30 19:00:00", "calendarYear": "1990", "period": "FY", "revenue": 2388700000, "costOfRevenue": 0, "grossProfit": 2388700000, "grossProfitRatio": 1, "researchAndDevelopmentExpenses": 0, "generalAndAdministrativeExpenses": 0, "sellingAndMarketingExpenses": 0, "sellingGeneralAndAdministrativeExpenses": 0, "otherExpenses": 0, "operatingExpenses": 0, "costAndExpenses": 0, "interestIncome": 0, "interestExpense": 0, "depreciationAndAmortization": 0, "ebitda": 2388700000, "ebitdaratio": 1, "operatingIncome": 2388700000, "operatingIncomeRatio": 1, "totalOtherIncomeExpensesNet": 0, "incomeBeforeTax": 0, "incomeBeforeTaxRatio": 0, "incomeTaxExpense": -343900000, "netIncome": 343900000, "netIncomeRatio": 0.1439695232, "eps": 0.99, "epsdiluted": 0.99, "weightedAverageShsOut": 300808081, "weightedAverageShsOutDil": 300808081, "link": "", "finalLink": "", "calculatedOtherExpenses": 0, "calculatedOperatingExpenses": 0, "calculatedNetInterest": 0, "calculatedOtherIncome": -2388700000, "calculatedIncomeNonControlling": 0, "calculatedEbitda": 2388700000}, {"date": "1989-12-31", "symbol": "PPL", "reportedCurrency": "USD", "cik": "0000922224", "fillingDate": "1989-12-31", "acceptedDate": "1989-12-30 19:00:00", "calendarYear": "1989", "period": "FY", "revenue": 2356400000, "costOfRevenue": 0, "grossProfit": 2356400000, "grossProfitRatio": 1, "researchAndDevelopmentExpenses": 0, "generalAndAdministrativeExpenses": 0, "sellingAndMarketingExpenses": 0, "sellingGeneralAndAdministrativeExpenses": 0, "otherExpenses": 0, "operatingExpenses": 0, "costAndExpenses": 0, "interestIncome": 0, "interestExpense": 0, "depreciationAndAmortization": 0, "ebitda": 2356400000, "ebitdaratio": 1, "operatingIncome": 2356400000, "operatingIncomeRatio": 1, "totalOtherIncomeExpensesNet": 0, "incomeBeforeTax": 0, "incomeBeforeTaxRatio": 0, "incomeTaxExpense": -353400000, "netIncome": 353400000, "netIncomeRatio": 0.1499745374, "eps": 1.01, "epsdiluted": 1.01, "weightedAverageShsOut": 300492611, "weightedAverageShsOutDil": 300492611, "link": "", "finalLink": "", "calculatedOtherExpenses": 0, "calculatedOperatingExpenses": 0, "calculatedNetInterest": 0, "calculatedOtherIncome": -2356400000, "calculatedIncomeNonControlling": 0, "calculatedEbitda": 2356400000}, {"date": "1988-12-31", "symbol": "PPL", "reportedCurrency": "USD", "cik": "0000922224", "fillingDate": "1988-12-31", "acceptedDate": "1988-12-30 19:00:00", "calendarYear": "1988", "period": "FY", "revenue": 2213900000, "costOfRevenue": 0, "grossProfit": 2213900000, "grossProfitRatio": 1, "researchAndDevelopmentExpenses": 0, "generalAndAdministrativeExpenses": 0, "sellingAndMarketingExpenses": 0, "sellingGeneralAndAdministrativeExpenses": 0, "otherExpenses": 0, "operatingExpenses": 0, "costAndExpenses": 0, "interestIncome": 0, "interestExpense": 0, "depreciationAndAmortization": 0, "ebitda": 2213900000, "ebitdaratio": 1, "operatingIncome": 2213900000, "operatingIncomeRatio": 1, "totalOtherIncomeExpensesNet": 0, "incomeBeforeTax": 0, "incomeBeforeTaxRatio": 0, "incomeTaxExpense": -332000000, "netIncome": 332000000, "netIncomeRatio": 0.1499616062, "eps": 0.94, "epsdiluted": 0.94, "weightedAverageShsOut": 299251337, "weightedAverageShsOutDil": 299251337, "link": "", "finalLink": "", "calculatedOtherExpenses": 0, "calculatedOperatingExpenses": 0, "calculatedNetInterest": 0, "calculatedOtherIncome": -2213900000, "calculatedIncomeNonControlling": 0, "calculatedEbitda": 2213900000}, {"date": "1987-12-31", "symbol": "PPL", "reportedCurrency": "USD", "cik": "0000922224", "fillingDate": "1987-12-31", "acceptedDate": "1987-12-30 19:00:00", "calendarYear": "1987", "period": "FY", "revenue": 2088800000, "costOfRevenue": 0, "grossProfit": 2088800000, "grossProfitRatio": 1, "researchAndDevelopmentExpenses": 0, "generalAndAdministrativeExpenses": 0, "sellingAndMarketingExpenses": 0, "sellingGeneralAndAdministrativeExpenses": 0, "otherExpenses": 0, "operatingExpenses": 0, "costAndExpenses": 0, "interestIncome": 0, "interestExpense": 0, "depreciationAndAmortization": 0, "ebitda": 2088800000, "ebitdaratio": 1, "operatingIncome": 2088800000, "operatingIncomeRatio": 1, "totalOtherIncomeExpensesNet": 0, "incomeBeforeTax": 0, "incomeBeforeTaxRatio": 0, "incomeTaxExpense": -302500000, "netIncome": 302500000, "netIncomeRatio": 0.1448199923, "eps": 0.83, "epsdiluted": 0.83, "weightedAverageShsOut": 298915663, "weightedAverageShsOutDil": 298915663, "link": "", "finalLink": "", "calculatedOtherExpenses": 0, "calculatedOperatingExpenses": 0, "calculatedNetInterest": 0, "calculatedOtherIncome": -2088800000, "calculatedIncomeNonControlling": 0, "calculatedEbitda": 2088800000}, {"date": "1986-12-31", "symbol": "PPL", "reportedCurrency": "USD", "cik": "0000922224", "fillingDate": "1986-12-31", "acceptedDate": "1986-12-30 19:00:00", "calendarYear": "1986", "period": "FY", "revenue": 2188900000, "costOfRevenue": 0, "grossProfit": 2188900000, "grossProfitRatio": 1, "researchAndDevelopmentExpenses": 0, "generalAndAdministrativeExpenses": 0, "sellingAndMarketingExpenses": 0, "sellingGeneralAndAdministrativeExpenses": 0, "otherExpenses": 0, "operatingExpenses": 0, "costAndExpenses": 0, "interestIncome": 0, "interestExpense": 0, "depreciationAndAmortization": 0, "ebitda": 2188900000, "ebitdaratio": 1, "operatingIncome": 2188900000, "operatingIncomeRatio": 1, "totalOtherIncomeExpensesNet": 0, "incomeBeforeTax": 0, "incomeBeforeTaxRatio": 0, "incomeTaxExpense": -300100000, "netIncome": 300100000, "netIncomeRatio": 0.1371008269, "eps": 0.78, "epsdiluted": 0.78, "weightedAverageShsOut": 298064516, "weightedAverageShsOutDil": 298064516, "link": "", "finalLink": "", "calculatedOtherExpenses": 0, "calculatedOperatingExpenses": 0, "calculatedNetInterest": 0, "calculatedOtherIncome": -2188900000, "calculatedIncomeNonControlling": 0, "calculatedEbitda": 2188900000}, {"date": "1985-12-31", "symbol": "PPL", "reportedCurrency": "USD", "cik": "0000922224", "fillingDate": "1985-12-31", "acceptedDate": "1985-12-30 19:00:00", "calendarYear": "1985", "period": "FY", "revenue": 1976500000, "costOfRevenue": 0, "grossProfit": 1976500000, "grossProfitRatio": 1, "researchAndDevelopmentExpenses": 0, "generalAndAdministrativeExpenses": 0, "sellingAndMarketingExpenses": 0, "sellingGeneralAndAdministrativeExpenses": 0, "otherExpenses": 0, "operatingExpenses": 0, "costAndExpenses": 0, "interestIncome": 0, "interestExpense": 0, "depreciationAndAmortization": 0, "ebitda": 1976500000, "ebitdaratio": 1, "operatingIncome": 1976500000, "operatingIncomeRatio": 1, "totalOtherIncomeExpensesNet": 0, "incomeBeforeTax": 0, "incomeBeforeTaxRatio": 0, "incomeTaxExpense": -290600000, "netIncome": 290600000, "netIncomeRatio": 0.147027574, "eps": 0.67, "epsdiluted": 0.67, "weightedAverageShsOut": 297462687, "weightedAverageShsOutDil": 297462687, "link": "", "finalLink": "", "calculatedOtherExpenses": 0, "calculatedOperatingExpenses": 0, "calculatedNetInterest": 0, "calculatedOtherIncome": -1976500000, "calculatedIncomeNonControlling": 0, "calculatedEbitda": 1976500000}]}