{"originalCurrency": "USD", "convertedCurrency": "USD", "report": [{"date": "2023-12-31", "symbol": "PR", "reportedCurrency": "USD", "cik": "0001658566", "fillingDate": "2024-02-29", "acceptedDate": "2024-02-29 16:08:06", "calendarYear": "2023", "period": "FY", "revenue": 3120893000, "costOfRevenue": 1730729000, "grossProfit": 1390164000, "grossProfitRatio": 0.4454378923, "researchAndDevelopmentExpenses": 0, "generalAndAdministrativeExpenses": 161855000, "sellingAndMarketingExpenses": 0, "sellingGeneralAndAdministrativeExpenses": 161855000, "otherExpenses": 2333000, "operatingExpenses": 161855000, "costAndExpenses": 1892584000, "interestIncome": 0, "interestExpense": 185022000, "depreciationAndAmortization": 1007576000, "ebitda": 2235885000, "ebitdaratio": 0.7164247541, "operatingIncome": 1228309000, "operatingIncomeRatio": 0.3935761335, "totalOtherIncomeExpensesNet": -192661000, "incomeBeforeTax": 1035647999, "incomeBeforeTaxRatio": 0.3318434817, "incomeTaxExpense": 155945000, "netIncome": 476306000, "netIncomeRatio": 0.1526184973, "eps": 1.36, "epsdiluted": 1.24, "weightedAverageShsOut": 349213000, "weightedAverageShsOutDil": 389096000, "link": "https://www.sec.gov/Archives/edgar/data/1658566/000165856624000018/0001658566-24-000018-index.htm", "finalLink": "https://www.sec.gov/Archives/edgar/data/1658566/000165856624000018/cdev-20231231.htm", "calculatedOtherExpenses": 0, "calculatedOperatingExpenses": 161855000, "calculatedNetInterest": -185022000, "calculatedOtherIncome": -7639001, "calculatedIncomeNonControlling": 403396999, "calculatedEbitda": 2235885000}, {"date": "2022-12-31", "symbol": "PR", "reportedCurrency": "USD", "cik": "0001658566", "fillingDate": "2023-02-24", "acceptedDate": "2023-02-24 08:03:26", "calendarYear": "2022", "period": "FY", "revenue": 2131265000, "costOfRevenue": 714460000, "grossProfit": 1416805000, "grossProfitRatio": 0.6647718608, "researchAndDevelopmentExpenses": 0, "generalAndAdministrativeExpenses": 159554000, "sellingAndMarketingExpenses": 0, "sellingGeneralAndAdministrativeExpenses": 159554000, "otherExpenses": 167102000, "operatingExpenses": 326656000, "costAndExpenses": 1041116000, "interestIncome": 95645000, "interestExpense": 95645000, "depreciationAndAmortization": 527900000, "ebitda": 1535436000, "ebitdaratio": 0.7204341084, "operatingIncome": 1007536000, "operatingIncomeRatio": 0.472740837, "totalOtherIncomeExpensesNet": -137404000, "incomeBeforeTax": 870132000, "incomeBeforeTaxRatio": 0.4082702057, "incomeTaxExpense": 120292000, "netIncome": 749840000, "netIncomeRatio": 0.3518286088, "eps": 2.62, "epsdiluted": 2.32, "weightedAverageShsOut": 286160000, "weightedAverageShsOutDil": 322816000, "link": "https://www.sec.gov/Archives/edgar/data/1658566/000165856623000019/0001658566-23-000019-index.htm", "finalLink": "https://www.sec.gov/Archives/edgar/data/1658566/000165856623000019/cdev-20221231.htm", "calculatedOtherExpenses": 249715000, "calculatedOperatingExpenses": 409269000, "calculatedNetInterest": 0, "calculatedOtherIncome": -137404000, "calculatedIncomeNonControlling": 0, "calculatedEbitda": 1535436000}, {"date": "2021-12-31", "symbol": "PR", "reportedCurrency": "USD", "cik": "0001658566", "fillingDate": "2021-12-31", "acceptedDate": "2021-12-31 00:00:00", "calendarYear": "2021", "period": "FY", "revenue": 1029892000, "costOfRevenue": 481437000, "grossProfit": 548455000, "grossProfitRatio": 0.5325364213, "researchAndDevelopmentExpenses": 0, "generalAndAdministrativeExpenses": 110454000, "sellingAndMarketingExpenses": 0, "sellingGeneralAndAdministrativeExpenses": 110454000, "otherExpenses": 75023000, "operatingExpenses": 185477000, "costAndExpenses": 666914000, "interestIncome": 61288000, "interestExpense": 61288000, "depreciationAndAmortization": 281877000, "ebitda": 652495000, "ebitdaratio": 0.6335567225, "operatingIncome": 370618000, "operatingIncomeRatio": 0.359861034, "totalOtherIncomeExpensesNet": -231874000, "incomeBeforeTax": 138744000, "incomeBeforeTaxRatio": 0.1347170383, "incomeTaxExpense": 569000, "netIncome": 138175000, "netIncomeRatio": 0.1341645532, "eps": 0.49, "epsdiluted": 0.46, "weightedAverageShsOut": 280871000, "weightedAverageShsOutDil": 310170000, "link": null, "finalLink": null, "calculatedOtherExpenses": 67383000, "calculatedOperatingExpenses": 177837000, "calculatedNetInterest": 0, "calculatedOtherIncome": -231874000, "calculatedIncomeNonControlling": 0, "calculatedEbitda": 652495000}, {"date": "2020-12-31", "symbol": "PR", "reportedCurrency": "USD", "cik": "0001658566", "fillingDate": "2020-12-31", "acceptedDate": "2020-12-31 00:00:00", "calendarYear": "2020", "period": "FY", "revenue": 580456000, "costOfRevenue": 539145000, "grossProfit": 41311000, "grossProfitRatio": 0.0711699078, "researchAndDevelopmentExpenses": 0, "generalAndAdministrativeExpenses": 72867000, "sellingAndMarketingExpenses": 0, "sellingGeneralAndAdministrativeExpenses": 72867000, "otherExpenses": 57772000, "operatingExpenses": 130639000, "costAndExpenses": 669784000, "interestIncome": 69192000, "interestExpense": 69192000, "depreciationAndAmortization": 358554000, "ebitda": 269307000, "ebitdaratio": 0.4639576471, "operatingIncome": -89247000, "operatingIncomeRatio": -0.1537532561, "totalOtherIncomeExpensesNet": -681076000, "incomeBeforeTax": -770323000, "incomeBeforeTaxRatio": -1.3270997285, "incomeTaxExpense": -85124000, "netIncome": -685199000, "netIncomeRatio": -1.1804495087, "eps": -2.47, "epsdiluted": -2.47, "weightedAverageShsOut": 277368000, "weightedAverageShsOutDil": 277368000, "link": null, "finalLink": null, "calculatedOtherExpenses": 57691000, "calculatedOperatingExpenses": 130558000, "calculatedNetInterest": 0, "calculatedOtherIncome": -681076000, "calculatedIncomeNonControlling": 0, "calculatedEbitda": 269307000}, {"date": "2019-12-31", "symbol": "PR", "reportedCurrency": "USD", "cik": "0001658566", "fillingDate": "2019-12-31", "acceptedDate": "2019-12-31 00:00:00", "calendarYear": "2019", "period": "FY", "revenue": 944330000, "costOfRevenue": 663053000, "grossProfit": 281277000, "grossProfitRatio": 0.2978587994, "researchAndDevelopmentExpenses": 0, "generalAndAdministrativeExpenses": 79156000, "sellingAndMarketingExpenses": 0, "sellingGeneralAndAdministrativeExpenses": 79156000, "otherExpenses": 74590000, "operatingExpenses": 153746000, "costAndExpenses": 816799000, "interestIncome": 55991000, "interestExpense": 55991000, "depreciationAndAmortization": 444243000, "ebitda": 127865000, "ebitdaratio": 0.1354028782, "operatingIncome": -316378000, "operatingIncomeRatio": -0.3350290682, "totalOtherIncomeExpensesNet": 338589000, "incomeBeforeTax": 22211000, "incomeBeforeTaxRatio": 0.0235203795, "incomeTaxExpense": 5797000, "netIncome": 15798000, "netIncomeRatio": 0.0167293213, "eps": 0.0602, "epsdiluted": 0.0583, "weightedAverageShsOut": 267700000, "weightedAverageShsOutDil": 276632000, "link": null, "finalLink": null, "calculatedOtherExpenses": 518499000, "calculatedOperatingExpenses": 597655000, "calculatedNetInterest": 0, "calculatedOtherIncome": 338589000, "calculatedIncomeNonControlling": 616000, "calculatedEbitda": 127865000}, {"date": "2018-12-31", "symbol": "PR", "reportedCurrency": "USD", "cik": "0001658566", "fillingDate": "2018-12-31", "acceptedDate": "2018-12-31 00:00:00", "calendarYear": "2018", "period": "FY", "revenue": 891045000, "costOfRevenue": 467399000, "grossProfit": 423646000, "grossProfitRatio": 0.4754484903, "researchAndDevelopmentExpenses": 0, "generalAndAdministrativeExpenses": 63304000, "sellingAndMarketingExpenses": 0, "sellingGeneralAndAdministrativeExpenses": 63304000, "otherExpenses": 8000, "operatingExpenses": 129795000, "costAndExpenses": 597194000, "interestIncome": 0, "interestExpense": 26358000, "depreciationAndAmortization": 326462000, "ebitda": 293859000, "ebitdaratio": 0.3297914247, "operatingIncome": 282715000, "operatingIncomeRatio": 0.3172847612, "totalOtherIncomeExpensesNet": 4683000, "incomeBeforeTax": 272176000, "incomeBeforeTaxRatio": 0.3054570757, "incomeTaxExpense": 59440000, "netIncome": 199899000, "netIncomeRatio": 0.2243422049, "eps": 0.76, "epsdiluted": 0.75, "weightedAverageShsOut": 263025000, "weightedAverageShsOutDil": 266532000, "link": null, "finalLink": null, "calculatedOtherExpenses": 77627000, "calculatedOperatingExpenses": 140931000, "calculatedNetInterest": -26358000, "calculatedOtherIncome": 15819000, "calculatedIncomeNonControlling": 12837000, "calculatedEbitda": 609177000}, {"date": "2017-12-31", "symbol": "PR", "reportedCurrency": "USD", "cik": "0001658566", "fillingDate": "2017-12-31", "acceptedDate": "2017-12-31 00:00:00", "calendarYear": "2017", "period": "FY", "revenue": 429902000, "costOfRevenue": 237223000, "grossProfit": 192679000, "grossProfitRatio": 0.448192844, "researchAndDevelopmentExpenses": 0, "generalAndAdministrativeExpenses": 49882000, "sellingAndMarketingExpenses": 0, "sellingGeneralAndAdministrativeExpenses": 49882000, "otherExpenses": 37546000, "operatingExpenses": 87428000, "costAndExpenses": 324651000, "interestIncome": 0, "interestExpense": 5729000, "depreciationAndAmortization": 161628000, "ebitda": 266879000, "ebitdaratio": 0.6207903197, "operatingIncome": 105280000, "operatingIncomeRatio": 0.2448930221, "totalOtherIncomeExpensesNet": 13963000, "incomeBeforeTax": 113485000, "incomeBeforeTaxRatio": 0.2639787673, "incomeTaxExpense": 29930000, "netIncome": 75568000, "netIncomeRatio": 0.1757795963, "eps": 0.32, "epsdiluted": 0.32, "weightedAverageShsOut": 235447000, "weightedAverageShsOutDil": 239754000, "link": null, "finalLink": null, "calculatedOtherExpenses": 37517000, "calculatedOperatingExpenses": 87399000, "calculatedNetInterest": -5729000, "calculatedOtherIncome": 13934000, "calculatedIncomeNonControlling": 7987000, "calculatedEbitda": 266908000}, {"date": "2016-12-31", "symbol": "PR", "reportedCurrency": "USD", "cik": "0001658566", "fillingDate": "2016-12-31", "acceptedDate": "2016-12-31 00:00:00", "calendarYear": "2016", "period": "FY", "revenue": 98833000, "costOfRevenue": 99188000, "grossProfit": -355000, "grossProfitRatio": -0.0035919177, "researchAndDevelopmentExpenses": 0, "generalAndAdministrativeExpenses": 204690000, "sellingAndMarketingExpenses": 0, "sellingGeneralAndAdministrativeExpenses": 204690000, "otherExpenses": 6176000, "operatingExpenses": 210866000, "costAndExpenses": 310054000, "interestIncome": 0, "interestExpense": 6004000, "depreciationAndAmortization": 77658000, "ebitda": -133557000, "ebitdaratio": -1.3513401394, "operatingIncome": -213731000, "operatingIncomeRatio": -2.1625469226, "totalOtherIncomeExpensesNet": -10890000, "incomeBeforeTax": -228115000, "incomeBeforeTaxRatio": -2.3080853561, "incomeTaxExpense": -406000, "netIncome": -226805000, "netIncomeRatio": -2.294830674, "eps": -1.13, "epsdiluted": -1.13, "weightedAverageShsOut": 201091646, "weightedAverageShsOutDil": 201091646, "link": null, "finalLink": null, "calculatedOtherExpenses": 8686000, "calculatedOperatingExpenses": 213376000, "calculatedNetInterest": -6004000, "calculatedOtherIncome": -8380000, "calculatedIncomeNonControlling": -904000, "calculatedEbitda": -136073000}, {"date": "2015-12-31", "symbol": "PR", "reportedCurrency": "USD", "cik": "0001658566", "fillingDate": "2015-12-31", "acceptedDate": "2015-12-31 00:00:00", "calendarYear": "2015", "period": "FY", "revenue": 90460000, "costOfRevenue": 116989000, "grossProfit": -26529000, "grossProfitRatio": -0.2932677426, "researchAndDevelopmentExpenses": 0, "generalAndAdministrativeExpenses": 14206000, "sellingAndMarketingExpenses": 0, "sellingGeneralAndAdministrativeExpenses": 14206000, "otherExpenses": 20000, "operatingExpenses": 21698000, "costAndExpenses": 138687000, "interestIncome": 0, "interestExpense": 6266000, "depreciationAndAmortization": 90084000, "ebitda": 41877000, "ebitdaratio": 0.4629338934, "operatingIncome": -55846000, "operatingIncomeRatio": -0.6173557373, "totalOtherIncomeExpensesNet": 15596000, "incomeBeforeTax": -38897000, "incomeBeforeTaxRatio": -0.4299911563, "incomeTaxExpense": -572000, "netIncome": -38325000, "netIncomeRatio": -0.4236679195, "eps": -2.96, "epsdiluted": -2.96, "weightedAverageShsOut": 12937500, "weightedAverageShsOutDil": 12937500, "link": null, "finalLink": null, "calculatedOtherExpenses": 15111000, "calculatedOperatingExpenses": 29317000, "calculatedNetInterest": -6266000, "calculatedOtherIncome": 23215000, "calculatedIncomeNonControlling": 0, "calculatedEbitda": 34238000}, {"date": "2014-12-31", "symbol": "PR", "reportedCurrency": "USD", "cik": "0001658566", "fillingDate": "2014-12-31", "acceptedDate": "2014-12-31 00:00:00", "calendarYear": "2014", "period": "FY", "revenue": 131825000, "costOfRevenue": 91572000, "grossProfit": 40253000, "grossProfitRatio": 0.3053517921, "researchAndDevelopmentExpenses": 0, "generalAndAdministrativeExpenses": 31694000, "sellingAndMarketingExpenses": 0, "sellingGeneralAndAdministrativeExpenses": 31694000, "otherExpenses": 281000, "operatingExpenses": 38569000, "costAndExpenses": 130141000, "interestIncome": 0, "interestExpense": 2475000, "depreciationAndAmortization": 68954000, "ebitda": 70919000, "ebitdaratio": 0.5379783804, "operatingIncome": -20437000, "operatingIncomeRatio": -0.1550312915, "totalOtherIncomeExpensesNet": 20103000, "incomeBeforeTax": 19312000, "incomeBeforeTaxRatio": 0.1464972501, "incomeTaxExpense": 1524000, "netIncome": 17790000, "netIncomeRatio": 0.1349516404, "eps": 0.61, "epsdiluted": 0.61, "weightedAverageShsOut": 29022665, "weightedAverageShsOutDil": 29022665, "link": null, "finalLink": null, "calculatedOtherExpenses": 28996000, "calculatedOperatingExpenses": 60690000, "calculatedNetInterest": -2475000, "calculatedOtherIncome": 42224000, "calculatedIncomeNonControlling": -2000, "calculatedEbitda": 48517000}]}