{"originalCurrency": "USD", "convertedCurrency": "USD", "report": [{"date": "2023-12-31", "symbol": "PRGO", "reportedCurrency": "USD", "cik": "0001585364", "fillingDate": "2024-02-27", "acceptedDate": "2024-02-27 14:20:57", "calendarYear": "2023", "period": "FY", "revenue": 4655600000, "costOfRevenue": 2975200000, "grossProfit": 1680400000, "grossProfitRatio": 0.3609416617, "researchAndDevelopmentExpenses": 122500000, "generalAndAdministrativeExpenses": 522300000, "sellingAndMarketingExpenses": 752300000, "sellingGeneralAndAdministrativeExpenses": 1274600000, "otherExpenses": 10400000, "operatingExpenses": 1396300000, "costAndExpenses": 4371500000, "interestIncome": 0, "interestExpense": 173800000, "depreciationAndAmortization": 359500000, "ebitda": 654000000, "ebitdaratio": 0.1404759859, "operatingIncome": 151900000, "operatingIncomeRatio": 0.0326273735, "totalOtherIncomeExpensesNet": -118600000, "incomeBeforeTax": -8300000, "incomeBeforeTaxRatio": -0.0017827992, "incomeTaxExpense": -3900000, "netIncome": -12700000, "netIncomeRatio": -0.0027278976, "eps": -0.0939, "epsdiluted": -0.0939, "weightedAverageShsOut": 135300000, "weightedAverageShsOutDil": 135300000, "link": "https://www.sec.gov/Archives/edgar/data/1585364/000158536424000009/0001585364-24-000009-index.htm", "finalLink": "https://www.sec.gov/Archives/edgar/data/1585364/000158536424000009/prgo-20231231.htm", "calculatedOtherExpenses": 131400000, "calculatedOperatingExpenses": 1528500000, "calculatedNetInterest": -173800000, "calculatedOtherIncome": 13600000, "calculatedIncomeNonControlling": 8300000, "calculatedEbitda": 511400000}, {"date": "2022-12-31", "symbol": "PRGO", "reportedCurrency": "USD", "cik": "0001585364", "fillingDate": "2023-02-28", "acceptedDate": "2023-02-28 15:28:18", "calendarYear": "2022", "period": "FY", "revenue": 4451600000, "costOfRevenue": 2996200000, "grossProfit": 1455400000, "grossProfitRatio": 0.3269386288, "researchAndDevelopmentExpenses": 123100000, "generalAndAdministrativeExpenses": 512300000, "sellingAndMarketingExpenses": 697800000, "sellingGeneralAndAdministrativeExpenses": 1210100000, "otherExpenses": 800000, "operatingExpenses": 1334000000, "costAndExpenses": 4330200000, "interestIncome": 140700000, "interestExpense": 156000000, "depreciationAndAmortization": 338600000, "ebitda": 511400000, "ebitdaratio": 0.1148800431, "operatingIncome": 172800000, "operatingIncomeRatio": 0.0388175038, "totalOtherIncomeExpensesNet": -311900000, "incomeBeforeTax": -139100000, "incomeBeforeTaxRatio": -0.031247192, "incomeTaxExpense": -8200000, "netIncome": -130900000, "netIncomeRatio": -0.0294051577, "eps": -0.97, "epsdiluted": -0.97, "weightedAverageShsOut": 134500000, "weightedAverageShsOutDil": 134500000, "link": "https://www.sec.gov/Archives/edgar/data/1585364/000158536423000006/0001585364-23-000006-index.htm", "finalLink": "https://www.sec.gov/Archives/edgar/data/1585364/000158536423000006/prgo-20221231.htm", "calculatedOtherExpenses": -50600000, "calculatedOperatingExpenses": 1282600000, "calculatedNetInterest": -15300000, "calculatedOtherIncome": -296600000, "calculatedIncomeNonControlling": 0, "calculatedEbitda": 511400000}, {"date": "2021-12-31", "symbol": "PRGO", "reportedCurrency": "USD", "cik": "0001585364", "fillingDate": "2022-03-01", "acceptedDate": "2022-03-01 14:52:42", "calendarYear": "2021", "period": "FY", "revenue": 4138700000, "costOfRevenue": 2722500000, "grossProfit": 1416200000, "grossProfitRatio": 0.342184744, "researchAndDevelopmentExpenses": 122000000, "generalAndAdministrativeExpenses": 482000000, "sellingAndMarketingExpenses": 629400000, "sellingGeneralAndAdministrativeExpenses": 1111400000, "otherExpenses": -417600000, "operatingExpenses": 815800000, "costAndExpenses": 3538300000, "interestIncome": 119700000, "interestExpense": 125000000, "depreciationAndAmortization": 312200000, "ebitda": 885900000, "ebitdaratio": 0.2140527219, "operatingIncome": 573700000, "operatingIncomeRatio": 0.1386184067, "totalOtherIncomeExpensesNet": -315000000, "incomeBeforeTax": 258700000, "incomeBeforeTaxRatio": 0.0625075507, "incomeTaxExpense": 389600000, "netIncome": -130900000, "netIncomeRatio": -0.0316282891, "eps": -0.98, "epsdiluted": -0.98, "weightedAverageShsOut": 133600000, "weightedAverageShsOutDil": 133600000, "link": "https://www.sec.gov/Archives/edgar/data/1585364/000158536422000011/0001585364-22-000011-index.htm", "finalLink": "https://www.sec.gov/Archives/edgar/data/1585364/000158536422000011/prgo-20211231.htm", "calculatedOtherExpenses": -390900000, "calculatedOperatingExpenses": 842500000, "calculatedNetInterest": -5300000, "calculatedOtherIncome": -309700000, "calculatedIncomeNonControlling": 0, "calculatedEbitda": 885900000}, {"date": "2020-12-31", "symbol": "PRGO", "reportedCurrency": "USD", "cik": "0001585364", "fillingDate": "2021-03-01", "acceptedDate": "2021-03-01 15:52:08", "calendarYear": "2020", "period": "FY", "revenue": 5063300000, "costOfRevenue": 3248100000, "grossProfit": 1815200000, "grossProfitRatio": 0.3585013726, "researchAndDevelopmentExpenses": 177700000, "generalAndAdministrativeExpenses": 496000000, "sellingAndMarketingExpenses": 679500000, "sellingGeneralAndAdministrativeExpenses": 1175500000, "otherExpenses": -3700000, "operatingExpenses": 1349500000, "costAndExpenses": 4597600000, "interestIncome": 130600000, "interestExpense": 125000000, "depreciationAndAmortization": 384800000, "ebitda": 1317200000, "ebitdaratio": 0.2601465447, "operatingIncome": 932400000, "operatingIncomeRatio": 0.1841486777, "totalOtherIncomeExpensesNet": -1081800000, "incomeBeforeTax": -149400000, "incomeBeforeTaxRatio": -0.0295064484, "incomeTaxExpense": 13200000, "netIncome": -162600000, "netIncomeRatio": -0.0321134438, "eps": -1.19, "epsdiluted": -1.19, "weightedAverageShsOut": 136100000, "weightedAverageShsOutDil": 136100000, "link": "https://www.sec.gov/Archives/edgar/data/1585364/000158536421000012/0001585364-21-000012-index.htm", "finalLink": "https://www.sec.gov/Archives/edgar/data/1585364/000158536421000012/prgo-20201231.htm", "calculatedOtherExpenses": -470400000, "calculatedOperatingExpenses": 882800000, "calculatedNetInterest": 5600000, "calculatedOtherIncome": -1087400000, "calculatedIncomeNonControlling": 0, "calculatedEbitda": 1317200000}, {"date": "2019-12-31", "symbol": "PRGO", "reportedCurrency": "USD", "cik": "0001585364", "fillingDate": "2020-02-27", "acceptedDate": "2020-02-27 12:31:11", "calendarYear": "2019", "period": "FY", "revenue": 4837400000, "costOfRevenue": 3064100000, "grossProfit": 1773300000, "grossProfitRatio": 0.3665812213, "researchAndDevelopmentExpenses": 187400000, "generalAndAdministrativeExpenses": 503000000, "sellingAndMarketingExpenses": 663100000, "sellingGeneralAndAdministrativeExpenses": 1166100000, "otherExpenses": 4200000, "operatingExpenses": 1357700000, "costAndExpenses": 4421800000, "interestIncome": 125400000, "interestExpense": 121700000, "depreciationAndAmortization": 396500000, "ebitda": 1001000000, "ebitdaratio": 0.2069293422, "operatingIncome": 604500000, "operatingIncomeRatio": 0.1249638235, "totalOtherIncomeExpensesNet": -433500000, "incomeBeforeTax": 171000000, "incomeBeforeTaxRatio": 0.0353495679, "incomeTaxExpense": 24900000, "netIncome": 146100000, "netIncomeRatio": 0.0302021747, "eps": 1.07, "epsdiluted": 1.07, "weightedAverageShsOut": 136000000, "weightedAverageShsOutDil": 136500000, "link": "https://www.sec.gov/Archives/edgar/data/1585364/000158536420000013/0001585364-20-000013-index.htm", "finalLink": "https://www.sec.gov/Archives/edgar/data/1585364/000158536420000013/cy19q410k.htm", "calculatedOtherExpenses": -184700000, "calculatedOperatingExpenses": 1168800000, "calculatedNetInterest": 3700000, "calculatedOtherIncome": -437200000, "calculatedIncomeNonControlling": 0, "calculatedEbitda": 1001000000}, {"date": "2018-12-31", "symbol": "PRGO", "reportedCurrency": "USD", "cik": "0001585364", "fillingDate": "2019-02-27", "acceptedDate": "2019-02-27 17:15:05", "calendarYear": "2018", "period": "FY", "revenue": 4731700000, "costOfRevenue": 2900200000, "grossProfit": 1831500000, "grossProfitRatio": 0.3870701862, "researchAndDevelopmentExpenses": 218600000, "generalAndAdministrativeExpenses": 435900000, "sellingAndMarketingExpenses": 689900000, "sellingGeneralAndAdministrativeExpenses": 1125800000, "otherExpenses": -6100000, "operatingExpenses": 1349600000, "costAndExpenses": 4249800000, "interestIncome": 0, "interestExpense": -128000000, "depreciationAndAmortization": 423600000, "ebitda": 962700000, "ebitdaratio": 0.2034575311, "operatingIncome": 236500000, "operatingIncomeRatio": 0.0499820361, "totalOtherIncomeExpensesNet": -63300000, "incomeBeforeTax": 290600000, "incomeBeforeTaxRatio": 0.0614155589, "incomeTaxExpense": 159600000, "netIncome": 131000000, "netIncomeRatio": 0.0276856098, "eps": 0.95, "epsdiluted": 0.95, "weightedAverageShsOut": 137800000, "weightedAverageShsOutDil": 138300000, "link": "https://www.sec.gov/Archives/edgar/data/1585364/000158536419000016/0001585364-19-000016-index.htm", "finalLink": "https://www.sec.gov/Archives/edgar/data/1585364/000158536419000016/cy18q410k.htm", "calculatedOtherExpenses": 250600000, "calculatedOperatingExpenses": 1595000000, "calculatedNetInterest": 128000000, "calculatedOtherIncome": -73900000, "calculatedIncomeNonControlling": 0, "calculatedEbitda": 660100000}, {"date": "2017-12-31", "symbol": "PRGO", "reportedCurrency": "USD", "cik": "0001585364", "fillingDate": "2018-03-01", "acceptedDate": "2018-03-01 16:58:53", "calendarYear": "2017", "period": "FY", "revenue": 4946200000, "costOfRevenue": 2966700000, "grossProfit": 1979500000, "grossProfitRatio": 0.4002062189, "researchAndDevelopmentExpenses": 167700000, "generalAndAdministrativeExpenses": 461100000, "sellingAndMarketingExpenses": 685400000, "sellingGeneralAndAdministrativeExpenses": 1146500000, "otherExpenses": 10100000, "operatingExpenses": 1272800000, "costAndExpenses": 4239500000, "interestIncome": 0, "interestExpense": -168100000, "depreciationAndAmortization": 444800000, "ebitda": 1420100000, "ebitdaratio": 0.287109296, "operatingIncome": 598200000, "operatingIncomeRatio": 0.1209413287, "totalOtherIncomeExpensesNet": -258500000, "incomeBeforeTax": 280100000, "incomeBeforeTaxRatio": 0.0566293316, "incomeTaxExpense": 160500000, "netIncome": 119600000, "netIncomeRatio": 0.0241801787, "eps": 0.84, "epsdiluted": 0.84, "weightedAverageShsOut": 142300000, "weightedAverageShsOutDil": 142600000, "link": "https://www.sec.gov/Archives/edgar/data/1585364/000158536418000015/0001585364-18-000015-index.htm", "finalLink": "https://www.sec.gov/Archives/edgar/data/1585364/000158536418000015/cy17q410k.htm", "calculatedOtherExpenses": 67100000, "calculatedOperatingExpenses": 1381300000, "calculatedNetInterest": 168100000, "calculatedOtherIncome": -486200000, "calculatedIncomeNonControlling": 0, "calculatedEbitda": 1043000000}, {"date": "2016-12-31", "symbol": "PRGO", "reportedCurrency": "USD", "cik": "0001585364", "fillingDate": "2017-05-22", "acceptedDate": "2017-05-22 17:34:05", "calendarYear": "2016", "period": "FY", "revenue": 5280600000, "costOfRevenue": 3228800000, "grossProfit": 2051800000, "grossProfitRatio": 0.3885543309, "researchAndDevelopmentExpenses": 184000000, "generalAndAdministrativeExpenses": 452200000, "sellingAndMarketingExpenses": 753300000, "sellingGeneralAndAdministrativeExpenses": 1205500000, "otherExpenses": -22700000, "operatingExpenses": 1389500000, "costAndExpenses": 4618300000, "interestIncome": 0, "interestExpense": -216600000, "depreciationAndAmortization": 457000000, "ebitda": 6390600000, "ebitdaratio": 1.210203386, "operatingIncome": -1999700000, "operatingIncomeRatio": -0.3786880279, "totalOtherIncomeExpensesNet": -5294000000, "incomeBeforeTax": -4848300000, "incomeBeforeTaxRatio": -0.9181343029, "incomeTaxExpense": -835500000, "netIncome": -4012800000, "netIncomeRatio": -0.7599136462, "eps": -28.01, "epsdiluted": -28, "weightedAverageShsOut": 143263120, "weightedAverageShsOutDil": 143300000, "link": "https://www.sec.gov/Archives/edgar/data/1585364/000158536417000071/0001585364-17-000071-index.htm", "finalLink": "https://www.sec.gov/Archives/edgar/data/1585364/000158536417000071/cy16q410k.htm", "calculatedOtherExpenses": 2662000000, "calculatedOperatingExpenses": 4051500000, "calculatedNetInterest": 216600000, "calculatedOtherIncome": -3065200000, "calculatedIncomeNonControlling": 0, "calculatedEbitda": -1542700000}, {"date": "2015-06-27", "symbol": "PRGO", "reportedCurrency": "USD", "cik": "0001585364", "fillingDate": "2015-08-13", "acceptedDate": "2015-08-13 17:20:41", "calendarYear": "2015", "period": "FY", "revenue": 4603900000, "costOfRevenue": 2891500000, "grossProfit": 1712400000, "grossProfitRatio": 0.3719455244, "researchAndDevelopmentExpenses": 187800000, "generalAndAdministrativeExpenses": 385200000, "sellingAndMarketingExpenses": 386600000, "sellingGeneralAndAdministrativeExpenses": 771800000, "otherExpenses": -343200000, "operatingExpenses": 959600000, "costAndExpenses": 3851100000, "interestIncome": 0, "interestExpense": -146000000, "depreciationAndAmortization": 548800000, "ebitda": 768500000, "ebitdaratio": 0.1669236951, "operatingIncome": 747600000, "operatingIncomeRatio": 0.1623840657, "totalOtherIncomeExpensesNet": -358900000, "incomeBeforeTax": 248000000, "incomeBeforeTaxRatio": 0.0538673733, "incomeTaxExpense": 120100000, "netIncome": 127900000, "netIncomeRatio": 0.0277807945, "eps": 0.92, "epsdiluted": 0.91, "weightedAverageShsOut": 139300000, "weightedAverageShsOutDil": 139800000, "link": "https://www.sec.gov/Archives/edgar/data/1585364/000158536415000100/0001585364-15-000100-index.htm", "finalLink": "https://www.sec.gov/Archives/edgar/data/1585364/000158536415000100/a2015q410k.htm", "calculatedOtherExpenses": 5200000, "calculatedOperatingExpenses": 964800000, "calculatedNetInterest": 146000000, "calculatedOtherIncome": -645600000, "calculatedIncomeNonControlling": 0, "calculatedEbitda": 1296400000}, {"date": "2014-06-28", "symbol": "PRGO", "reportedCurrency": "USD", "cik": "0001585364", "fillingDate": "2014-08-14", "acceptedDate": "2014-08-14 17:13:06", "calendarYear": "2014", "period": "FY", "revenue": 4060800000, "costOfRevenue": 2613100000, "grossProfit": 1447700000, "grossProfitRatio": 0.3565061072, "researchAndDevelopmentExpenses": 152500000, "generalAndAdministrativeExpenses": 411300000, "sellingAndMarketingExpenses": 263900000, "sellingGeneralAndAdministrativeExpenses": 675200000, "otherExpenses": -12400000, "operatingExpenses": 827700000, "costAndExpenses": 3440800000, "interestIncome": 0, "interestExpense": -103500000, "depreciationAndAmortization": 358900000, "ebitda": 1210400000, "ebitdaratio": 0.2980693459, "operatingIncome": 567000000, "operatingIncomeRatio": 0.1396276596, "totalOtherIncomeExpensesNet": -243900000, "incomeBeforeTax": 272600000, "incomeBeforeTaxRatio": 0.0671296296, "incomeTaxExpense": 67300000, "netIncome": 205300000, "netIncomeRatio": 0.0505565406, "eps": 1.78, "epsdiluted": 1.78, "weightedAverageShsOut": 115100000, "weightedAverageShsOutDil": 115600000, "link": "https://www.sec.gov/Archives/edgar/data/1585364/000158536414000019/0001585364-14-000019-index.htm", "finalLink": "https://www.sec.gov/Archives/edgar/data/1585364/000158536414000019/a2014q410k.htm", "calculatedOtherExpenses": 53000000, "calculatedOperatingExpenses": 880700000, "calculatedNetInterest": 103500000, "calculatedOtherIncome": -397900000, "calculatedIncomeNonControlling": 0, "calculatedEbitda": 925900000}, {"date": "2013-06-30", "symbol": "PRGO", "reportedCurrency": "USD", "cik": "0001585364", "fillingDate": "2013-06-30", "acceptedDate": "2013-06-30 00:00:00", "calendarYear": "2013", "period": "FY", "revenue": 3539800000, "costOfRevenue": 2259800000, "grossProfit": 1280000000, "grossProfitRatio": 0.3616023504, "researchAndDevelopmentExpenses": 115200000, "generalAndAdministrativeExpenses": 426300000, "sellingAndMarketingExpenses": 47500000, "sellingGeneralAndAdministrativeExpenses": 473800000, "otherExpenses": -900000, "operatingExpenses": 589000000, "costAndExpenses": 2848800000, "interestIncome": 0, "interestExpense": -65800000, "depreciationAndAmortization": 160200000, "ebitda": 867800000, "ebitdaratio": 0.2451550935, "operatingIncome": 679100000, "operatingIncomeRatio": 0.191846997, "totalOtherIncomeExpensesNet": -17500000, "incomeBeforeTax": 607700000, "incomeBeforeTaxRatio": 0.1716763659, "incomeTaxExpense": 165800000, "netIncome": 441900000, "netIncomeRatio": 0.1248375614, "eps": 4.71, "epsdiluted": 4.68, "weightedAverageShsOut": 93900000, "weightedAverageShsOutDil": 94500000, "link": null, "finalLink": null, "calculatedOtherExpenses": 11900000, "calculatedOperatingExpenses": 600900000, "calculatedNetInterest": 65800000, "calculatedOtherIncome": -137200000, "calculatedIncomeNonControlling": 0, "calculatedEbitda": 839300000}, {"date": "2012-06-30", "symbol": "PRGO", "reportedCurrency": "USD", "cik": "0001585364", "fillingDate": "2012-06-30", "acceptedDate": "2012-06-30 00:00:00", "calendarYear": "2012", "period": "FY", "revenue": 3173249000, "costOfRevenue": 2077651000, "grossProfit": 1095598000, "grossProfitRatio": 0.3452606461, "researchAndDevelopmentExpenses": 105774000, "generalAndAdministrativeExpenses": 240200000, "sellingAndMarketingExpenses": 233600000, "sellingGeneralAndAdministrativeExpenses": 411843000, "otherExpenses": 0, "operatingExpenses": 517617000, "costAndExpenses": 2595268000, "interestIncome": 0, "interestExpense": 60736000, "depreciationAndAmortization": 135323000, "ebitda": 713304000, "ebitdaratio": 0.2247866461, "operatingIncome": 569226000, "operatingIncomeRatio": 0.1793827084, "totalOtherIncomeExpensesNet": -5256000, "incomeBeforeTax": 511989000, "incomeBeforeTaxRatio": 0.1613453593, "incomeTaxExpense": 119015000, "netIncome": 401613000, "netIncomeRatio": 0.126562082, "eps": 4.31, "epsdiluted": 4.27, "weightedAverageShsOut": 93200000, "weightedAverageShsOutDil": 94100000, "link": null, "finalLink": null, "calculatedOtherExpenses": 8755000, "calculatedOperatingExpenses": 526372000, "calculatedNetInterest": -60736000, "calculatedOtherIncome": 3499000, "calculatedIncomeNonControlling": -8639000, "calculatedEbitda": 704549000}, {"date": "2011-06-30", "symbol": "PRGO", "reportedCurrency": "USD", "cik": "0001585364", "fillingDate": "2011-06-30", "acceptedDate": "2011-06-30 00:00:00", "calendarYear": "2011", "period": "FY", "revenue": 2755029000, "costOfRevenue": 1810159000, "grossProfit": 944870000, "grossProfitRatio": 0.3429619071, "researchAndDevelopmentExpenses": 89250000, "generalAndAdministrativeExpenses": 224400000, "sellingAndMarketingExpenses": 187400000, "sellingGeneralAndAdministrativeExpenses": 364382000, "otherExpenses": -42312000, "operatingExpenses": 411320000, "costAndExpenses": 2221479000, "interestIncome": 0, "interestExpense": 42312000, "depreciationAndAmortization": 102941000, "ebitda": 594179000, "ebitdaratio": 0.215670688, "operatingIncome": 490205000, "operatingIncomeRatio": 0.1779309764, "totalOtherIncomeExpensesNet": 1628000, "incomeBeforeTax": 450554000, "incomeBeforeTaxRatio": 0.1635387504, "incomeTaxExpense": 109996000, "netIncome": 339197000, "netIncomeRatio": 0.1231192122, "eps": 3.67, "epsdiluted": 3.63, "weightedAverageShsOut": 92300000, "weightedAverageShsOutDil": 93500000, "link": null, "finalLink": null, "calculatedOtherExpenses": 1033000, "calculatedOperatingExpenses": 454665000, "calculatedNetInterest": -42312000, "calculatedOtherIncome": 2661000, "calculatedIncomeNonControlling": 1361000, "calculatedEbitda": 593146000}, {"date": "2010-06-30", "symbol": "PRGO", "reportedCurrency": "USD", "cik": "0001585364", "fillingDate": "2010-06-30", "acceptedDate": "2010-06-30 00:00:00", "calendarYear": "2010", "period": "FY", "revenue": 2268870000, "costOfRevenue": 1522854000, "grossProfit": 746016000, "grossProfitRatio": 0.328805088, "researchAndDevelopmentExpenses": 82509000, "generalAndAdministrativeExpenses": 270701000, "sellingAndMarketingExpenses": 28388000, "sellingGeneralAndAdministrativeExpenses": 299089000, "otherExpenses": 0, "operatingExpenses": 381598000, "costAndExpenses": 1904452000, "interestIncome": 0, "interestExpense": 28778000, "depreciationAndAmortization": 76133000, "ebitda": 440551000, "ebitdaratio": 0.1941719887, "operatingIncome": 335895000, "operatingIncomeRatio": 0.1480450621, "totalOtherIncomeExpensesNet": -27454000, "incomeBeforeTax": 308186000, "incomeBeforeTaxRatio": 0.1358323747, "incomeTaxExpense": 84089000, "netIncome": 222546000, "netIncomeRatio": 0.0980867128, "eps": 2.43, "epsdiluted": 2.4, "weightedAverageShsOut": 91399000, "weightedAverageShsOutDil": 92845000, "link": null, "finalLink": null, "calculatedOtherExpenses": 28523000, "calculatedOperatingExpenses": 410121000, "calculatedNetInterest": -28778000, "calculatedOtherIncome": 1069000, "calculatedIncomeNonControlling": 1551000, "calculatedEbitda": 412028000}, {"date": "2009-06-30", "symbol": "PRGO", "reportedCurrency": "USD", "cik": "0001585364", "fillingDate": "2009-06-30", "acceptedDate": "2009-06-30 00:00:00", "calendarYear": "2009", "period": "FY", "revenue": 2006862000, "costOfRevenue": 1410865000, "grossProfit": 595997000, "grossProfitRatio": 0.2969795631, "researchAndDevelopmentExpenses": 77922000, "generalAndAdministrativeExpenses": 231639000, "sellingAndMarketingExpenses": 24203000, "sellingGeneralAndAdministrativeExpenses": 255842000, "otherExpenses": 0, "operatingExpenses": 333764000, "costAndExpenses": 1744629000, "interestIncome": 0, "interestExpense": 27154000, "depreciationAndAmortization": 70142000, "ebitda": 332375000, "ebitdaratio": 0.1656192603, "operatingIncome": 247307000, "operatingIncomeRatio": 0.1232306955, "totalOtherIncomeExpensesNet": -31299000, "incomeBeforeTax": 203780000, "incomeBeforeTaxRatio": 0.1015416107, "incomeTaxExpense": 62682000, "netIncome": 144049000, "netIncomeRatio": 0.0717782289, "eps": 1.56, "epsdiluted": 1.54, "weightedAverageShsOut": 92183000, "weightedAverageShsOutDil": 93629000, "link": null, "finalLink": null, "calculatedOtherExpenses": 14926000, "calculatedOperatingExpenses": 348690000, "calculatedNetInterest": -27154000, "calculatedOtherIncome": -16373000, "calculatedIncomeNonControlling": -2951000, "calculatedEbitda": 317449000}, {"date": "2008-06-30", "symbol": "PRGO", "reportedCurrency": "USD", "cik": "0001585364", "fillingDate": "2008-06-30", "acceptedDate": "2008-06-30 00:00:00", "calendarYear": "2008", "period": "FY", "revenue": 1822131000, "costOfRevenue": 1271170000, "grossProfit": 550961000, "grossProfitRatio": 0.3023717834, "researchAndDevelopmentExpenses": 72191000, "generalAndAdministrativeExpenses": 0, "sellingAndMarketingExpenses": 0, "sellingGeneralAndAdministrativeExpenses": 276192000, "otherExpenses": 0, "operatingExpenses": 348383000, "costAndExpenses": 1619553000, "interestIncome": 0, "interestExpense": 17036000, "depreciationAndAmortization": 69231000, "ebitda": 276710000, "ebitdaratio": 0.1518606511, "operatingIncome": 197480000, "operatingIncomeRatio": 0.1083785963, "totalOtherIncomeExpensesNet": -4901000, "incomeBeforeTax": 180444000, "incomeBeforeTaxRatio": 0.0990291038, "incomeTaxExpense": 44671000, "netIncome": 135773000, "netIncomeRatio": 0.0745133034, "eps": 1.46, "epsdiluted": 1.43, "weightedAverageShsOut": 93124000, "weightedAverageShsOutDil": 95210000, "link": null, "finalLink": null, "calculatedOtherExpenses": 5098000, "calculatedOperatingExpenses": 353481000, "calculatedNetInterest": -17036000, "calculatedOtherIncome": 0, "calculatedIncomeNonControlling": 0, "calculatedEbitda": 266711000}, {"date": "2007-06-30", "symbol": "PRGO", "reportedCurrency": "USD", "cik": "0001585364", "fillingDate": "2007-06-30", "acceptedDate": "2007-06-30 00:00:00", "calendarYear": "2007", "period": "FY", "revenue": 1447428000, "costOfRevenue": 1045803000, "grossProfit": 401625000, "grossProfitRatio": 0.2774749418, "researchAndDevelopmentExpenses": 66480000, "generalAndAdministrativeExpenses": 0, "sellingAndMarketingExpenses": 0, "sellingGeneralAndAdministrativeExpenses": 227463000, "otherExpenses": 0, "operatingExpenses": 293943000, "costAndExpenses": 1339746000, "interestIncome": 0, "interestExpense": 16020000, "depreciationAndAmortization": 58032000, "ebitda": 168322000, "ebitdaratio": 0.1162904131, "operatingIncome": 98551000, "operatingIncomeRatio": 0.0680869791, "totalOtherIncomeExpensesNet": -2608000, "incomeBeforeTax": 89054000, "incomeBeforeTaxRatio": 0.0615256856, "incomeTaxExpense": 15257000, "netIncome": 73797000, "netIncomeRatio": 0.0509849195, "eps": 0.8, "epsdiluted": 0.79, "weightedAverageShsOut": 92230000, "weightedAverageShsOutDil": 93807000, "link": null, "finalLink": null, "calculatedOtherExpenses": 9131000, "calculatedOperatingExpenses": 303074000, "calculatedNetInterest": -16020000, "calculatedOtherIncome": 6523000, "calculatedIncomeNonControlling": 0, "calculatedEbitda": 156583000}, {"date": "2006-06-30", "symbol": "PRGO", "reportedCurrency": "USD", "cik": "0001585364", "fillingDate": "2006-06-30", "acceptedDate": "2006-06-30 00:00:00", "calendarYear": "2006", "period": "FY", "revenue": 1366821000, "costOfRevenue": 969080000, "grossProfit": 397741000, "grossProfitRatio": 0.2909971386, "researchAndDevelopmentExpenses": 52293000, "generalAndAdministrativeExpenses": 0, "sellingAndMarketingExpenses": 0, "sellingGeneralAndAdministrativeExpenses": 225270000, "otherExpenses": 0, "operatingExpenses": 277563000, "costAndExpenses": 1246643000, "interestIncome": 0, "interestExpense": 5397000, "depreciationAndAmortization": 56604000, "ebitda": 175818000, "ebitdaratio": 0.128632791, "operatingIncome": 111332000, "operatingIncomeRatio": 0.0814532408, "totalOtherIncomeExpensesNet": 964000, "incomeBeforeTax": 105935000, "incomeBeforeTaxRatio": 0.0775046623, "incomeTaxExpense": 34535000, "netIncome": 71400000, "netIncomeRatio": 0.0522380034, "eps": 0.77, "epsdiluted": 0.76, "weightedAverageShsOut": 92875000, "weightedAverageShsOutDil": 94105000, "link": null, "finalLink": null, "calculatedOtherExpenses": 8846000, "calculatedOperatingExpenses": 286409000, "calculatedNetInterest": -5397000, "calculatedOtherIncome": 0, "calculatedIncomeNonControlling": 0, "calculatedEbitda": 167936000}, {"date": "2005-06-30", "symbol": "PRGO", "reportedCurrency": "USD", "cik": "0001585364", "fillingDate": "2005-06-30", "acceptedDate": "2005-06-30 00:00:00", "calendarYear": "2005", "period": "FY", "revenue": 1024098000, "costOfRevenue": 763709000, "grossProfit": 260389000, "grossProfitRatio": 0.2542617992, "researchAndDevelopmentExpenses": 38419000, "generalAndAdministrativeExpenses": 0, "sellingAndMarketingExpenses": 0, "sellingGeneralAndAdministrativeExpenses": 159261000, "otherExpenses": 0, "operatingExpenses": 197680000, "costAndExpenses": 961389000, "interestIncome": 0, "interestExpense": 220000, "depreciationAndAmortization": 34813000, "ebitda": 490704000, "ebitdaratio": 0.4791572682, "operatingIncome": -330473000, "operatingIncomeRatio": -0.322696656, "totalOtherIncomeExpensesNet": -393182000, "incomeBeforeTax": -330693000, "incomeBeforeTaxRatio": -0.3229114792, "incomeTaxExpense": 22290000, "netIncome": -352983000, "netIncomeRatio": -0.3446769743, "eps": -4.57, "epsdiluted": -4.57, "weightedAverageShsOut": 77313000, "weightedAverageShsOutDil": 77313000, "link": null, "finalLink": null, "calculatedOtherExpenses": 393182000, "calculatedOperatingExpenses": 590862000, "calculatedNetInterest": -220000, "calculatedOtherIncome": 0, "calculatedIncomeNonControlling": 0, "calculatedEbitda": -295660000}, {"date": "2004-06-30", "symbol": "PRGO", "reportedCurrency": "USD", "cik": "0001585364", "fillingDate": "2004-06-30", "acceptedDate": "2004-06-30 00:00:00", "calendarYear": "2004", "period": "FY", "revenue": 898204000, "costOfRevenue": 630240000, "grossProfit": 267964000, "grossProfitRatio": 0.2983331181, "researchAndDevelopmentExpenses": 27721000, "generalAndAdministrativeExpenses": 0, "sellingAndMarketingExpenses": 0, "sellingGeneralAndAdministrativeExpenses": 137347000, "otherExpenses": 0, "operatingExpenses": 165068000, "costAndExpenses": 795308000, "interestIncome": 0, "interestExpense": -3087000, "depreciationAndAmortization": 28452000, "ebitda": 131348000, "ebitdaratio": 0.1462340404, "operatingIncome": 102896000, "operatingIncomeRatio": 0.1145574947, "totalOtherIncomeExpensesNet": 3087000, "incomeBeforeTax": 105983000, "incomeBeforeTaxRatio": 0.1179943532, "incomeTaxExpense": 25416000, "netIncome": 80567000, "netIncomeRatio": 0.089697886, "eps": 1.15, "epsdiluted": 1.11, "weightedAverageShsOut": 70206000, "weightedAverageShsOutDil": 72289000, "link": null, "finalLink": null, "calculatedOtherExpenses": 0, "calculatedOperatingExpenses": 165068000, "calculatedNetInterest": 3087000, "calculatedOtherIncome": 0, "calculatedIncomeNonControlling": 0, "calculatedEbitda": 131348000}, {"date": "2003-06-30", "symbol": "PRGO", "reportedCurrency": "USD", "cik": "0001585364", "fillingDate": "2003-06-30", "acceptedDate": "2003-06-30 00:00:00", "calendarYear": "2003", "period": "FY", "revenue": 825987000, "costOfRevenue": 596076000, "grossProfit": 229911000, "grossProfitRatio": 0.2783469958, "researchAndDevelopmentExpenses": 23315000, "generalAndAdministrativeExpenses": 0, "sellingAndMarketingExpenses": 0, "sellingGeneralAndAdministrativeExpenses": 124546000, "otherExpenses": -3128000, "operatingExpenses": 144733000, "costAndExpenses": 740809000, "interestIncome": 0, "interestExpense": -1080000, "depreciationAndAmortization": 26126000, "ebitda": 108176000, "ebitdaratio": 0.1309657416, "operatingIncome": 85178000, "operatingIncomeRatio": 0.1031226884, "totalOtherIncomeExpensesNet": 3128000, "incomeBeforeTax": 86258000, "incomeBeforeTaxRatio": 0.104430215, "incomeTaxExpense": 32210000, "netIncome": 54048000, "netIncomeRatio": 0.0654344439, "eps": 0.77, "epsdiluted": 0.76, "weightedAverageShsOut": 69746000, "weightedAverageShsOutDil": 71158000, "link": null, "finalLink": null, "calculatedOtherExpenses": -3128000, "calculatedOperatingExpenses": 144733000, "calculatedNetInterest": 1080000, "calculatedOtherIncome": 0, "calculatedIncomeNonControlling": 0, "calculatedEbitda": 111304000}, {"date": "2002-06-30", "symbol": "PRGO", "reportedCurrency": "USD", "cik": "0001585364", "fillingDate": "2002-06-30", "acceptedDate": "2002-06-30 00:00:00", "calendarYear": "2002", "period": "FY", "revenue": 826322000, "costOfRevenue": 614419000, "grossProfit": 211903000, "grossProfitRatio": 0.2564411936, "researchAndDevelopmentExpenses": 19892000, "generalAndAdministrativeExpenses": 0, "sellingAndMarketingExpenses": 0, "sellingGeneralAndAdministrativeExpenses": 114243000, "otherExpenses": -16367000, "operatingExpenses": 117768000, "costAndExpenses": 732187000, "interestIncome": 1355000, "interestExpense": -1355000, "depreciationAndAmortization": 25613000, "ebitda": 110517000, "ebitdaratio": 0.1337456827, "operatingIncome": 86999000, "operatingIncomeRatio": 0.1052846227, "totalOtherIncomeExpensesNet": 9231000, "incomeBeforeTax": 88354000, "incomeBeforeTaxRatio": 0.1069244193, "incomeTaxExpense": 38157000, "netIncome": 50197000, "netIncomeRatio": 0.0607475052, "eps": 0.69, "epsdiluted": 0.67, "weightedAverageShsOut": 73164000, "weightedAverageShsOutDil": 74606000, "link": null, "finalLink": null, "calculatedOtherExpenses": -9231000, "calculatedOperatingExpenses": 124904000, "calculatedNetInterest": 2710000, "calculatedOtherIncome": -1355000, "calculatedIncomeNonControlling": 0, "calculatedEbitda": 112612000}, {"date": "2001-06-30", "symbol": "PRGO", "reportedCurrency": "USD", "cik": "0001585364", "fillingDate": "2001-06-30", "acceptedDate": "2001-06-30 00:00:00", "calendarYear": "2001", "period": "FY", "revenue": 753488000, "costOfRevenue": 568994000, "grossProfit": 184494000, "grossProfitRatio": 0.2448532691, "researchAndDevelopmentExpenses": 17634000, "generalAndAdministrativeExpenses": 0, "sellingAndMarketingExpenses": 0, "sellingGeneralAndAdministrativeExpenses": 107969000, "otherExpenses": -18595000, "operatingExpenses": 107008000, "costAndExpenses": 676002000, "interestIncome": 0, "interestExpense": -3748000, "depreciationAndAmortization": 23022000, "ebitda": 119288000, "ebitdaratio": 0.1583143992, "operatingIncome": 40111000, "operatingIncomeRatio": 0.0532337609, "totalOtherIncomeExpensesNet": -18780000, "incomeBeforeTax": 43859000, "incomeBeforeTaxRatio": 0.0582079608, "incomeTaxExpense": 16203000, "netIncome": 27656000, "netIncomeRatio": 0.0367039687, "eps": 0.38, "epsdiluted": 0.37, "weightedAverageShsOut": 73646000, "weightedAverageShsOutDil": 74087000, "link": null, "finalLink": null, "calculatedOtherExpenses": 18780000, "calculatedOperatingExpenses": 144383000, "calculatedNetInterest": 3748000, "calculatedOtherIncome": 0, "calculatedIncomeNonControlling": 0, "calculatedEbitda": 63133000}, {"date": "2000-06-30", "symbol": "PRGO", "reportedCurrency": "USD", "cik": "0001585364", "fillingDate": "2000-06-30", "acceptedDate": "2000-06-30 00:00:00", "calendarYear": "2000", "period": "FY", "revenue": 738555000, "costOfRevenue": 561069000, "grossProfit": 177486000, "grossProfitRatio": 0.2403152101, "researchAndDevelopmentExpenses": 16314000, "generalAndAdministrativeExpenses": 0, "sellingAndMarketingExpenses": 0, "sellingGeneralAndAdministrativeExpenses": 107602000, "otherExpenses": 22245000, "operatingExpenses": 146161000, "costAndExpenses": 707230000, "interestIncome": 0, "interestExpense": 840000, "depreciationAndAmortization": 22245000, "ebitda": 49416000, "ebitdaratio": 0.0669090318, "operatingIncome": 31325000, "operatingIncomeRatio": 0.0424139028, "totalOtherIncomeExpensesNet": 4154000, "incomeBeforeTax": 30485000, "incomeBeforeTaxRatio": 0.0412765468, "incomeTaxExpense": 11187000, "netIncome": 19298000, "netIncomeRatio": 0.0261294013, "eps": 0.26, "epsdiluted": 0.26, "weightedAverageShsOut": 73370000, "weightedAverageShsOutDil": 73536000, "link": null, "finalLink": null, "calculatedOtherExpenses": 22245000, "calculatedOperatingExpenses": 146161000, "calculatedNetInterest": -840000, "calculatedOtherIncome": 0, "calculatedIncomeNonControlling": 0, "calculatedEbitda": 53570000}, {"date": "1999-06-30", "symbol": "PRGO", "reportedCurrency": "USD", "cik": "0001585364", "fillingDate": "1999-06-30", "acceptedDate": "1999-06-30 00:00:00", "calendarYear": "1999", "period": "FY", "revenue": 877600000, "costOfRevenue": 670800000, "grossProfit": 206800000, "grossProfitRatio": 0.2356426618, "researchAndDevelopmentExpenses": 14900000, "generalAndAdministrativeExpenses": 0, "sellingAndMarketingExpenses": 0, "sellingGeneralAndAdministrativeExpenses": 152800000, "otherExpenses": 21100000, "operatingExpenses": 188800000, "costAndExpenses": 859600000, "interestIncome": 0, "interestExpense": 14000000, "depreciationAndAmortization": 21100000, "ebitda": 39100000, "ebitdaratio": 0.0445533273, "operatingIncome": 18000000, "operatingIncomeRatio": 0.0205104831, "totalOtherIncomeExpensesNet": -14000000, "incomeBeforeTax": 4000000, "incomeBeforeTaxRatio": 0.0045578851, "incomeTaxExpense": 2500000, "netIncome": 1500000, "netIncomeRatio": 0.0017092069, "eps": 0.02, "epsdiluted": 0.02, "weightedAverageShsOut": 75000000, "weightedAverageShsOutDil": 75000000, "link": null, "finalLink": null, "calculatedOtherExpenses": 21100000, "calculatedOperatingExpenses": 188800000, "calculatedNetInterest": -14000000, "calculatedOtherIncome": 0, "calculatedIncomeNonControlling": 0, "calculatedEbitda": 39100000}, {"date": "1998-06-30", "symbol": "PRGO", "reportedCurrency": "USD", "cik": "0001585364", "fillingDate": "1998-06-30", "acceptedDate": "1998-06-30 00:00:00", "calendarYear": "1998", "period": "FY", "revenue": 902600000, "costOfRevenue": 641400000, "grossProfit": 261200000, "grossProfitRatio": 0.2893862176, "researchAndDevelopmentExpenses": 15900000, "generalAndAdministrativeExpenses": 0, "sellingAndMarketingExpenses": 0, "sellingGeneralAndAdministrativeExpenses": 277700000, "otherExpenses": 29400000, "operatingExpenses": 323000000, "costAndExpenses": 964400000, "interestIncome": 0, "interestExpense": 4200000, "depreciationAndAmortization": 29400000, "ebitda": -32400000, "ebitdaratio": -0.0358962996, "operatingIncome": -61800000, "operatingIncomeRatio": -0.0684688677, "totalOtherIncomeExpensesNet": -4200000, "incomeBeforeTax": -66000000, "incomeBeforeTaxRatio": -0.0731220917, "incomeTaxExpense": -14400000, "netIncome": -51600000, "netIncomeRatio": -0.0571681808, "eps": -0.69, "epsdiluted": -0.69, "weightedAverageShsOut": 74782609, "weightedAverageShsOutDil": 74782609, "link": null, "finalLink": null, "calculatedOtherExpenses": 29400000, "calculatedOperatingExpenses": 323000000, "calculatedNetInterest": -4200000, "calculatedOtherIncome": 0, "calculatedIncomeNonControlling": 0, "calculatedEbitda": -32400000}, {"date": "1997-06-30", "symbol": "PRGO", "reportedCurrency": "USD", "cik": "0001585364", "fillingDate": "1997-06-30", "acceptedDate": "1997-06-30 00:00:00", "calendarYear": "1997", "period": "FY", "revenue": 844600000, "costOfRevenue": 587100000, "grossProfit": 257500000, "grossProfitRatio": 0.3048780488, "researchAndDevelopmentExpenses": 13700000, "generalAndAdministrativeExpenses": 0, "sellingAndMarketingExpenses": 0, "sellingGeneralAndAdministrativeExpenses": 143100000, "otherExpenses": 28600000, "operatingExpenses": 185400000, "costAndExpenses": 772500000, "interestIncome": 0, "interestExpense": 1200000, "depreciationAndAmortization": 28600000, "ebitda": 100700000, "ebitdaratio": 0.1192280369, "operatingIncome": 72100000, "operatingIncomeRatio": 0.0853658537, "totalOtherIncomeExpensesNet": -1200000, "incomeBeforeTax": 70900000, "incomeBeforeTaxRatio": 0.0839450628, "incomeTaxExpense": 25900000, "netIncome": 45000000, "netIncomeRatio": 0.053279659, "eps": 0.58, "epsdiluted": 0.58, "weightedAverageShsOut": 77432000, "weightedAverageShsOutDil": 77432000, "link": null, "finalLink": null, "calculatedOtherExpenses": 28600000, "calculatedOperatingExpenses": 185400000, "calculatedNetInterest": -1200000, "calculatedOtherIncome": 0, "calculatedIncomeNonControlling": 0, "calculatedEbitda": 100700000}, {"date": "1996-06-30", "symbol": "PRGO", "reportedCurrency": "USD", "cik": "0001585364", "fillingDate": "1996-06-30", "acceptedDate": "1996-06-30 00:00:00", "calendarYear": "1996", "period": "FY", "revenue": 778100000, "costOfRevenue": 547600000, "grossProfit": 230500000, "grossProfitRatio": 0.2962344172, "researchAndDevelopmentExpenses": 0, "generalAndAdministrativeExpenses": 0, "sellingAndMarketingExpenses": 0, "sellingGeneralAndAdministrativeExpenses": 135100000, "otherExpenses": 27200000, "operatingExpenses": 162300000, "costAndExpenses": 709900000, "interestIncome": 0, "interestExpense": 5700000, "depreciationAndAmortization": 27200000, "ebitda": 95400000, "ebitdaratio": 0.1226063488, "operatingIncome": 68200000, "operatingIncomeRatio": 0.0876494024, "totalOtherIncomeExpensesNet": -5700000, "incomeBeforeTax": 62500000, "incomeBeforeTaxRatio": 0.0803238658, "incomeTaxExpense": 22700000, "netIncome": 39800000, "netIncomeRatio": 0.0511502378, "eps": 0.52, "epsdiluted": 0.51, "weightedAverageShsOut": 77200000, "weightedAverageShsOutDil": 77777778, "link": null, "finalLink": null, "calculatedOtherExpenses": 27200000, "calculatedOperatingExpenses": 162300000, "calculatedNetInterest": -5700000, "calculatedOtherIncome": 0, "calculatedIncomeNonControlling": 0, "calculatedEbitda": 95400000}, {"date": "1995-06-30", "symbol": "PRGO", "reportedCurrency": "USD", "cik": "0001585364", "fillingDate": "1995-06-30", "acceptedDate": "1995-06-30 00:00:00", "calendarYear": "1995", "period": "FY", "revenue": 717100000, "costOfRevenue": 496600000, "grossProfit": 220500000, "grossProfitRatio": 0.3074884953, "researchAndDevelopmentExpenses": 0, "generalAndAdministrativeExpenses": 0, "sellingAndMarketingExpenses": 0, "sellingGeneralAndAdministrativeExpenses": 121300000, "otherExpenses": 23700000, "operatingExpenses": 145000000, "costAndExpenses": 641600000, "interestIncome": 0, "interestExpense": 5400000, "depreciationAndAmortization": 23700000, "ebitda": 99200000, "ebitdaratio": 0.1383349603, "operatingIncome": 75500000, "operatingIncomeRatio": 0.1052851764, "totalOtherIncomeExpensesNet": -5400000, "incomeBeforeTax": 70100000, "incomeBeforeTaxRatio": 0.0977548459, "incomeTaxExpense": 25700000, "netIncome": 44400000, "netIncomeRatio": 0.0619160508, "eps": 0.58, "epsdiluted": 0.58, "weightedAverageShsOut": 76551724, "weightedAverageShsOutDil": 76551724, "link": null, "finalLink": null, "calculatedOtherExpenses": 23700000, "calculatedOperatingExpenses": 145000000, "calculatedNetInterest": -5400000, "calculatedOtherIncome": 0, "calculatedIncomeNonControlling": 0, "calculatedEbitda": 99200000}, {"date": "1994-06-30", "symbol": "PRGO", "reportedCurrency": "USD", "cik": "0001585364", "fillingDate": "1994-06-30", "acceptedDate": "1994-06-30 00:00:00", "calendarYear": "1994", "period": "FY", "revenue": 669300000, "costOfRevenue": 456100000, "grossProfit": 213200000, "grossProfitRatio": 0.31854176, "researchAndDevelopmentExpenses": 6200000, "generalAndAdministrativeExpenses": 0, "sellingAndMarketingExpenses": 0, "sellingGeneralAndAdministrativeExpenses": 97900000, "otherExpenses": 18900000, "operatingExpenses": 123000000, "costAndExpenses": 579100000, "interestIncome": 0, "interestExpense": 3300000, "depreciationAndAmortization": 18900000, "ebitda": 109100000, "ebitdaratio": 0.1630061258, "operatingIncome": 90200000, "operatingIncomeRatio": 0.1347676677, "totalOtherIncomeExpensesNet": -3300000, "incomeBeforeTax": 86900000, "incomeBeforeTaxRatio": 0.1298371433, "incomeTaxExpense": 32100000, "netIncome": 54800000, "netIncomeRatio": 0.0818765875, "eps": 0.71, "epsdiluted": 0.71, "weightedAverageShsOut": 77183099, "weightedAverageShsOutDil": 77183099, "link": null, "finalLink": null, "calculatedOtherExpenses": 18900000, "calculatedOperatingExpenses": 123000000, "calculatedNetInterest": -3300000, "calculatedOtherIncome": 0, "calculatedIncomeNonControlling": 0, "calculatedEbitda": 109100000}, {"date": "1993-06-30", "symbol": "PRGO", "reportedCurrency": "USD", "cik": "0001585364", "fillingDate": "1993-06-30", "acceptedDate": "1993-06-30 00:00:00", "calendarYear": "1993", "period": "FY", "revenue": 570800000, "costOfRevenue": 390100000, "grossProfit": 180700000, "grossProfitRatio": 0.3165732306, "researchAndDevelopmentExpenses": 0, "generalAndAdministrativeExpenses": 0, "sellingAndMarketingExpenses": 0, "sellingGeneralAndAdministrativeExpenses": 91800000, "otherExpenses": 15400000, "operatingExpenses": 107200000, "costAndExpenses": 497300000, "interestIncome": 0, "interestExpense": 3400000, "depreciationAndAmortization": 15400000, "ebitda": 88900000, "ebitdaratio": 0.155746321, "operatingIncome": 73500000, "operatingIncomeRatio": 0.1287666433, "totalOtherIncomeExpensesNet": -3400000, "incomeBeforeTax": 70100000, "incomeBeforeTaxRatio": 0.1228100911, "incomeTaxExpense": 25500000, "netIncome": 44600000, "netIncomeRatio": 0.0781359495, "eps": 0.58, "epsdiluted": 0.58, "weightedAverageShsOut": 76896552, "weightedAverageShsOutDil": 76896552, "link": null, "finalLink": null, "calculatedOtherExpenses": 15400000, "calculatedOperatingExpenses": 107200000, "calculatedNetInterest": -3400000, "calculatedOtherIncome": 0, "calculatedIncomeNonControlling": 0, "calculatedEbitda": 88900000}, {"date": "1992-06-30", "symbol": "PRGO", "reportedCurrency": "USD", "cik": "0001585364", "fillingDate": "1992-06-30", "acceptedDate": "1992-06-30 00:00:00", "calendarYear": "1992", "period": "FY", "revenue": 409800000, "costOfRevenue": 278600000, "grossProfit": 131200000, "grossProfitRatio": 0.3201561737, "researchAndDevelopmentExpenses": 0, "generalAndAdministrativeExpenses": 0, "sellingAndMarketingExpenses": 0, "sellingGeneralAndAdministrativeExpenses": 65300000, "otherExpenses": 12000000, "operatingExpenses": 77300000, "costAndExpenses": 355900000, "interestIncome": 0, "interestExpense": 8800000, "depreciationAndAmortization": 12000000, "ebitda": 65900000, "ebitdaratio": 0.1608101513, "operatingIncome": 53900000, "operatingIncomeRatio": 0.1315275744, "totalOtherIncomeExpensesNet": -8800000, "incomeBeforeTax": 45100000, "incomeBeforeTaxRatio": 0.1100536847, "incomeTaxExpense": 16500000, "netIncome": 28600000, "netIncomeRatio": 0.0697901415, "eps": 0.41, "epsdiluted": 0.41, "weightedAverageShsOut": 69756098, "weightedAverageShsOutDil": 69756098, "link": null, "finalLink": null, "calculatedOtherExpenses": 12000000, "calculatedOperatingExpenses": 77300000, "calculatedNetInterest": -8800000, "calculatedOtherIncome": 0, "calculatedIncomeNonControlling": 0, "calculatedEbitda": 65900000}]}