{"originalCurrency": "USD", "convertedCurrency": "USD", "report": [{"date": "2023-11-30", "symbol": "PRGS", "reportedCurrency": "USD", "cik": "0000876167", "fillingDate": "2024-01-26", "acceptedDate": "2024-01-26 16:18:44", "calendarYear": "2023", "period": "FY", "revenue": 694439000, "costOfRevenue": 126577000, "grossProfit": 567862000, "grossProfitRatio": 0.817727691, "researchAndDevelopmentExpenses": 132401000, "generalAndAdministrativeExpenses": 217977000, "sellingAndMarketingExpenses": 21256000, "sellingGeneralAndAdministrativeExpenses": 239233000, "otherExpenses": 0, "operatingExpenses": 438064000, "costAndExpenses": 564641000, "interestIncome": 2538000, "interestExpense": 30780000, "depreciationAndAmortization": 103147000, "ebitda": 235483000, "ebitdaratio": 0.3390981785, "operatingIncome": 110523000, "operatingIncomeRatio": 0.1591543678, "totalOtherIncomeExpensesNet": -21899000, "incomeBeforeTax": 79657000, "incomeBeforeTaxRatio": 0.1147069793, "incomeTaxExpense": 9460000, "netIncome": 70197000, "netIncomeRatio": 0.1010844725, "eps": 1.62, "epsdiluted": 1.57, "weightedAverageShsOut": 43456000, "weightedAverageShsOutDil": 44658000, "link": "https://www.sec.gov/Archives/edgar/data/876167/000087616724000031/0000876167-24-000031-index.htm", "finalLink": "https://www.sec.gov/Archives/edgar/data/876167/000087616724000031/prgs-20231130.htm", "calculatedOtherExpenses": 85705000, "calculatedOperatingExpenses": 457339000, "calculatedNetInterest": -28242000, "calculatedOtherIncome": -2624000, "calculatedIncomeNonControlling": 0, "calculatedEbitda": 213670000}, {"date": "2022-11-30", "symbol": "PRGS", "reportedCurrency": "USD", "cik": "0000876167", "fillingDate": "2023-01-27", "acceptedDate": "2023-01-27 16:27:46", "calendarYear": "2022", "period": "FY", "revenue": 602013000, "costOfRevenue": 94496000, "grossProfit": 507517000, "grossProfitRatio": 0.84303329, "researchAndDevelopmentExpenses": 114568000, "generalAndAdministrativeExpenses": 77876000, "sellingAndMarketingExpenses": 140760000, "sellingGeneralAndAdministrativeExpenses": 218636000, "otherExpenses": 47470000, "operatingExpenses": 380674000, "costAndExpenses": 475170000, "interestIncome": 1414000, "interestExpense": 15790000, "depreciationAndAmortization": 66268000, "ebitda": 198399000, "ebitdaratio": 0.3295593285, "operatingIncome": 132131000, "operatingIncomeRatio": 0.2194819713, "totalOtherIncomeExpensesNet": -14876000, "incomeBeforeTax": 117255000, "incomeBeforeTaxRatio": 0.1947715415, "incomeTaxExpense": 22186000, "netIncome": 95069000, "netIncomeRatio": 0.1579185167, "eps": 2.19, "epsdiluted": 2.15, "weightedAverageShsOut": 43475000, "weightedAverageShsOutDil": 44247000, "link": "https://www.sec.gov/Archives/edgar/data/876167/000087616723000036/0000876167-23-000036-index.htm", "finalLink": "https://www.sec.gov/Archives/edgar/data/876167/000087616723000036/prgs-20221130.htm", "calculatedOtherExpenses": 42182000, "calculatedOperatingExpenses": 375386000, "calculatedNetInterest": -14376000, "calculatedOtherIncome": -500000, "calculatedIncomeNonControlling": 0, "calculatedEbitda": 198399000}, {"date": "2021-11-30", "symbol": "PRGS", "reportedCurrency": "USD", "cik": "0000876167", "fillingDate": "2022-01-27", "acceptedDate": "2022-01-27 15:23:46", "calendarYear": "2021", "period": "FY", "revenue": 531313000, "costOfRevenue": 78449000, "grossProfit": 452864000, "grossProfitRatio": 0.8523488038, "researchAndDevelopmentExpenses": 103338000, "generalAndAdministrativeExpenses": 65128000, "sellingAndMarketingExpenses": 125890000, "sellingGeneralAndAdministrativeExpenses": 191018000, "otherExpenses": 31996000, "operatingExpenses": 326352000, "costAndExpenses": 404801000, "interestIncome": 777000, "interestExpense": 20045000, "depreciationAndAmortization": 81999000, "ebitda": 198101000, "ebitdaratio": 0.3728517842, "operatingIncome": 116102000, "operatingIncomeRatio": 0.2185190274, "totalOtherIncomeExpensesNet": -20568000, "incomeBeforeTax": 95534000, "incomeBeforeTaxRatio": 0.1798073828, "incomeTaxExpense": 17114000, "netIncome": 78420000, "netIncomeRatio": 0.1475966144, "eps": 1.79, "epsdiluted": 1.76, "weightedAverageShsOut": 43916000, "weightedAverageShsOutDil": 44620000, "link": "https://www.sec.gov/Archives/edgar/data/876167/000087616722000038/0000876167-22-000038-index.htm", "finalLink": "https://www.sec.gov/Archives/edgar/data/876167/000087616722000038/prgs-20211130.htm", "calculatedOtherExpenses": 42406000, "calculatedOperatingExpenses": 336762000, "calculatedNetInterest": -19268000, "calculatedOtherIncome": -1300000, "calculatedIncomeNonControlling": 0, "calculatedEbitda": 198101000}, {"date": "2020-11-30", "symbol": "PRGS", "reportedCurrency": "USD", "cik": "0000876167", "fillingDate": "2021-01-27", "acceptedDate": "2021-01-27 16:41:33", "calendarYear": "2020", "period": "FY", "revenue": 442150000, "costOfRevenue": 62114000, "grossProfit": 380036000, "grossProfitRatio": 0.859518263, "researchAndDevelopmentExpenses": 88599000, "generalAndAdministrativeExpenses": 54004000, "sellingAndMarketingExpenses": 100113000, "sellingGeneralAndAdministrativeExpenses": 154117000, "otherExpenses": 20049000, "operatingExpenses": 262765000, "costAndExpenses": 324879000, "interestIncome": 1495000, "interestExpense": 10170000, "depreciationAndAmortization": 53851000, "ebitda": 161579000, "ebitdaratio": 0.3654393305, "operatingIncome": 107728000, "operatingIncomeRatio": 0.2436458216, "totalOtherIncomeExpensesNet": -11093000, "incomeBeforeTax": 96635000, "incomeBeforeTaxRatio": 0.2185570508, "incomeTaxExpense": 16913000, "netIncome": 79722000, "netIncomeRatio": 0.1803053262, "eps": 1.78, "epsdiluted": 1.76, "weightedAverageShsOut": 44886000, "weightedAverageShsOutDil": 45321000, "link": "https://www.sec.gov/Archives/edgar/data/876167/000087616721000030/0000876167-21-000030-index.htm", "finalLink": "https://www.sec.gov/Archives/edgar/data/876167/000087616721000030/prgs-20201130.htm", "calculatedOtherExpenses": 29592000, "calculatedOperatingExpenses": 272308000, "calculatedNetInterest": -8675000, "calculatedOtherIncome": -2418000, "calculatedIncomeNonControlling": 0, "calculatedEbitda": 161579000}, {"date": "2019-11-30", "symbol": "PRGS", "reportedCurrency": "USD", "cik": "0000876167", "fillingDate": "2020-01-27", "acceptedDate": "2020-01-27 14:57:27", "calendarYear": "2019", "period": "FY", "revenue": 413298000, "costOfRevenue": 75241000, "grossProfit": 338057000, "grossProfitRatio": 0.8179497602, "researchAndDevelopmentExpenses": 88572000, "generalAndAdministrativeExpenses": 53360000, "sellingAndMarketingExpenses": 101701000, "sellingGeneralAndAdministrativeExpenses": 155061000, "otherExpenses": 22255000, "operatingExpenses": 265888000, "costAndExpenses": 341129000, "interestIncome": 1143000, "interestExpense": 9913000, "depreciationAndAmortization": 56679000, "ebitda": 160933000, "ebitdaratio": 0.3893873186, "operatingIncome": 104254000, "operatingIncomeRatio": 0.2522489826, "totalOtherIncomeExpensesNet": -75759000, "incomeBeforeTax": 28495000, "incomeBeforeTaxRatio": 0.0689454098, "incomeTaxExpense": 2095000, "netIncome": 26400000, "netIncomeRatio": 0.0638764281, "eps": 0.59, "epsdiluted": 0.58, "weightedAverageShsOut": 44791000, "weightedAverageShsOutDil": 45340000, "link": "https://www.sec.gov/Archives/edgar/data/876167/000087616720000027/0000876167-20-000027-index.htm", "finalLink": "https://www.sec.gov/Archives/edgar/data/876167/000087616720000027/a201910-kmaster.htm", "calculatedOtherExpenses": -9830000, "calculatedOperatingExpenses": 233803000, "calculatedNetInterest": -8770000, "calculatedOtherIncome": -66989000, "calculatedIncomeNonControlling": 0, "calculatedEbitda": 160933000}, {"date": "2018-11-30", "symbol": "PRGS", "reportedCurrency": "USD", "cik": "0000876167", "fillingDate": "2019-01-28", "acceptedDate": "2019-01-28 15:30:11", "calendarYear": "2018", "period": "FY", "revenue": 397165000, "costOfRevenue": 66973000, "grossProfit": 330192000, "grossProfitRatio": 0.8313723515, "researchAndDevelopmentExpenses": 79739000, "generalAndAdministrativeExpenses": 50522000, "sellingAndMarketingExpenses": 93036000, "sellingGeneralAndAdministrativeExpenses": 143558000, "otherExpenses": -7018000, "operatingExpenses": 236538000, "costAndExpenses": 303511000, "interestIncome": 1220000, "interestExpense": 5149000, "depreciationAndAmortization": 13241000, "ebitda": 114551000, "ebitdaratio": 0.2884216887, "operatingIncome": 85998000, "operatingIncomeRatio": 0.2165296539, "totalOtherIncomeExpensesNet": -14674000, "incomeBeforeTax": 78980000, "incomeBeforeTaxRatio": 0.1988594161, "incomeTaxExpense": 15489000, "netIncome": 63491000, "netIncomeRatio": 0.1598605114, "eps": 1.39, "epsdiluted": 1.38, "weightedAverageShsOut": 45561000, "weightedAverageShsOutDil": 46135000, "link": "https://www.sec.gov/Archives/edgar/data/876167/000087616719000026/0000876167-19-000026-index.htm", "finalLink": "https://www.sec.gov/Archives/edgar/data/876167/000087616719000026/a201810-kmaster.htm", "calculatedOtherExpenses": 20897000, "calculatedOperatingExpenses": 244194000, "calculatedNetInterest": -3929000, "calculatedOtherIncome": -3089000, "calculatedIncomeNonControlling": 0, "calculatedEbitda": 99239000}, {"date": "2017-11-30", "symbol": "PRGS", "reportedCurrency": "USD", "cik": "0000876167", "fillingDate": "2018-01-26", "acceptedDate": "2018-01-26 17:05:10", "calendarYear": "2017", "period": "FY", "revenue": 397572000, "costOfRevenue": 69159000, "grossProfit": 328413000, "grossProfitRatio": 0.8260466029, "researchAndDevelopmentExpenses": 76988000, "generalAndAdministrativeExpenses": 47759000, "sellingAndMarketingExpenses": 96345000, "sellingGeneralAndAdministrativeExpenses": 144104000, "otherExpenses": -5027000, "operatingExpenses": 234131000, "costAndExpenses": 303290000, "interestIncome": 921000, "interestExpense": 4631000, "depreciationAndAmortization": 42896000, "ebitda": 160846000, "ebitdaratio": 0.4045707444, "operatingIncome": 70614000, "operatingIncomeRatio": 0.1776131116, "totalOtherIncomeExpensesNet": -28695000, "incomeBeforeTax": 65587000, "incomeBeforeTaxRatio": 0.164968861, "incomeTaxExpense": 28170000, "netIncome": 37417000, "netIncomeRatio": 0.0941137706, "eps": 0.78, "epsdiluted": 0.77, "weightedAverageShsOut": 48129000, "weightedAverageShsOutDil": 48516000, "link": "https://www.sec.gov/Archives/edgar/data/876167/000087616718000008/0000876167-18-000008-index.htm", "finalLink": "https://www.sec.gov/Archives/edgar/data/876167/000087616718000008/a201710-kmaster.htm", "calculatedOtherExpenses": 36707000, "calculatedOperatingExpenses": 257799000, "calculatedNetInterest": -3710000, "calculatedOtherIncome": -1317000, "calculatedIncomeNonControlling": 0, "calculatedEbitda": 113510000}, {"date": "2016-11-30", "symbol": "PRGS", "reportedCurrency": "USD", "cik": "0000876167", "fillingDate": "2017-01-30", "acceptedDate": "2017-01-30 13:58:45", "calendarYear": "2016", "period": "FY", "revenue": 405341000, "costOfRevenue": 65712000, "grossProfit": 339629000, "grossProfitRatio": 0.8378846453, "researchAndDevelopmentExpenses": 88587000, "generalAndAdministrativeExpenses": 46532000, "sellingAndMarketingExpenses": 121501000, "sellingGeneralAndAdministrativeExpenses": 168033000, "otherExpenses": -5571000, "operatingExpenses": 269355000, "costAndExpenses": 335067000, "interestIncome": 839000, "interestExpense": 4178000, "depreciationAndAmortization": 12735000, "ebitda": 182992000, "ebitdaratio": 0.4514519873, "operatingIncome": -29709000, "operatingIncomeRatio": -0.0732938439, "totalOtherIncomeExpensesNet": -105554000, "incomeBeforeTax": -35280000, "incomeBeforeTaxRatio": -0.0870378274, "incomeTaxExpense": 20446000, "netIncome": -55726000, "netIncomeRatio": -0.1374793075, "eps": -1.13, "epsdiluted": -1.13, "weightedAverageShsOut": 49315044, "weightedAverageShsOutDil": 49481000, "link": "https://www.sec.gov/Archives/edgar/data/876167/000087616717000007/0000876167-17-000007-index.htm", "finalLink": "https://www.sec.gov/Archives/edgar/data/876167/000087616717000007/a201610-kmaster.htm", "calculatedOtherExpenses": 112718000, "calculatedOperatingExpenses": 369338000, "calculatedNetInterest": -3339000, "calculatedOtherIncome": -2232000, "calculatedIncomeNonControlling": 0, "calculatedEbitda": -16974000}, {"date": "2015-11-30", "symbol": "PRGS", "reportedCurrency": "USD", "cik": "0000876167", "fillingDate": "2016-01-29", "acceptedDate": "2016-01-29 11:38:26", "calendarYear": "2015", "period": "FY", "revenue": 377554000, "costOfRevenue": 63742000, "grossProfit": 313812000, "grossProfitRatio": 0.8311711702, "researchAndDevelopmentExpenses": 86924000, "generalAndAdministrativeExpenses": 57294000, "sellingAndMarketingExpenses": 124867000, "sellingGeneralAndAdministrativeExpenses": 182161000, "otherExpenses": -2400000, "operatingExpenses": 281830000, "costAndExpenses": 345572000, "interestIncome": 1446000, "interestExpense": 3788000, "depreciationAndAmortization": 12745000, "ebitda": 61955000, "ebitdaratio": 0.164095732, "operatingIncome": 14754000, "operatingIncomeRatio": 0.0390778538, "totalOtherIncomeExpensesNet": -19628000, "incomeBeforeTax": 12354000, "incomeBeforeTaxRatio": 0.0327211472, "incomeTaxExpense": 21155000, "netIncome": -8801000, "netIncomeRatio": -0.0233105728, "eps": -0.17, "epsdiluted": -0.17, "weightedAverageShsOut": 50391000, "weightedAverageShsOutDil": 50391000, "link": "https://www.sec.gov/Archives/edgar/data/876167/000087616716000060/0000876167-16-000060-index.htm", "finalLink": "https://www.sec.gov/Archives/edgar/data/876167/000087616716000060/a201510-kmaster.htm", "calculatedOtherExpenses": 29973000, "calculatedOperatingExpenses": 299058000, "calculatedNetInterest": -2342000, "calculatedOtherIncome": -58000, "calculatedIncomeNonControlling": 0, "calculatedEbitda": 27499000}, {"date": "2014-11-30", "symbol": "PRGS", "reportedCurrency": "USD", "cik": "0000876167", "fillingDate": "2015-01-29", "acceptedDate": "2015-01-29 16:30:11", "calendarYear": "2014", "period": "FY", "revenue": 332533000, "costOfRevenue": 34259000, "grossProfit": 298274000, "grossProfitRatio": 0.8969756385, "researchAndDevelopmentExpenses": 58965000, "generalAndAdministrativeExpenses": 48292000, "sellingAndMarketingExpenses": 101496000, "sellingGeneralAndAdministrativeExpenses": 149788000, "otherExpenses": -2936000, "operatingExpenses": 209406000, "costAndExpenses": 243665000, "interestIncome": -489000, "interestExpense": 489000, "depreciationAndAmortization": 653000, "ebitda": 97649000, "ebitdaratio": 0.2936520586, "operatingIncome": 80740000, "operatingIncomeRatio": 0.2428029699, "totalOtherIncomeExpensesNet": -11064000, "incomeBeforeTax": 77804000, "incomeBeforeTaxRatio": 0.233973771, "incomeTaxExpense": 28346000, "netIncome": 49458000, "netIncomeRatio": 0.1487311034, "eps": 0.97, "epsdiluted": 0.96, "weightedAverageShsOut": 50840000, "weightedAverageShsOutDil": 51466000, "link": "https://www.sec.gov/Archives/edgar/data/876167/000087616715000009/0000876167-15-000009-index.htm", "finalLink": "https://www.sec.gov/Archives/edgar/data/876167/000087616715000009/a201410-kmaster.htm", "calculatedOtherExpenses": 8781000, "calculatedOperatingExpenses": 217534000, "calculatedNetInterest": -978000, "calculatedOtherIncome": -1958000, "calculatedIncomeNonControlling": 0, "calculatedEbitda": 81393000}, {"date": "2013-11-30", "symbol": "PRGS", "reportedCurrency": "USD", "cik": "0000876167", "fillingDate": "2014-01-29", "acceptedDate": "2014-01-29 16:26:00", "calendarYear": "2013", "period": "FY", "revenue": 333996000, "costOfRevenue": 34982000, "grossProfit": 299014000, "grossProfitRatio": 0.8952622187, "researchAndDevelopmentExpenses": 57336000, "generalAndAdministrativeExpenses": 55994000, "sellingAndMarketingExpenses": 105997000, "sellingGeneralAndAdministrativeExpenses": 161991000, "otherExpenses": -957000, "operatingExpenses": 220087000, "costAndExpenses": 255069000, "interestIncome": 1201000, "interestExpense": 1201000, "depreciationAndAmortization": 760000, "ebitda": 94874000, "ebitdaratio": 0.2840572941, "operatingIncome": 63740000, "operatingIncomeRatio": 0.1908406089, "totalOtherIncomeExpensesNet": -16144000, "incomeBeforeTax": 62783000, "incomeBeforeTaxRatio": 0.1879753051, "incomeTaxExpense": 23006000, "netIncome": 74907000, "netIncomeRatio": 0.224275141, "eps": 1.37, "epsdiluted": 1.35, "weightedAverageShsOut": 54516000, "weightedAverageShsOutDil": 55379000, "link": "https://www.sec.gov/Archives/edgar/data/876167/000087616714000013/0000876167-14-000013-index.htm", "finalLink": "https://www.sec.gov/Archives/edgar/data/876167/000087616714000013/a201310-kmaster.htm", "calculatedOtherExpenses": 15947000, "calculatedOperatingExpenses": 235274000, "calculatedNetInterest": 0, "calculatedOtherIncome": -957000, "calculatedIncomeNonControlling": -35130000, "calculatedEbitda": 64500000}, {"date": "2012-11-30", "symbol": "PRGS", "reportedCurrency": "USD", "cik": "0000876167", "fillingDate": "2013-01-29", "acceptedDate": "2013-01-29 16:42:54", "calendarYear": "2012", "period": "FY", "revenue": 335205000, "costOfRevenue": 43563000, "grossProfit": 291642000, "grossProfitRatio": 0.8700407213, "researchAndDevelopmentExpenses": 53017000, "generalAndAdministrativeExpenses": 62053000, "sellingAndMarketingExpenses": 117855000, "sellingGeneralAndAdministrativeExpenses": 179908000, "otherExpenses": 196000, "operatingExpenses": 233887000, "costAndExpenses": 277450000, "interestIncome": 2574000, "interestExpense": 2574000, "depreciationAndAmortization": 962000, "ebitda": 65817000, "ebitdaratio": 0.1963485032, "operatingIncome": 50655000, "operatingIncomeRatio": 0.151116481, "totalOtherIncomeExpensesNet": -6904000, "incomeBeforeTax": 50851000, "incomeBeforeTaxRatio": 0.1517011978, "incomeTaxExpense": 17440000, "netIncome": 47444000, "netIncomeRatio": 0.1415372682, "eps": 0.75, "epsdiluted": 0.74, "weightedAverageShsOut": 62881000, "weightedAverageShsOutDil": 63741000, "link": "https://www.sec.gov/Archives/edgar/data/876167/000087616713000010/0000876167-13-000010-index.htm", "finalLink": "https://www.sec.gov/Archives/edgar/data/876167/000087616713000010/a201210-k.htm", "calculatedOtherExpenses": 8062000, "calculatedOperatingExpenses": 240987000, "calculatedNetInterest": 0, "calculatedOtherIncome": 196000, "calculatedIncomeNonControlling": -14033000, "calculatedEbitda": 51617000}, {"date": "2011-11-30", "symbol": "PRGS", "reportedCurrency": "USD", "cik": "0000876167", "fillingDate": "2012-01-30", "acceptedDate": "2012-01-30 14:48:48", "calendarYear": "2011", "period": "FY", "revenue": 533595000, "costOfRevenue": 103295000, "grossProfit": 430300000, "grossProfitRatio": 0.8064168517, "researchAndDevelopmentExpenses": 80719000, "generalAndAdministrativeExpenses": 62100000, "sellingAndMarketingExpenses": 186077000, "sellingGeneralAndAdministrativeExpenses": 248177000, "otherExpenses": 8018000, "operatingExpenses": 336914000, "costAndExpenses": 440209000, "interestIncome": 1999000, "interestExpense": 1999000, "depreciationAndAmortization": 58577000, "ebitda": 157645000, "ebitdaratio": 0.295439425, "operatingIncome": 88223000, "operatingIncomeRatio": 0.1653370065, "totalOtherIncomeExpensesNet": -5682000, "incomeBeforeTax": 87704000, "incomeBeforeTaxRatio": 0.1643643587, "incomeTaxExpense": 28943000, "netIncome": 58761000, "netIncomeRatio": 0.110122846, "eps": 0.89, "epsdiluted": 0.87, "weightedAverageShsOut": 65705000, "weightedAverageShsOutDil": 67540000, "link": "https://www.sec.gov/Archives/edgar/data/876167/000119312512029136/0001193125-12-029136-index.htm", "finalLink": "https://www.sec.gov/Archives/edgar/data/876167/000119312512029136/d265673d10k.htm", "calculatedOtherExpenses": 13181000, "calculatedOperatingExpenses": 342077000, "calculatedNetInterest": 0, "calculatedOtherIncome": -519000, "calculatedIncomeNonControlling": 0, "calculatedEbitda": 146800000}, {"date": "2010-11-30", "symbol": "PRGS", "reportedCurrency": "USD", "cik": "0000876167", "fillingDate": "2011-01-31", "acceptedDate": "2011-01-31 17:10:25", "calendarYear": "2010", "period": "FY", "revenue": 529120000, "costOfRevenue": 99322000, "grossProfit": 429798000, "grossProfitRatio": 0.8122883278, "researchAndDevelopmentExpenses": 90643000, "generalAndAdministrativeExpenses": 51805000, "sellingAndMarketingExpenses": 168788000, "sellingGeneralAndAdministrativeExpenses": 220593000, "otherExpenses": 10449000, "operatingExpenses": 321685000, "costAndExpenses": 421007000, "interestIncome": 3132000, "interestExpense": 3132000, "depreciationAndAmortization": 59538000, "ebitda": 204336000, "ebitdaratio": 0.3861808285, "operatingIncome": 67670000, "operatingIncomeRatio": 0.1278915936, "totalOtherIncomeExpensesNet": -36685000, "incomeBeforeTax": 71428000, "incomeBeforeTaxRatio": 0.1349939522, "incomeTaxExpense": 22857000, "netIncome": 48571000, "netIncomeRatio": 0.0917958119, "eps": 0.76, "epsdiluted": 0.73, "weightedAverageShsOut": 63957000, "weightedAverageShsOutDil": 66211500, "link": "https://www.sec.gov/Archives/edgar/data/876167/000095012311007372/0000950123-11-007372-index.htm", "finalLink": "https://www.sec.gov/Archives/edgar/data/876167/000095012311007372/b83530e10vk.htm", "calculatedOtherExpenses": 50892000, "calculatedOperatingExpenses": 362128000, "calculatedNetInterest": 0, "calculatedOtherIncome": 3758000, "calculatedIncomeNonControlling": 0, "calculatedEbitda": 127208000}, {"date": "2009-11-30", "symbol": "PRGS", "reportedCurrency": "USD", "cik": "0000876167", "fillingDate": "2010-01-29", "acceptedDate": "2010-01-29 16:35:19", "calendarYear": "2009", "period": "FY", "revenue": 494137000, "costOfRevenue": 93202000, "grossProfit": 400935000, "grossProfitRatio": 0.8113842922, "researchAndDevelopmentExpenses": 93262000, "generalAndAdministrativeExpenses": 59612000, "sellingAndMarketingExpenses": 182227000, "sellingGeneralAndAdministrativeExpenses": 241839000, "otherExpenses": 9047000, "operatingExpenses": 344148000, "costAndExpenses": 437350000, "interestIncome": 2702000, "interestExpense": 2702000, "depreciationAndAmortization": 61941000, "ebitda": 124335000, "ebitdaratio": 0.251620502, "operatingIncome": 51132000, "operatingIncomeRatio": 0.1034773757, "totalOtherIncomeExpensesNet": -5607000, "incomeBeforeTax": 51180000, "incomeBeforeTaxRatio": 0.1035745148, "incomeTaxExpense": 18425000, "netIncome": 32755000, "netIncomeRatio": 0.0662872847, "eps": 0.54, "epsdiluted": 0.53, "weightedAverageShsOut": 60154500, "weightedAverageShsOutDil": 61561500, "link": "https://www.sec.gov/Archives/edgar/data/876167/000095012310006833/0000950123-10-006833-index.htm", "finalLink": "https://www.sec.gov/Archives/edgar/data/876167/000095012310006833/b79059e10vk.htm", "calculatedOtherExpenses": 14702000, "calculatedOperatingExpenses": 349803000, "calculatedNetInterest": 0, "calculatedOtherIncome": 48000, "calculatedIncomeNonControlling": 0, "calculatedEbitda": 113073000}, {"date": "2008-11-30", "symbol": "PRGS", "reportedCurrency": "USD", "cik": "0000876167", "fillingDate": "2009-01-29", "acceptedDate": "2009-01-29 17:02:21", "calendarYear": "2008", "period": "FY", "revenue": 515560000, "costOfRevenue": 91889000, "grossProfit": 423671000, "grossProfitRatio": 0.8217685623, "researchAndDevelopmentExpenses": 87788000, "generalAndAdministrativeExpenses": 0, "sellingAndMarketingExpenses": 0, "sellingGeneralAndAdministrativeExpenses": 258031000, "otherExpenses": 6426000, "operatingExpenses": 352245000, "costAndExpenses": 444134000, "interestIncome": 0, "interestExpense": -9627000, "depreciationAndAmortization": 30114000, "ebitda": 109341000, "ebitdaratio": 0.2120820079, "operatingIncome": 64383000, "operatingIncomeRatio": 0.1248797424, "totalOtherIncomeExpensesNet": -7801000, "incomeBeforeTax": 74010000, "incomeBeforeTaxRatio": 0.1435526418, "incomeTaxExpense": 27714000, "netIncome": 46296000, "netIncomeRatio": 0.0897975017, "eps": 0.75, "epsdiluted": 0.72, "weightedAverageShsOut": 61552500, "weightedAverageShsOutDil": 64015500, "link": "https://www.sec.gov/Archives/edgar/data/876167/000095013509000542/0000950135-09-000542-index.htm", "finalLink": "https://www.sec.gov/Archives/edgar/data/876167/000095013509000542/b73802pse10vk.htm", "calculatedOtherExpenses": 13469000, "calculatedOperatingExpenses": 359288000, "calculatedNetInterest": 9627000, "calculatedOtherIncome": 0, "calculatedIncomeNonControlling": 0, "calculatedEbitda": 94497000}, {"date": "2007-11-30", "symbol": "PRGS", "reportedCurrency": "USD", "cik": "0000876167", "fillingDate": "2008-01-29", "acceptedDate": "2008-01-29 16:24:24", "calendarYear": "2007", "period": "FY", "revenue": 493500000, "costOfRevenue": 86756000, "grossProfit": 406744000, "grossProfitRatio": 0.8242026342, "researchAndDevelopmentExpenses": 80345000, "generalAndAdministrativeExpenses": 0, "sellingAndMarketingExpenses": 0, "sellingGeneralAndAdministrativeExpenses": 253706000, "otherExpenses": 15477000, "operatingExpenses": 349528000, "costAndExpenses": 436284000, "interestIncome": 0, "interestExpense": -7831000, "depreciationAndAmortization": 27062000, "ebitda": 94483000, "ebitdaratio": 0.1914549139, "operatingIncome": 57216000, "operatingIncomeRatio": 0.1159392097, "totalOtherIncomeExpensesNet": -10205000, "incomeBeforeTax": 65047000, "incomeBeforeTaxRatio": 0.1318074975, "incomeTaxExpense": 22767000, "netIncome": 42280000, "netIncomeRatio": 0.0856737589, "eps": 0.68, "epsdiluted": 0.64, "weightedAverageShsOut": 62331000, "weightedAverageShsOutDil": 65914500, "link": "https://www.sec.gov/Archives/edgar/data/876167/000095013508000383/0000950135-08-000383-index.htm", "finalLink": "https://www.sec.gov/Archives/edgar/data/876167/000095013508000383/b68315pse10vk.htm", "calculatedOtherExpenses": 15477000, "calculatedOperatingExpenses": 349528000, "calculatedNetInterest": 7831000, "calculatedOtherIncome": 0, "calculatedIncomeNonControlling": 0, "calculatedEbitda": 84278000}, {"date": "2006-11-30", "symbol": "PRGS", "reportedCurrency": "USD", "cik": "0000876167", "fillingDate": "2007-02-13", "acceptedDate": "2007-02-13 16:46:32", "calendarYear": "2006", "period": "FY", "revenue": 447063000, "costOfRevenue": 76787000, "grossProfit": 370276000, "grossProfitRatio": 0.8282412099, "researchAndDevelopmentExpenses": 77269000, "generalAndAdministrativeExpenses": 0, "sellingAndMarketingExpenses": 0, "sellingGeneralAndAdministrativeExpenses": 242857000, "otherExpenses": 7358000, "operatingExpenses": 327484000, "costAndExpenses": 404271000, "interestIncome": 0, "interestExpense": -4640000, "depreciationAndAmortization": 24776000, "ebitda": 72321000, "ebitdaratio": 0.1617691466, "operatingIncome": 40943000, "operatingIncomeRatio": 0.0915821707, "totalOtherIncomeExpensesNet": -4753000, "incomeBeforeTax": 45583000, "incomeBeforeTaxRatio": 0.1019610212, "incomeTaxExpense": 16182000, "netIncome": 29401000, "netIncomeRatio": 0.0657647804, "eps": 0.48, "epsdiluted": 0.45, "weightedAverageShsOut": 61464000, "weightedAverageShsOutDil": 64903500, "link": "https://www.sec.gov/Archives/edgar/data/876167/000095013507000766/0000950135-07-000766-index.htm", "finalLink": "https://www.sec.gov/Archives/edgar/data/876167/000095013507000766/b63696pse10vk.htm", "calculatedOtherExpenses": 9207000, "calculatedOperatingExpenses": 329333000, "calculatedNetInterest": 4640000, "calculatedOtherIncome": 0, "calculatedIncomeNonControlling": 0, "calculatedEbitda": 65719000}, {"date": "2005-11-30", "symbol": "PRGS", "reportedCurrency": "USD", "cik": "0000876167", "fillingDate": "2006-02-10", "acceptedDate": "2006-02-10 16:29:07", "calendarYear": "2005", "period": "FY", "revenue": 405376000, "costOfRevenue": 63468000, "grossProfit": 341908000, "grossProfitRatio": 0.8434342438, "researchAndDevelopmentExpenses": 63071000, "generalAndAdministrativeExpenses": 0, "sellingAndMarketingExpenses": 0, "sellingGeneralAndAdministrativeExpenses": 202270000, "otherExpenses": 7680000, "operatingExpenses": 273021000, "costAndExpenses": 336489000, "interestIncome": 0, "interestExpense": -3099000, "depreciationAndAmortization": 18189000, "ebitda": 89234000, "ebitdaratio": 0.2201264998, "operatingIncome": 63765000, "operatingIncomeRatio": 0.1572984094, "totalOtherIncomeExpensesNet": -2158000, "incomeBeforeTax": 66864000, "incomeBeforeTaxRatio": 0.1649431639, "incomeTaxExpense": 17931000, "netIncome": 48933000, "netIncomeRatio": 0.1207101555, "eps": 0.85, "epsdiluted": 0.79, "weightedAverageShsOut": 57340500, "weightedAverageShsOutDil": 62136000, "link": "https://www.sec.gov/Archives/edgar/data/876167/000095013506000657/0000950135-06-000657-index.htm", "finalLink": "https://www.sec.gov/Archives/edgar/data/876167/000095013506000657/b59091pse10vk.htm", "calculatedOtherExpenses": 12802000, "calculatedOperatingExpenses": 278143000, "calculatedNetInterest": 3099000, "calculatedOtherIncome": 0, "calculatedIncomeNonControlling": 0, "calculatedEbitda": 81954000}, {"date": "2004-11-30", "symbol": "PRGS", "reportedCurrency": "USD", "cik": "0000876167", "fillingDate": "2005-02-14", "acceptedDate": "2005-02-14 14:48:27", "calendarYear": "2004", "period": "FY", "revenue": 362662000, "costOfRevenue": 61327000, "grossProfit": 301335000, "grossProfitRatio": 0.8308976402, "researchAndDevelopmentExpenses": 60371000, "generalAndAdministrativeExpenses": 0, "sellingAndMarketingExpenses": 0, "sellingGeneralAndAdministrativeExpenses": 184924000, "otherExpenses": 7076000, "operatingExpenses": 252371000, "costAndExpenses": 313698000, "interestIncome": 0, "interestExpense": -843000, "depreciationAndAmortization": 16523000, "ebitda": 67244000, "ebitdaratio": 0.1854178271, "operatingIncome": 46364000, "operatingIncomeRatio": 0.1278435568, "totalOtherIncomeExpensesNet": -1757000, "incomeBeforeTax": 47207000, "incomeBeforeTaxRatio": 0.1301680353, "incomeTaxExpense": 15106000, "netIncome": 32101000, "netIncomeRatio": 0.0885149257, "eps": 0.55, "epsdiluted": 0.51, "weightedAverageShsOut": 58721341, "weightedAverageShsOutDil": 63357237, "link": "https://www.sec.gov/Archives/edgar/data/876167/000095013505000721/0000950135-05-000721-index.htm", "finalLink": "https://www.sec.gov/Archives/edgar/data/876167/000095013505000721/b53540pse10vk.htm", "calculatedOtherExpenses": 9676000, "calculatedOperatingExpenses": 254971000, "calculatedNetInterest": 843000, "calculatedOtherIncome": 0, "calculatedIncomeNonControlling": 0, "calculatedEbitda": 62887000}, {"date": "2003-11-30", "symbol": "PRGS", "reportedCurrency": "USD", "cik": "0000876167", "fillingDate": "2004-02-13", "acceptedDate": "2004-02-13 14:15:24", "calendarYear": "2003", "period": "FY", "revenue": 309060000, "costOfRevenue": 61772000, "grossProfit": 247288000, "grossProfitRatio": 0.8001294247, "researchAndDevelopmentExpenses": 50243000, "generalAndAdministrativeExpenses": 0, "sellingAndMarketingExpenses": 0, "sellingGeneralAndAdministrativeExpenses": 160093000, "otherExpenses": 0, "operatingExpenses": 210336000, "costAndExpenses": 272108000, "interestIncome": 0, "interestExpense": -1925000, "depreciationAndAmortization": 10997000, "ebitda": 49841000, "ebitdaratio": 0.1612664208, "operatingIncome": 36752000, "operatingIncomeRatio": 0.118915421, "totalOtherIncomeExpensesNet": -1892000, "incomeBeforeTax": 38677000, "incomeBeforeTaxRatio": 0.125143985, "incomeTaxExpense": 11603000, "netIncome": 27074000, "netIncomeRatio": 0.0876011131, "eps": 0.47, "epsdiluted": 0.43, "weightedAverageShsOut": 57198592, "weightedAverageShsOutDil": 62478462, "link": "https://www.sec.gov/Archives/edgar/data/876167/000095013504000730/0000950135-04-000730-index.htm", "finalLink": "https://www.sec.gov/Archives/edgar/data/876167/000095013504000730/b49024pse10vk.htm", "calculatedOtherExpenses": 200000, "calculatedOperatingExpenses": 210536000, "calculatedNetInterest": 1925000, "calculatedOtherIncome": 0, "calculatedIncomeNonControlling": 0, "calculatedEbitda": 47749000}, {"date": "2002-11-30", "symbol": "PRGS", "reportedCurrency": "USD", "cik": "0000876167", "fillingDate": "2003-02-14", "acceptedDate": "2003-02-14 14:16:37", "calendarYear": "2002", "period": "FY", "revenue": 273123000, "costOfRevenue": 67685000, "grossProfit": 205438000, "grossProfitRatio": 0.7521812517, "researchAndDevelopmentExpenses": 42113000, "generalAndAdministrativeExpenses": 0, "sellingAndMarketingExpenses": 0, "sellingGeneralAndAdministrativeExpenses": 135101000, "otherExpenses": 0, "operatingExpenses": 177214000, "costAndExpenses": 244899000, "interestIncome": 0, "interestExpense": -1186000, "depreciationAndAmortization": 11309000, "ebitda": 43019000, "ebitdaratio": 0.1575077895, "operatingIncome": 28224000, "operatingIncomeRatio": 0.1033380565, "totalOtherIncomeExpensesNet": -3486000, "incomeBeforeTax": 29410000, "incomeBeforeTaxRatio": 0.1076804224, "incomeTaxExpense": 8823000, "netIncome": 20587000, "netIncomeRatio": 0.0753762957, "eps": 0.39, "epsdiluted": 0.36, "weightedAverageShsOut": 53128500, "weightedAverageShsOutDil": 57198000, "link": "https://www.sec.gov/Archives/edgar/data/876167/000095013503001256/0000950135-03-001256-index.htm", "finalLink": "https://www.sec.gov/Archives/edgar/data/876167/000095013503001256/b45503pse10vk.htm", "calculatedOtherExpenses": 0, "calculatedOperatingExpenses": 177214000, "calculatedNetInterest": 1186000, "calculatedOtherIncome": 0, "calculatedIncomeNonControlling": 0, "calculatedEbitda": 39533000}, {"date": "2001-11-30", "symbol": "PRGS", "reportedCurrency": "USD", "cik": "0000876167", "fillingDate": "2002-02-26", "acceptedDate": "2002-02-26 00:00:00", "calendarYear": "2001", "period": "FY", "revenue": 261998000, "costOfRevenue": 66042000, "grossProfit": 195956000, "grossProfitRatio": 0.7479293735, "researchAndDevelopmentExpenses": 41732000, "generalAndAdministrativeExpenses": 0, "sellingAndMarketingExpenses": 0, "sellingGeneralAndAdministrativeExpenses": 132919000, "otherExpenses": 0, "operatingExpenses": 174651000, "costAndExpenses": 240693000, "interestIncome": 0, "interestExpense": -4263000, "depreciationAndAmortization": 12140000, "ebitda": 35838000, "ebitdaratio": 0.1367873037, "operatingIncome": 21305000, "operatingIncomeRatio": 0.0813174146, "totalOtherIncomeExpensesNet": -2393000, "incomeBeforeTax": 25568000, "incomeBeforeTaxRatio": 0.0975885312, "incomeTaxExpense": 7925000, "netIncome": 17643000, "netIncomeRatio": 0.0673402087, "eps": 0.33, "epsdiluted": 0.31, "weightedAverageShsOut": 53170500, "weightedAverageShsOutDil": 57637500, "link": "https://www.sec.gov/Archives/edgar/data/876167/000095013502001117/0000950135-02-001117-index.htm", "finalLink": "https://www.sec.gov/Archives/edgar/data/876167/000095013502001117/b42078pse10-k.htm", "calculatedOtherExpenses": 0, "calculatedOperatingExpenses": 174651000, "calculatedNetInterest": 4263000, "calculatedOtherIncome": 0, "calculatedIncomeNonControlling": 0, "calculatedEbitda": 33445000}, {"date": "2000-11-30", "symbol": "PRGS", "reportedCurrency": "USD", "cik": "0000876167", "fillingDate": "2001-02-27", "acceptedDate": "2001-02-27 00:00:00", "calendarYear": "2000", "period": "FY", "revenue": 271347000, "costOfRevenue": 50373000, "grossProfit": 220974000, "grossProfitRatio": 0.8143594733, "researchAndDevelopmentExpenses": 39034000, "generalAndAdministrativeExpenses": 0, "sellingAndMarketingExpenses": 0, "sellingGeneralAndAdministrativeExpenses": 130916000, "otherExpenses": 12329000, "operatingExpenses": 182279000, "costAndExpenses": 232652000, "interestIncome": 0, "interestExpense": -10792000, "depreciationAndAmortization": 12329000, "ebitda": 48305000, "ebitdaratio": 0.178019289, "operatingIncome": 38695000, "operatingIncomeRatio": 0.1426033824, "totalOtherIncomeExpensesNet": 2719000, "incomeBeforeTax": 49487000, "incomeBeforeTaxRatio": 0.1823753349, "incomeTaxExpense": 15836000, "netIncome": 33651000, "netIncomeRatio": 0.1240146381, "eps": 0.63, "epsdiluted": 0.57, "weightedAverageShsOut": 53698404, "weightedAverageShsOutDil": 59384118, "link": "https://www.sec.gov/Archives/edgar/data/876167/000095013501500094/0000950135-01-500094-index.htm", "finalLink": "https://www.sec.gov/Archives/edgar/data/876167/000095013501500094/b38435pse10-k405.txt", "calculatedOtherExpenses": 12329000, "calculatedOperatingExpenses": 182279000, "calculatedNetInterest": 10792000, "calculatedOtherIncome": 0, "calculatedIncomeNonControlling": 0, "calculatedEbitda": 51024000}, {"date": "1999-11-30", "symbol": "PRGS", "reportedCurrency": "USD", "cik": "0000876167", "fillingDate": "2000-02-25", "acceptedDate": "2000-02-25 00:00:00", "calendarYear": "1999", "period": "FY", "revenue": 286100000, "costOfRevenue": 54800000, "grossProfit": 231300000, "grossProfitRatio": 0.8084585809, "researchAndDevelopmentExpenses": 38300000, "generalAndAdministrativeExpenses": 0, "sellingAndMarketingExpenses": 0, "sellingGeneralAndAdministrativeExpenses": 133000000, "otherExpenses": 13300000, "operatingExpenses": 184600000, "costAndExpenses": 239400000, "interestIncome": 0, "interestExpense": -4800000, "depreciationAndAmortization": 13300000, "ebitda": 60500000, "ebitdaratio": 0.2114645229, "operatingIncome": 46700000, "operatingIncomeRatio": 0.16322964, "totalOtherIncomeExpensesNet": -500000, "incomeBeforeTax": 51500000, "incomeBeforeTaxRatio": 0.1800069906, "incomeTaxExpense": 16500000, "netIncome": 35000000, "netIncomeRatio": 0.122334848, "eps": 0.68, "epsdiluted": 0.6, "weightedAverageShsOut": 51732000, "weightedAverageShsOutDil": 58818000, "link": "https://www.sec.gov/Archives/edgar/data/876167/000095013500001063/0000950135-00-001063-index.html", "finalLink": "https://www.sec.gov/Archives/edgar/data/876167/000095013500001063/", "calculatedOtherExpenses": 13300000, "calculatedOperatingExpenses": 184600000, "calculatedNetInterest": 4800000, "calculatedOtherIncome": 0, "calculatedIncomeNonControlling": 0, "calculatedEbitda": 60000000}, {"date": "1998-11-30", "symbol": "PRGS", "reportedCurrency": "USD", "cik": "0000876167", "fillingDate": "1999-02-24", "acceptedDate": "1999-02-24 00:00:00", "calendarYear": "1998", "period": "FY", "revenue": 239900000, "costOfRevenue": 42500000, "grossProfit": 197400000, "grossProfitRatio": 0.8228428512, "researchAndDevelopmentExpenses": 30200000, "generalAndAdministrativeExpenses": 0, "sellingAndMarketingExpenses": 0, "sellingGeneralAndAdministrativeExpenses": 123700000, "otherExpenses": 13600000, "operatingExpenses": 167500000, "costAndExpenses": 210000000, "interestIncome": 0, "interestExpense": -4100000, "depreciationAndAmortization": 13600000, "ebitda": 39700000, "ebitdaratio": 0.165485619, "operatingIncome": 29900000, "operatingIncomeRatio": 0.1246352647, "totalOtherIncomeExpensesNet": 3800000, "incomeBeforeTax": 34000000, "incomeBeforeTaxRatio": 0.141725719, "incomeTaxExpense": 11200000, "netIncome": 22800000, "netIncomeRatio": 0.0950395998, "eps": 0.44, "epsdiluted": 0.39, "weightedAverageShsOut": 51687000, "weightedAverageShsOutDil": 57840000, "link": "https://www.sec.gov/Archives/edgar/data/876167/000095013599000983/0000950135-99-000983-index.html", "finalLink": "https://www.sec.gov/Archives/edgar/data/876167/", "calculatedOtherExpenses": 13600000, "calculatedOperatingExpenses": 167500000, "calculatedNetInterest": 4100000, "calculatedOtherIncome": 0, "calculatedIncomeNonControlling": 0, "calculatedEbitda": 43500000}, {"date": "1997-11-30", "symbol": "PRGS", "reportedCurrency": "USD", "cik": "0000876167", "fillingDate": "1998-02-20", "acceptedDate": "1998-02-20 00:00:00", "calendarYear": "1997", "period": "FY", "revenue": 188300000, "costOfRevenue": 28300000, "grossProfit": 160000000, "grossProfitRatio": 0.8497079129, "researchAndDevelopmentExpenses": 27000000, "generalAndAdministrativeExpenses": 0, "sellingAndMarketingExpenses": 0, "sellingGeneralAndAdministrativeExpenses": 110800000, "otherExpenses": 12900000, "operatingExpenses": 150700000, "costAndExpenses": 179000000, "interestIncome": 0, "interestExpense": 6200000, "depreciationAndAmortization": 12900000, "ebitda": 28900000, "ebitdaratio": 0.1534784918, "operatingIncome": 9300000, "operatingIncomeRatio": 0.0493892724, "totalOtherIncomeExpensesNet": -6700000, "incomeBeforeTax": 3100000, "incomeBeforeTaxRatio": 0.0164630908, "incomeTaxExpense": 4700000, "netIncome": -1600000, "netIncomeRatio": -0.0084970791, "eps": -0.0294, "epsdiluted": -0.0294, "weightedAverageShsOut": 54504000, "weightedAverageShsOutDil": 54504000, "link": "https://www.sec.gov/Archives/edgar/data/876167/000095013598001122/0000950135-98-001122-index.html", "finalLink": "https://www.sec.gov/Archives/edgar/data/876167/", "calculatedOtherExpenses": 12900000, "calculatedOperatingExpenses": 150700000, "calculatedNetInterest": -6200000, "calculatedOtherIncome": 0, "calculatedIncomeNonControlling": 0, "calculatedEbitda": 22200000}, {"date": "1996-11-30", "symbol": "PRGS", "reportedCurrency": "USD", "cik": "0000876167", "fillingDate": "1997-02-20", "acceptedDate": "1997-02-20 00:00:00", "calendarYear": "1996", "period": "FY", "revenue": 176700000, "costOfRevenue": 27000000, "grossProfit": 149700000, "grossProfitRatio": 0.8471986418, "researchAndDevelopmentExpenses": 24000000, "generalAndAdministrativeExpenses": 0, "sellingAndMarketingExpenses": 0, "sellingGeneralAndAdministrativeExpenses": 109700000, "otherExpenses": 11500000, "operatingExpenses": 145200000, "costAndExpenses": 172200000, "interestIncome": 0, "interestExpense": -3800000, "depreciationAndAmortization": 11500000, "ebitda": 12200000, "ebitdaratio": 0.0690435767, "operatingIncome": 4500000, "operatingIncomeRatio": 0.025466893, "totalOtherIncomeExpensesNet": 3800000, "incomeBeforeTax": 8300000, "incomeBeforeTaxRatio": 0.0469722694, "incomeTaxExpense": 2800000, "netIncome": 5500000, "netIncomeRatio": 0.0311262026, "eps": 0.0921, "epsdiluted": 0.0917, "weightedAverageShsOut": 59706000, "weightedAverageShsOutDil": 60000000, "link": "https://www.sec.gov/Archives/edgar/data/876167/000095013597000797/0000950135-97-000797-index.html", "finalLink": "https://www.sec.gov/Archives/edgar/data/876167/", "calculatedOtherExpenses": 11500000, "calculatedOperatingExpenses": 145200000, "calculatedNetInterest": 3800000, "calculatedOtherIncome": 0, "calculatedIncomeNonControlling": 0, "calculatedEbitda": 16000000}, {"date": "1995-11-30", "symbol": "PRGS", "reportedCurrency": "USD", "cik": "0000876167", "fillingDate": "1995-11-30", "acceptedDate": "1995-11-29 19:00:00", "calendarYear": "1995", "period": "FY", "revenue": 180100000, "costOfRevenue": 22900000, "grossProfit": 157200000, "grossProfitRatio": 0.8728484175, "researchAndDevelopmentExpenses": 24200000, "generalAndAdministrativeExpenses": 0, "sellingAndMarketingExpenses": 0, "sellingGeneralAndAdministrativeExpenses": 98300000, "otherExpenses": 9000000, "operatingExpenses": 131500000, "costAndExpenses": 154400000, "interestIncome": 0, "interestExpense": -800000, "depreciationAndAmortization": 9000000, "ebitda": 34300000, "ebitdaratio": 0.1904497501, "operatingIncome": 25700000, "operatingIncomeRatio": 0.1426985008, "totalOtherIncomeExpensesNet": 400000, "incomeBeforeTax": 26500000, "incomeBeforeTaxRatio": 0.1471404775, "incomeTaxExpense": 9800000, "netIncome": 16700000, "netIncomeRatio": 0.0927262632, "eps": 0.27, "epsdiluted": 0.27, "weightedAverageShsOut": 61097561, "weightedAverageShsOutDil": 61097561, "link": "", "finalLink": "", "calculatedOtherExpenses": 9000000, "calculatedOperatingExpenses": 131500000, "calculatedNetInterest": 800000, "calculatedOtherIncome": 0, "calculatedIncomeNonControlling": 0, "calculatedEbitda": 34700000}, {"date": "1994-11-30", "symbol": "PRGS", "reportedCurrency": "USD", "cik": "0000876167", "fillingDate": "1994-11-30", "acceptedDate": "1994-11-29 19:00:00", "calendarYear": "1994", "period": "FY", "revenue": 139200000, "costOfRevenue": 15300000, "grossProfit": 123900000, "grossProfitRatio": 0.8900862069, "researchAndDevelopmentExpenses": 0, "generalAndAdministrativeExpenses": 0, "sellingAndMarketingExpenses": 0, "sellingGeneralAndAdministrativeExpenses": 97800000, "otherExpenses": 6300000, "operatingExpenses": 104100000, "costAndExpenses": 119400000, "interestIncome": 0, "interestExpense": -2200000, "depreciationAndAmortization": 6300000, "ebitda": 24000000, "ebitdaratio": 0.1724137931, "operatingIncome": 19800000, "operatingIncomeRatio": 0.1422413793, "totalOtherIncomeExpensesNet": 2100000, "incomeBeforeTax": 22000000, "incomeBeforeTaxRatio": 0.158045977, "incomeTaxExpense": 7600000, "netIncome": 14400000, "netIncomeRatio": 0.1034482759, "eps": 0.26, "epsdiluted": 0.25, "weightedAverageShsOut": 55384615, "weightedAverageShsOutDil": 58378378, "link": "", "finalLink": "", "calculatedOtherExpenses": 6300000, "calculatedOperatingExpenses": 104100000, "calculatedNetInterest": 2200000, "calculatedOtherIncome": 0, "calculatedIncomeNonControlling": 0, "calculatedEbitda": 26100000}, {"date": "1993-11-30", "symbol": "PRGS", "reportedCurrency": "USD", "cik": "0000876167", "fillingDate": "1993-11-30", "acceptedDate": "1993-11-29 19:00:00", "calendarYear": "1993", "period": "FY", "revenue": 111600000, "costOfRevenue": 12800000, "grossProfit": 98800000, "grossProfitRatio": 0.8853046595, "researchAndDevelopmentExpenses": 0, "generalAndAdministrativeExpenses": 0, "sellingAndMarketingExpenses": 0, "sellingGeneralAndAdministrativeExpenses": 77600000, "otherExpenses": 3800000, "operatingExpenses": 81400000, "costAndExpenses": 94200000, "interestIncome": 0, "interestExpense": -2400000, "depreciationAndAmortization": 3800000, "ebitda": 18800000, "ebitdaratio": 0.1684587814, "operatingIncome": 17400000, "operatingIncomeRatio": 0.1559139785, "totalOtherIncomeExpensesNet": 2400000, "incomeBeforeTax": 19800000, "incomeBeforeTaxRatio": 0.1774193548, "incomeTaxExpense": 6900000, "netIncome": 12900000, "netIncomeRatio": 0.1155913978, "eps": 0.23, "epsdiluted": 0.23, "weightedAverageShsOut": 56911765, "weightedAverageShsOutDil": 56911765, "link": "", "finalLink": "", "calculatedOtherExpenses": 3800000, "calculatedOperatingExpenses": 81400000, "calculatedNetInterest": 2400000, "calculatedOtherIncome": 0, "calculatedIncomeNonControlling": 0, "calculatedEbitda": 21200000}, {"date": "1992-11-30", "symbol": "PRGS", "reportedCurrency": "USD", "cik": "0000876167", "fillingDate": "1992-11-30", "acceptedDate": "1992-11-29 19:00:00", "calendarYear": "1992", "period": "FY", "revenue": 85100000, "costOfRevenue": 47900000, "grossProfit": 37200000, "grossProfitRatio": 0.437132785, "researchAndDevelopmentExpenses": 0, "generalAndAdministrativeExpenses": 0, "sellingAndMarketingExpenses": 0, "sellingGeneralAndAdministrativeExpenses": 21800000, "otherExpenses": 2300000, "operatingExpenses": 24100000, "costAndExpenses": 72000000, "interestIncome": 0, "interestExpense": -1900000, "depreciationAndAmortization": 2300000, "ebitda": 13400000, "ebitdaratio": 0.1574618096, "operatingIncome": 13100000, "operatingIncomeRatio": 0.1539365452, "totalOtherIncomeExpensesNet": 2000000, "incomeBeforeTax": 15000000, "incomeBeforeTaxRatio": 0.1762632197, "incomeTaxExpense": 5400000, "netIncome": 9600000, "netIncomeRatio": 0.1128084606, "eps": 0.17, "epsdiluted": 0.17, "weightedAverageShsOut": 55384615, "weightedAverageShsOutDil": 55384615, "link": "", "finalLink": "", "calculatedOtherExpenses": 2300000, "calculatedOperatingExpenses": 24100000, "calculatedNetInterest": 1900000, "calculatedOtherIncome": 0, "calculatedIncomeNonControlling": 0, "calculatedEbitda": 15400000}, {"date": "1991-11-30", "symbol": "PRGS", "reportedCurrency": "USD", "cik": "0000876167", "fillingDate": "1991-11-30", "acceptedDate": "1991-11-29 19:00:00", "calendarYear": "1991", "period": "FY", "revenue": 58300000, "costOfRevenue": 33200000, "grossProfit": 25100000, "grossProfitRatio": 0.4305317324, "researchAndDevelopmentExpenses": 0, "generalAndAdministrativeExpenses": 0, "sellingAndMarketingExpenses": 0, "sellingGeneralAndAdministrativeExpenses": 14800000, "otherExpenses": 1700000, "operatingExpenses": 16500000, "costAndExpenses": 49700000, "interestIncome": 0, "interestExpense": -900000, "depreciationAndAmortization": 1700000, "ebitda": 9200000, "ebitdaratio": 0.1578044597, "operatingIncome": 8600000, "operatingIncomeRatio": 0.1475128645, "totalOtherIncomeExpensesNet": 1100000, "incomeBeforeTax": 9500000, "incomeBeforeTaxRatio": 0.1629502573, "incomeTaxExpense": 3400000, "netIncome": 6100000, "netIncomeRatio": 0.1046312178, "eps": 0.12, "epsdiluted": 0.12, "weightedAverageShsOut": 50833333, "weightedAverageShsOutDil": 50833333, "link": "", "finalLink": "", "calculatedOtherExpenses": 1700000, "calculatedOperatingExpenses": 16500000, "calculatedNetInterest": 900000, "calculatedOtherIncome": 0, "calculatedIncomeNonControlling": 0, "calculatedEbitda": 10300000}, {"date": "1990-11-30", "symbol": "PRGS", "reportedCurrency": "USD", "cik": "0000876167", "fillingDate": "1990-11-30", "acceptedDate": "1990-11-29 19:00:00", "calendarYear": "1990", "period": "FY", "revenue": 40100000, "costOfRevenue": 33700000, "grossProfit": 6400000, "grossProfitRatio": 0.1596009975, "researchAndDevelopmentExpenses": 0, "generalAndAdministrativeExpenses": 0, "sellingAndMarketingExpenses": 0, "sellingGeneralAndAdministrativeExpenses": 0, "otherExpenses": 1300000, "operatingExpenses": 1300000, "costAndExpenses": 35000000, "interestIncome": 0, "interestExpense": -800000, "depreciationAndAmortization": 1300000, "ebitda": 5500000, "ebitdaratio": 0.1371571072, "operatingIncome": 5100000, "operatingIncomeRatio": 0.1271820449, "totalOtherIncomeExpensesNet": 900000, "incomeBeforeTax": 5900000, "incomeBeforeTaxRatio": 0.1471321696, "incomeTaxExpense": 2100000, "netIncome": 3800000, "netIncomeRatio": 0.0947630923, "eps": 0.0867, "epsdiluted": 0.0867, "weightedAverageShsOut": 43846154, "weightedAverageShsOutDil": 43846154, "link": "", "finalLink": "", "calculatedOtherExpenses": 1300000, "calculatedOperatingExpenses": 1300000, "calculatedNetInterest": 800000, "calculatedOtherIncome": 0, "calculatedIncomeNonControlling": 0, "calculatedEbitda": 6400000}, {"date": "1989-11-30", "symbol": "PRGS", "reportedCurrency": "USD", "cik": "0000876167", "fillingDate": "1989-11-30", "acceptedDate": "1989-11-29 19:00:00", "calendarYear": "1989", "period": "FY", "revenue": 25400000, "costOfRevenue": 21300000, "grossProfit": 4100000, "grossProfitRatio": 0.1614173228, "researchAndDevelopmentExpenses": 0, "generalAndAdministrativeExpenses": 0, "sellingAndMarketingExpenses": 0, "sellingGeneralAndAdministrativeExpenses": 0, "otherExpenses": 900000, "operatingExpenses": 900000, "costAndExpenses": 22200000, "interestIncome": 0, "interestExpense": -100000, "depreciationAndAmortization": 900000, "ebitda": 3900000, "ebitdaratio": 0.1535433071, "operatingIncome": 3200000, "operatingIncomeRatio": 0.125984252, "totalOtherIncomeExpensesNet": 200000, "incomeBeforeTax": 3300000, "incomeBeforeTaxRatio": 0.1299212598, "incomeTaxExpense": 1100000, "netIncome": 2200000, "netIncomeRatio": 0.0866141732, "eps": 0.0533, "epsdiluted": 0.0533, "weightedAverageShsOut": 41250000, "weightedAverageShsOutDil": 41250000, "link": "", "finalLink": "", "calculatedOtherExpenses": 900000, "calculatedOperatingExpenses": 900000, "calculatedNetInterest": 100000, "calculatedOtherIncome": 0, "calculatedIncomeNonControlling": 0, "calculatedEbitda": 4100000}]}