{"originalCurrency": "USD", "convertedCurrency": "USD", "report": [{"date": "2023-12-31", "symbol": "PRI", "reportedCurrency": "USD", "cik": "0001475922", "fillingDate": "2024-02-28", "acceptedDate": "2024-02-28 17:14:46", "calendarYear": "2023", "period": "FY", "revenue": 2815691000, "costOfRevenue": 336647000, "grossProfit": 2479044000, "grossProfitRatio": 0.8804389402, "researchAndDevelopmentExpenses": 0, "generalAndAdministrativeExpenses": 235460000, "sellingAndMarketingExpenses": 457444000, "sellingGeneralAndAdministrativeExpenses": 692904000, "otherExpenses": -1159362000, "operatingExpenses": 1159362000, "costAndExpenses": -2037417000, "interestIncome": -65474000, "interestExpense": 26594000, "depreciationAndAmortization": 31964000, "ebitda": 31964000, "ebitdaratio": 0.0113520979, "operatingIncome": 1656329000, "operatingIncomeRatio": 0.5882495629, "totalOtherIncomeExpensesNet": 751680000, "incomeBeforeTax": 751680000, "incomeBeforeTaxRatio": 0.2669611119, "incomeTaxExpense": 175079000, "netIncome": 576601000, "netIncomeRatio": 0.2047813485, "eps": 15.97, "epsdiluted": 15.94, "weightedAverageShsOut": 35954000, "weightedAverageShsOutDil": 36027000, "link": "https://www.sec.gov/Archives/edgar/data/1475922/000095017024022262/0000950170-24-022262-index.htm", "finalLink": "https://www.sec.gov/Archives/edgar/data/1475922/000095017024022262/pri-20231231.htm", "calculatedOtherExpenses": 129811000, "calculatedOperatingExpenses": 822715000, "calculatedNetInterest": -92068000, "calculatedOtherIncome": -812581000, "calculatedIncomeNonControlling": 0, "calculatedEbitda": 1688293000}, {"date": "2022-12-31", "symbol": "PRI", "reportedCurrency": "USD", "cik": "0001475922", "fillingDate": "2023-02-28", "acceptedDate": "2023-02-28 17:11:45", "calendarYear": "2022", "period": "FY", "revenue": 2720133000, "costOfRevenue": 320394000, "grossProfit": 2399739000, "grossProfitRatio": 0.8822138476, "researchAndDevelopmentExpenses": 0, "generalAndAdministrativeExpenses": 235405000, "sellingAndMarketingExpenses": 462764000, "sellingGeneralAndAdministrativeExpenses": 698169000, "otherExpenses": 320394000, "operatingExpenses": 320394000, "costAndExpenses": 2226384000, "interestIncome": -63922000, "interestExpense": 27237000, "depreciationAndAmortization": 3329000, "ebitda": 529353000, "ebitdaratio": 0.1946055579, "operatingIncome": 526024000, "operatingIncomeRatio": 0.1933817207, "totalOtherIncomeExpensesNet": -32275000, "incomeBeforeTax": 493749000, "incomeBeforeTaxRatio": 0.181516492, "incomeTaxExpense": 125775000, "netIncome": 373012000, "netIncomeRatio": 0.1371300594, "eps": 9.82, "epsdiluted": 9.79, "weightedAverageShsOut": 37997000, "weightedAverageShsOutDil": 38106000, "link": "https://www.sec.gov/Archives/edgar/data/1475922/000095017023005208/0000950170-23-005208-index.htm", "finalLink": "https://www.sec.gov/Archives/edgar/data/1475922/000095017023005208/pri-20221231.htm", "calculatedOtherExpenses": 1175546000, "calculatedOperatingExpenses": 1873715000, "calculatedNetInterest": -91159000, "calculatedOtherIncome": 58884000, "calculatedIncomeNonControlling": -5038000, "calculatedEbitda": 529353000}, {"date": "2021-12-31", "symbol": "PRI", "reportedCurrency": "USD", "cik": "0001475922", "fillingDate": "2022-03-01", "acceptedDate": "2022-03-01 15:14:19", "calendarYear": "2021", "period": "FY", "revenue": 2709732000, "costOfRevenue": 296851000, "grossProfit": 2412881000, "grossProfitRatio": 0.8904500519, "researchAndDevelopmentExpenses": 0, "generalAndAdministrativeExpenses": 202605000, "sellingAndMarketingExpenses": 522308000, "sellingGeneralAndAdministrativeExpenses": 724913000, "otherExpenses": -2271759000, "operatingExpenses": -2271759000, "costAndExpenses": 2198561000, "interestIncome": -62207000, "interestExpense": 30618000, "depreciationAndAmortization": 29836000, "ebitda": 467809000, "ebitdaratio": 0.1726403201, "operatingIncome": 437973000, "operatingIncomeRatio": 0.1616296372, "totalOtherIncomeExpensesNet": 73198000, "incomeBeforeTax": 511171000, "incomeBeforeTaxRatio": 0.1886426407, "incomeTaxExpense": 139191000, "netIncome": 373357000, "netIncomeRatio": 0.1377837365, "eps": 9.44, "epsdiluted": 9.42, "weightedAverageShsOut": 39530000, "weightedAverageShsOutDil": 39652000, "link": "https://www.sec.gov/Archives/edgar/data/1475922/000156459022007995/0001564590-22-007995-index.htm", "finalLink": "https://www.sec.gov/Archives/edgar/data/1475922/000156459022007995/pri-10k_20211231.htm", "calculatedOtherExpenses": 1249995000, "calculatedOperatingExpenses": 1974908000, "calculatedNetInterest": -92825000, "calculatedOtherIncome": 166023000, "calculatedIncomeNonControlling": -1377000, "calculatedEbitda": 467809000}, {"date": "2020-12-31", "symbol": "PRI", "reportedCurrency": "USD", "cik": "0001475922", "fillingDate": "2021-03-01", "acceptedDate": "2021-03-01 13:39:29", "calendarYear": "2020", "period": "FY", "revenue": 2217541000, "costOfRevenue": 245195000, "grossProfit": 1972346000, "grossProfitRatio": 0.8894293273, "researchAndDevelopmentExpenses": 0, "generalAndAdministrativeExpenses": 188117000, "sellingAndMarketingExpenses": 376636000, "sellingGeneralAndAdministrativeExpenses": 564753000, "otherExpenses": -1771880000, "operatingExpenses": -1771880000, "costAndExpenses": 1710811000, "interestIncome": -57473000, "interestExpense": 28839000, "depreciationAndAmortization": 17697000, "ebitda": 463358000, "ebitdaratio": 0.2089512663, "operatingIncome": 445661000, "operatingIncomeRatio": 0.200970805, "totalOtherIncomeExpensesNet": 61069000, "incomeBeforeTax": 506730000, "incomeBeforeTaxRatio": 0.2285098675, "incomeTaxExpense": 120566000, "netIncome": 386164000, "netIncomeRatio": 0.174140636, "eps": 9.6, "epsdiluted": 9.57, "weightedAverageShsOut": 40065000, "weightedAverageShsOutDil": 40185000, "link": "https://www.sec.gov/Archives/edgar/data/1475922/000156459021009754/0001564590-21-009754-index.htm", "finalLink": "https://www.sec.gov/Archives/edgar/data/1475922/000156459021009754/pri-10k_20201231.htm", "calculatedOtherExpenses": 961932000, "calculatedOperatingExpenses": 1526685000, "calculatedNetInterest": -86312000, "calculatedOtherIncome": 147381000, "calculatedIncomeNonControlling": 0, "calculatedEbitda": 463358000}, {"date": "2019-12-31", "symbol": "PRI", "reportedCurrency": "USD", "cik": "0001475922", "fillingDate": "2020-02-28", "acceptedDate": "2020-02-27 18:00:34", "calendarYear": "2019", "period": "FY", "revenue": 2052504000, "costOfRevenue": 237144000, "grossProfit": 1815360000, "grossProfitRatio": 0.8844611265, "researchAndDevelopmentExpenses": 0, "generalAndAdministrativeExpenses": 178817000, "sellingAndMarketingExpenses": 357198000, "sellingGeneralAndAdministrativeExpenses": 536015000, "otherExpenses": -1630918000, "operatingExpenses": -1630918000, "costAndExpenses": 1575393000, "interestIncome": -48325000, "interestExpense": 28811000, "depreciationAndAmortization": 18300000, "ebitda": 439886000, "ebitdaratio": 0.2143167565, "operatingIncome": 421586000, "operatingIncomeRatio": 0.2054008177, "totalOtherIncomeExpensesNet": 55525000, "incomeBeforeTax": 477111000, "incomeBeforeTaxRatio": 0.2324531402, "incomeTaxExpense": 110720000, "netIncome": 366391000, "netIncomeRatio": 0.1785092745, "eps": 8.65, "epsdiluted": 8.62, "weightedAverageShsOut": 42181000, "weightedAverageShsOutDil": 42314000, "link": "https://www.sec.gov/Archives/edgar/data/1475922/000156459020007489/0001564590-20-007489-index.htm", "finalLink": "https://www.sec.gov/Archives/edgar/data/1475922/000156459020007489/pri-10k_20191231.htm", "calculatedOtherExpenses": 857759000, "calculatedOperatingExpenses": 1393774000, "calculatedNetInterest": -77136000, "calculatedOtherIncome": 132661000, "calculatedIncomeNonControlling": 0, "calculatedEbitda": 439886000}, {"date": "2018-12-31", "symbol": "PRI", "reportedCurrency": "USD", "cik": "0001475922", "fillingDate": "2019-02-26", "acceptedDate": "2019-02-26 17:17:33", "calendarYear": "2018", "period": "FY", "revenue": 1899844000, "costOfRevenue": 229607000, "grossProfit": 1670237000, "grossProfitRatio": 0.8791442876, "researchAndDevelopmentExpenses": 0, "generalAndAdministrativeExpenses": 168156000, "sellingAndMarketingExpenses": 335384000, "sellingGeneralAndAdministrativeExpenses": 503540000, "otherExpenses": -1454950000, "operatingExpenses": -1454950000, "costAndExpenses": 1483758000, "interestIncome": -37485000, "interestExpense": 28809000, "depreciationAndAmortization": 12417000, "ebitda": 457310000, "ebitdaratio": 0.2407092372, "operatingIncome": 444893000, "operatingIncomeRatio": 0.2341734374, "totalOtherIncomeExpensesNet": 56987000, "incomeBeforeTax": 416083000, "incomeBeforeTaxRatio": 0.2190090344, "incomeTaxExpense": 91990000, "netIncome": 324093000, "netIncomeRatio": 0.1705892694, "eps": 7.39, "epsdiluted": 7.37, "weightedAverageShsOut": 43854000, "weightedAverageShsOutDil": 43985000, "link": "https://www.sec.gov/Archives/edgar/data/1475922/000156459019004515/0001564590-19-004515-index.htm", "finalLink": "https://www.sec.gov/Archives/edgar/data/1475922/000156459019004515/pri-10k_20181231.htm", "calculatedOtherExpenses": 721804000, "calculatedOperatingExpenses": 1225344000, "calculatedNetInterest": -66294000, "calculatedOtherIncome": 37484000, "calculatedIncomeNonControlling": 0, "calculatedEbitda": 457310000}, {"date": "2017-12-31", "symbol": "PRI", "reportedCurrency": "USD", "cik": "0001475922", "fillingDate": "2018-02-26", "acceptedDate": "2018-02-26 11:01:59", "calendarYear": "2017", "period": "FY", "revenue": 1689103000, "costOfRevenue": 189300000, "grossProfit": 1499803000, "grossProfitRatio": 0.8879286817, "researchAndDevelopmentExpenses": 0, "generalAndAdministrativeExpenses": 147280000, "sellingAndMarketingExpenses": 297988000, "sellingGeneralAndAdministrativeExpenses": 445268000, "otherExpenses": -1091795000, "operatingExpenses": -1091795000, "costAndExpenses": 1309583000, "interestIncome": -26865000, "interestExpense": 28488000, "depreciationAndAmortization": 13551000, "ebitda": 421559000, "ebitdaratio": 0.2495756623, "operatingIncome": 408008000, "operatingIncomeRatio": 0.241553061, "totalOtherIncomeExpensesNet": 56091000, "incomeBeforeTax": 379519000, "incomeBeforeTaxRatio": 0.2246867124, "incomeTaxExpense": 29265000, "netIncome": 350255000, "netIncomeRatio": 0.2073615404, "eps": 7.63, "epsdiluted": 7.61, "weightedAverageShsOut": 45598180, "weightedAverageShsOutDil": 45689192, "link": "https://www.sec.gov/Archives/edgar/data/1475922/000156459018003151/0001564590-18-003151-index.htm", "finalLink": "https://www.sec.gov/Archives/edgar/data/1475922/000156459018003151/pri-10k_20171231.htm", "calculatedOtherExpenses": 646527000, "calculatedOperatingExpenses": 1091795000, "calculatedNetInterest": -55353000, "calculatedOtherIncome": 26864000, "calculatedIncomeNonControlling": -1000, "calculatedEbitda": 421559000}, {"date": "2016-12-31", "symbol": "PRI", "reportedCurrency": "USD", "cik": "0001475922", "fillingDate": "2017-02-27", "acceptedDate": "2017-02-27 17:19:52", "calendarYear": "2016", "period": "FY", "revenue": 1519084000, "costOfRevenue": 181615000, "grossProfit": 1337469000, "grossProfitRatio": 0.8804443994, "researchAndDevelopmentExpenses": 0, "generalAndAdministrativeExpenses": 132348000, "sellingAndMarketingExpenses": 272815000, "sellingGeneralAndAdministrativeExpenses": 405163000, "otherExpenses": -652795000, "operatingExpenses": 1118055000, "costAndExpenses": 1181489000, "interestIncome": -18880000, "interestExpense": 28691000, "depreciationAndAmortization": 14595000, "ebitda": 380881000, "ebitdaratio": 0.2507307035, "operatingIncome": 219414000, "operatingIncomeRatio": 0.1444383589, "totalOtherIncomeExpensesNet": 50576000, "incomeBeforeTax": 337595000, "incomeBeforeTaxRatio": 0.2222359001, "incomeTaxExpense": 118181000, "netIncome": 219414000, "netIncomeRatio": 0.1444383589, "eps": 4.59, "epsdiluted": 4.59, "weightedAverageShsOut": 47411000, "weightedAverageShsOutDil": 47453000, "link": "https://www.sec.gov/Archives/edgar/data/1475922/000156459017002594/0001564590-17-002594-index.htm", "finalLink": "https://www.sec.gov/Archives/edgar/data/1475922/000156459017002594/pri-10k_20161231.htm", "calculatedOtherExpenses": 712892000, "calculatedOperatingExpenses": 1118055000, "calculatedNetInterest": -47571000, "calculatedOtherIncome": 165752000, "calculatedIncomeNonControlling": 0, "calculatedEbitda": 234009000}, {"date": "2015-12-31", "symbol": "PRI", "reportedCurrency": "USD", "cik": "0001475922", "fillingDate": "2016-02-25", "acceptedDate": "2016-02-25 16:10:27", "calendarYear": "2015", "period": "FY", "revenue": 1405315000, "costOfRevenue": 174363000, "grossProfit": 1230952000, "grossProfitRatio": 0.8759260379, "researchAndDevelopmentExpenses": 0, "generalAndAdministrativeExpenses": 123030000, "sellingAndMarketingExpenses": 274893000, "sellingGeneralAndAdministrativeExpenses": 397923000, "otherExpenses": -617366000, "operatingExpenses": 984427000, "costAndExpenses": 1114334000, "interestIncome": -13048000, "interestExpense": 33507000, "depreciationAndAmortization": 10998000, "ebitda": 335486000, "ebitdaratio": 0.2387265489, "operatingIncome": 179834000, "operatingIncomeRatio": 0.1279670394, "totalOtherIncomeExpensesNet": 43173000, "incomeBeforeTax": 290981000, "incomeBeforeTaxRatio": 0.2070574924, "incomeTaxExpense": 101110000, "netIncome": 189872000, "netIncomeRatio": 0.135109922, "eps": 3.7, "epsdiluted": 3.7, "weightedAverageShsOut": 50881078, "weightedAverageShsOutDil": 50912796, "link": "https://www.sec.gov/Archives/edgar/data/1475922/000156459016013368/0001564590-16-013368-index.htm", "finalLink": "https://www.sec.gov/Archives/edgar/data/1475922/000156459016013368/pri-10k_20151231.htm", "calculatedOtherExpenses": 653195000, "calculatedOperatingExpenses": 1051118000, "calculatedNetInterest": -46555000, "calculatedOtherIncome": 157702000, "calculatedIncomeNonControlling": -1000, "calculatedEbitda": 190832000}, {"date": "2014-12-31", "symbol": "PRI", "reportedCurrency": "USD", "cik": "0001475922", "fillingDate": "2015-02-26", "acceptedDate": "2015-02-26 16:47:21", "calendarYear": "2014", "period": "FY", "revenue": 1340031000, "costOfRevenue": 174363000, "grossProfit": 1165668000, "grossProfitRatio": 0.8698813684, "researchAndDevelopmentExpenses": 0, "generalAndAdministrativeExpenses": 113871000, "sellingAndMarketingExpenses": 268775000, "sellingGeneralAndAdministrativeExpenses": 382646000, "otherExpenses": 0, "operatingExpenses": 985833000, "costAndExpenses": 1064307000, "interestIncome": 0, "interestExpense": 34570000, "depreciationAndAmortization": 12266000, "ebitda": 324136000, "ebitdaratio": 0.2418869414, "operatingIncome": 179834000, "operatingIncomeRatio": 0.134201373, "totalOtherIncomeExpensesNet": 42137000, "incomeBeforeTax": 275723000, "incomeBeforeTaxRatio": 0.2057586727, "incomeTaxExpense": 95888000, "netIncome": 181412000, "netIncomeRatio": 0.1353789577, "eps": 3.29, "epsdiluted": 3.29, "weightedAverageShsOut": 54567006, "weightedAverageShsOutDil": 54598376, "link": "https://www.sec.gov/Archives/edgar/data/1475922/000156459015001024/0001564590-15-001024-index.htm", "finalLink": "https://www.sec.gov/Archives/edgar/data/1475922/000156459015001024/pri-10k_20141231.htm", "calculatedOtherExpenses": 603188000, "calculatedOperatingExpenses": 985834000, "calculatedNetInterest": -34570000, "calculatedOtherIncome": 130459000, "calculatedIncomeNonControlling": -1577000, "calculatedEbitda": 192100000}, {"date": "2013-12-31", "symbol": "PRI", "reportedCurrency": "USD", "cik": "0001475922", "fillingDate": "2014-02-27", "acceptedDate": "2014-02-27 17:21:19", "calendarYear": "2013", "period": "FY", "revenue": 1267450000, "costOfRevenue": 187208000, "grossProfit": 1080242000, "grossProfitRatio": 0.8522955541, "researchAndDevelopmentExpenses": 0, "generalAndAdministrativeExpenses": 103885000, "sellingAndMarketingExpenses": 232237000, "sellingGeneralAndAdministrativeExpenses": 336122000, "otherExpenses": -794026000, "operatingExpenses": -794026000, "costAndExpenses": 1016251000, "interestIncome": 0, "interestExpense": 35018000, "depreciationAndAmortization": 10803000, "ebitda": 297019000, "ebitdaratio": 0.2343437611, "operatingIncome": 286216000, "operatingIncomeRatio": 0.2258203479, "totalOtherIncomeExpensesNet": 42732000, "incomeBeforeTax": 251198000, "incomeBeforeTaxRatio": 0.1981916446, "incomeTaxExpense": 88472000, "netIncome": 162725000, "netIncomeRatio": 0.1283877076, "eps": 2.87, "epsdiluted": 2.83, "weightedAverageShsOut": 55834008, "weightedAverageShsOutDil": 56624865, "link": "https://www.sec.gov/Archives/edgar/data/1475922/000147592214000011/0001475922-14-000011-index.htm", "finalLink": "https://www.sec.gov/Archives/edgar/data/1475922/000147592214000011/pri_10kx12312013.htm", "calculatedOtherExpenses": 457904000, "calculatedOperatingExpenses": 794026000, "calculatedNetInterest": -35018000, "calculatedOtherIncome": 0, "calculatedIncomeNonControlling": 1000, "calculatedEbitda": 297019000}, {"date": "2012-12-31", "symbol": "PRI", "reportedCurrency": "USD", "cik": "0001475922", "fillingDate": "2013-02-27", "acceptedDate": "2013-02-27 17:27:17", "calendarYear": "2012", "period": "FY", "revenue": 1190715000, "costOfRevenue": 164716000, "grossProfit": 1025999000, "grossProfitRatio": 0.8616663097, "researchAndDevelopmentExpenses": 0, "generalAndAdministrativeExpenses": 90894000, "sellingAndMarketingExpenses": 204569000, "sellingGeneralAndAdministrativeExpenses": 295463000, "otherExpenses": -726010000, "operatingExpenses": -726010000, "costAndExpenses": 923827000, "interestIncome": 0, "interestExpense": 33101000, "depreciationAndAmortization": 10095000, "ebitda": 310084000, "ebitdaratio": 0.2604183201, "operatingIncome": 299989000, "operatingIncomeRatio": 0.2519402208, "totalOtherIncomeExpensesNet": 46532000, "incomeBeforeTax": 266888000, "incomeBeforeTaxRatio": 0.2241409573, "incomeTaxExpense": 93082000, "netIncome": 173806000, "netIncomeRatio": 0.1459677589, "eps": 2.77, "epsdiluted": 2.71, "weightedAverageShsOut": 61059000, "weightedAverageShsOutDil": 62401000, "link": "https://www.sec.gov/Archives/edgar/data/1475922/000147592213000004/0001475922-13-000004-index.htm", "finalLink": "https://www.sec.gov/Archives/edgar/data/1475922/000147592213000004/pri_10kx12312012.htm", "calculatedOtherExpenses": 430547000, "calculatedOperatingExpenses": 726010000, "calculatedNetInterest": -33101000, "calculatedOtherIncome": 0, "calculatedIncomeNonControlling": 0, "calculatedEbitda": 310084000}, {"date": "2011-12-31", "symbol": "PRI", "reportedCurrency": "USD", "cik": "0001475922", "fillingDate": "2012-02-28", "acceptedDate": "2012-02-28 17:14:51", "calendarYear": "2011", "period": "FY", "revenue": 1103093000, "costOfRevenue": 165525000, "grossProfit": 937568000, "grossProfitRatio": 0.8499446556, "researchAndDevelopmentExpenses": 0, "generalAndAdministrativeExpenses": 0, "sellingAndMarketingExpenses": 210603000, "sellingGeneralAndAdministrativeExpenses": 210603000, "otherExpenses": -844359000, "operatingExpenses": -633756000, "costAndExpenses": 827249000, "interestIncome": 0, "interestExpense": 27968000, "depreciationAndAmortization": 10731000, "ebitda": 314543000, "ebitdaratio": 0.285146402, "operatingIncome": 303812000, "operatingIncomeRatio": 0.2754183011, "totalOtherIncomeExpensesNet": 48681000, "incomeBeforeTax": 275844000, "incomeBeforeTaxRatio": 0.2500641378, "incomeTaxExpense": 97568000, "netIncome": 178276000, "netIncomeRatio": 0.1616146599, "eps": 2.11, "epsdiluted": 2.08, "weightedAverageShsOut": 72283000, "weightedAverageShsOutDil": 73107000, "link": "https://www.sec.gov/Archives/edgar/data/1475922/000144530512000508/0001445305-12-000508-index.htm", "finalLink": "https://www.sec.gov/Archives/edgar/data/1475922/000144530512000508/pri_10kx12312011.htm", "calculatedOtherExpenses": 423153000, "calculatedOperatingExpenses": 633756000, "calculatedNetInterest": -27968000, "calculatedOtherIncome": 0, "calculatedIncomeNonControlling": 0, "calculatedEbitda": 314543000}, {"date": "2010-12-31", "symbol": "PRI", "reportedCurrency": "USD", "cik": "0001475922", "fillingDate": "2011-03-17", "acceptedDate": "2011-03-17 17:26:48", "calendarYear": "2010", "period": "FY", "revenue": 1361863000, "costOfRevenue": 180779000, "grossProfit": 1181084000, "grossProfitRatio": 0.8672561043, "researchAndDevelopmentExpenses": 0, "generalAndAdministrativeExpenses": 0, "sellingAndMarketingExpenses": 199828000, "sellingGeneralAndAdministrativeExpenses": 199828000, "otherExpenses": -960897000, "operatingExpenses": -761069000, "costAndExpenses": 962720000, "interestIncome": 0, "interestExpense": 20872000, "depreciationAndAmortization": 10063000, "ebitda": 430078000, "ebitdaratio": 0.3158012223, "operatingIncome": 420015000, "operatingIncomeRatio": 0.3084120796, "totalOtherIncomeExpensesNet": 48960000, "incomeBeforeTax": 399143000, "incomeBeforeTaxRatio": 0.2930860153, "incomeTaxExpense": 141365000, "netIncome": 257778000, "netIncomeRatio": 0.1892833567, "eps": 3.09, "epsdiluted": 3.06, "weightedAverageShsOut": 72099000, "weightedAverageShsOutDil": 72882000, "link": "https://www.sec.gov/Archives/edgar/data/1475922/000119312511070177/0001193125-11-070177-index.htm", "finalLink": "https://www.sec.gov/Archives/edgar/data/1475922/000119312511070177/d10k.htm", "calculatedOtherExpenses": 561241000, "calculatedOperatingExpenses": 761069000, "calculatedNetInterest": -20872000, "calculatedOtherIncome": 0, "calculatedIncomeNonControlling": 0, "calculatedEbitda": 430078000}, {"date": "2009-12-31", "symbol": "PRI", "reportedCurrency": "USD", "cik": "0001475922", "fillingDate": "2009-12-31", "acceptedDate": "2009-12-30 19:00:00", "calendarYear": "2009", "period": "FY", "revenue": 2220401000, "costOfRevenue": 0, "grossProfit": 2220401000, "grossProfitRatio": 1, "researchAndDevelopmentExpenses": 0, "generalAndAdministrativeExpenses": 749033000, "sellingAndMarketingExpenses": 197144000, "sellingGeneralAndAdministrativeExpenses": 946177000, "otherExpenses": -2406623000, "operatingExpenses": -1460446000, "costAndExpenses": 1460446000, "interestIncome": 0, "interestExpense": 0, "depreciationAndAmortization": 10342000, "ebitda": 770297000, "ebitdaratio": 0.3469179666, "operatingIncome": 759955000, "operatingIncomeRatio": 0.3422602494, "totalOtherIncomeExpensesNet": 53032000, "incomeBeforeTax": 759955000, "incomeBeforeTaxRatio": 0.3422602494, "incomeTaxExpense": 265366000, "netIncome": 494589000, "netIncomeRatio": 0.2227476028, "eps": 6.59, "epsdiluted": 6.59, "weightedAverageShsOut": 72712625, "weightedAverageShsOutDil": 72712625, "link": "", "finalLink": "", "calculatedOtherExpenses": 514269000, "calculatedOperatingExpenses": 1460446000, "calculatedNetInterest": 0, "calculatedOtherIncome": 0, "calculatedIncomeNonControlling": 0, "calculatedEbitda": 770297000}, {"date": "2008-12-31", "symbol": "PRI", "reportedCurrency": "USD", "cik": "0001475922", "fillingDate": "2008-12-31", "acceptedDate": "2008-12-30 19:00:00", "calendarYear": "2008", "period": "FY", "revenue": 2196944000, "costOfRevenue": 0, "grossProfit": 2196944000, "grossProfitRatio": 1, "researchAndDevelopmentExpenses": 0, "generalAndAdministrativeExpenses": 1079701000, "sellingAndMarketingExpenses": 271952000, "sellingGeneralAndAdministrativeExpenses": 1351653000, "otherExpenses": -3195561000, "operatingExpenses": -1843908000, "costAndExpenses": 1843908000, "interestIncome": 0, "interestExpense": 0, "depreciationAndAmortization": 12938000, "ebitda": 365974000, "ebitdaratio": 0.1665832174, "operatingIncome": 353036000, "operatingIncomeRatio": 0.1606941278, "totalOtherIncomeExpensesNet": 56187000, "incomeBeforeTax": 353036000, "incomeBeforeTaxRatio": 0.1606941278, "incomeTaxExpense": 185354000, "netIncome": 167682000, "netIncomeRatio": 0.0763251134, "eps": 2.24, "epsdiluted": 2.24, "weightedAverageShsOut": 75000000, "weightedAverageShsOutDil": 75000000, "link": "", "finalLink": "", "calculatedOtherExpenses": 492255000, "calculatedOperatingExpenses": 1843908000, "calculatedNetInterest": 0, "calculatedOtherIncome": 0, "calculatedIncomeNonControlling": 0, "calculatedEbitda": 365974000}, {"date": "2007-12-31", "symbol": "PRI", "reportedCurrency": "USD", "cik": "0001475922", "fillingDate": "2007-12-31", "acceptedDate": "2007-12-30 19:00:00", "calendarYear": "2007", "period": "FY", "revenue": 2390338000, "costOfRevenue": 0, "grossProfit": 2390338000, "grossProfitRatio": 1, "researchAndDevelopmentExpenses": 0, "generalAndAdministrativeExpenses": 694948000, "sellingAndMarketingExpenses": 324524000, "sellingGeneralAndAdministrativeExpenses": 1019472000, "otherExpenses": -2496638000, "operatingExpenses": -1477166000, "costAndExpenses": 1477166000, "interestIncome": 0, "interestExpense": 0, "depreciationAndAmortization": 12415000, "ebitda": 925587000, "ebitdaratio": 0.3872201337, "operatingIncome": 913172000, "operatingIncomeRatio": 0.3820263076, "totalOtherIncomeExpensesNet": 41856000, "incomeBeforeTax": 913172000, "incomeBeforeTaxRatio": 0.3820263076, "incomeTaxExpense": 319538000, "netIncome": 593634000, "netIncomeRatio": 0.2483473049, "eps": 7.92, "epsdiluted": 7.92, "weightedAverageShsOut": 75000000, "weightedAverageShsOutDil": 75000000, "link": "", "finalLink": "", "calculatedOtherExpenses": 457694000, "calculatedOperatingExpenses": 1477166000, "calculatedNetInterest": 0, "calculatedOtherIncome": 0, "calculatedIncomeNonControlling": 0, "calculatedEbitda": 925587000}]}