{"originalCurrency": "USD", "convertedCurrency": "USD", "report": [{"date": "2023-12-31", "symbol": "PRK", "reportedCurrency": "USD", "cik": "0000805676", "fillingDate": "2023-12-31", "acceptedDate": "2023-12-29 19:00:00", "calendarYear": "2023", "period": "FY", "revenue": 574693000, "costOfRevenue": 10389000, "grossProfit": 564304000, "grossProfitRatio": 0.9819225221, "researchAndDevelopmentExpenses": 0, "generalAndAdministrativeExpenses": 189141000, "sellingAndMarketingExpenses": 5471000, "sellingGeneralAndAdministrativeExpenses": 194612000, "otherExpenses": -97734000, "operatingExpenses": 97734000, "costAndExpenses": 444627000, "interestIncome": 471670000, "interestExpense": 14104000, "depreciationAndAmortization": 15323000, "ebitda": 15323000, "ebitdaratio": 0.0266629313, "operatingIncome": 255065000, "operatingIncomeRatio": 0.4438282701, "totalOtherIncomeExpensesNet": 153604000, "incomeBeforeTax": 153604000, "incomeBeforeTaxRatio": 0.2672800956, "incomeTaxExpense": 26870000, "netIncome": 126734000, "netIncomeRatio": 0.2205246975, "eps": 7.84, "epsdiluted": 7.8, "weightedAverageShsOut": 16163500, "weightedAverageShsOutDil": 16250019, "link": null, "finalLink": null, "calculatedOtherExpenses": 114627000, "calculatedOperatingExpenses": 309239000, "calculatedNetInterest": 457566000, "calculatedOtherIncome": -559027000, "calculatedIncomeNonControlling": 0, "calculatedEbitda": 270388000}, {"date": "2022-12-31", "symbol": "PRK", "reportedCurrency": "USD", "cik": "0000805676", "fillingDate": "2023-03-01", "acceptedDate": "2023-03-01 16:17:04", "calendarYear": "2022", "period": "FY", "revenue": 482994000, "costOfRevenue": 0, "grossProfit": 482994000, "grossProfitRatio": 1, "researchAndDevelopmentExpenses": 0, "generalAndAdministrativeExpenses": 179202000, "sellingAndMarketingExpenses": 5335000, "sellingGeneralAndAdministrativeExpenses": 184537000, "otherExpenses": -469703000, "operatingExpenses": -285166000, "costAndExpenses": -285166000, "interestIncome": 378247000, "interestExpense": 31188000, "depreciationAndAmortization": 13819000, "ebitda": 211647000, "ebitdaratio": 0.43819799, "operatingIncome": 197828000, "operatingIncomeRatio": 0.4095868686, "totalOtherIncomeExpensesNet": -17369000, "incomeBeforeTax": 180459000, "incomeBeforeTaxRatio": 0.3736257593, "incomeTaxExpense": 32108000, "netIncome": 148351000, "netIncomeRatio": 0.307148743, "eps": 9.13, "epsdiluted": 9.07, "weightedAverageShsOut": 16246009, "weightedAverageShsOutDil": 16365309, "link": "https://www.sec.gov/Archives/edgar/data/805676/000080567623000044/0000805676-23-000044-index.htm", "finalLink": "https://www.sec.gov/Archives/edgar/data/805676/000080567623000044/prk-20221231.htm", "calculatedOtherExpenses": 100629000, "calculatedOperatingExpenses": 285166000, "calculatedNetInterest": 347059000, "calculatedOtherIncome": -364428000, "calculatedIncomeNonControlling": 0, "calculatedEbitda": 211647000}, {"date": "2021-12-31", "symbol": "PRK", "reportedCurrency": "USD", "cik": "0000805676", "fillingDate": "2022-02-24", "acceptedDate": "2022-02-24 16:16:27", "calendarYear": "2021", "period": "FY", "revenue": 459837000, "costOfRevenue": 0, "grossProfit": 459837000, "grossProfitRatio": 1, "researchAndDevelopmentExpenses": 0, "generalAndAdministrativeExpenses": 207183000, "sellingAndMarketingExpenses": 6073000, "sellingGeneralAndAdministrativeExpenses": 213256000, "otherExpenses": -484858000, "operatingExpenses": -271602000, "costAndExpenses": -271602000, "interestIncome": 345853000, "interestExpense": 15960000, "depreciationAndAmortization": 13267000, "ebitda": 201502000, "ebitdaratio": 0.4382031024, "operatingIncome": 188235000, "operatingIncomeRatio": 0.4093515746, "totalOtherIncomeExpensesNet": 188235000, "incomeBeforeTax": 188235000, "incomeBeforeTaxRatio": 0.4093515746, "incomeTaxExpense": 34290000, "netIncome": 153945000, "netIncomeRatio": 0.3347816726, "eps": 9.45, "epsdiluted": 9.37, "weightedAverageShsOut": 16291015, "weightedAverageShsOutDil": 16425206, "link": "https://www.sec.gov/Archives/edgar/data/805676/000080567622000034/0000805676-22-000034-index.htm", "finalLink": "https://www.sec.gov/Archives/edgar/data/805676/000080567622000034/prk-20211231.htm", "calculatedOtherExpenses": 58346000, "calculatedOperatingExpenses": 271602000, "calculatedNetInterest": 329893000, "calculatedOtherIncome": -329893000, "calculatedIncomeNonControlling": 0, "calculatedEbitda": 201502000}, {"date": "2020-12-31", "symbol": "PRK", "reportedCurrency": "USD", "cik": "0000805676", "fillingDate": "2021-02-26", "acceptedDate": "2021-02-26 16:21:15", "calendarYear": "2020", "period": "FY", "revenue": 453294000, "costOfRevenue": 0, "grossProfit": 453294000, "grossProfitRatio": 1, "researchAndDevelopmentExpenses": 0, "generalAndAdministrativeExpenses": 187321000, "sellingAndMarketingExpenses": 5828000, "sellingGeneralAndAdministrativeExpenses": 193149000, "otherExpenses": -491798000, "operatingExpenses": -298649000, "costAndExpenses": -298649000, "interestIncome": 327630000, "interestExpense": 30090000, "depreciationAndAmortization": 10814000, "ebitda": 165459000, "ebitdaratio": 0.3650147586, "operatingIncome": 154645000, "operatingIncomeRatio": 0.341158277, "totalOtherIncomeExpensesNet": 154645000, "incomeBeforeTax": 154645000, "incomeBeforeTaxRatio": 0.341158277, "incomeTaxExpense": 26722000, "netIncome": 127923000, "netIncomeRatio": 0.2822075739, "eps": 7.85, "epsdiluted": 7.8, "weightedAverageShsOut": 16302824, "weightedAverageShsOutDil": 16407502, "link": "https://www.sec.gov/Archives/edgar/data/805676/000080567621000030/0000805676-21-000030-index.htm", "finalLink": "https://www.sec.gov/Archives/edgar/data/805676/000080567621000030/prk-20201231.htm", "calculatedOtherExpenses": 105500000, "calculatedOperatingExpenses": 298649000, "calculatedNetInterest": 297540000, "calculatedOtherIncome": -297540000, "calculatedIncomeNonControlling": 0, "calculatedEbitda": 165459000}, {"date": "2019-12-31", "symbol": "PRK", "reportedCurrency": "USD", "cik": "0000805676", "fillingDate": "2020-02-28", "acceptedDate": "2020-02-28 16:21:02", "calendarYear": "2019", "period": "FY", "revenue": 394930000, "costOfRevenue": 0, "grossProfit": 394930000, "grossProfitRatio": 1, "researchAndDevelopmentExpenses": 0, "generalAndAdministrativeExpenses": 175551000, "sellingAndMarketingExpenses": 5753000, "sellingGeneralAndAdministrativeExpenses": 181304000, "otherExpenses": -451463000, "operatingExpenses": -270159000, "costAndExpenses": -270159000, "interestIncome": 297737000, "interestExpense": 62763000, "depreciationAndAmortization": 9119000, "ebitda": 133890000, "ebitdaratio": 0.3390221052, "operatingIncome": 124771000, "operatingIncomeRatio": 0.3159319373, "totalOtherIncomeExpensesNet": 124771000, "incomeBeforeTax": 124771000, "incomeBeforeTaxRatio": 0.3159319373, "incomeTaxExpense": 22071000, "netIncome": 102700000, "netIncomeRatio": 0.2600460841, "eps": 6.33, "epsdiluted": 6.29, "weightedAverageShsOut": 16234342, "weightedAverageShsOutDil": 16329456, "link": "https://www.sec.gov/Archives/edgar/data/805676/000080567620000040/0000805676-20-000040-index.htm", "finalLink": "https://www.sec.gov/Archives/edgar/data/805676/000080567620000040/prk-20191231.htm", "calculatedOtherExpenses": 88855000, "calculatedOperatingExpenses": 270159000, "calculatedNetInterest": 234974000, "calculatedOtherIncome": -234974000, "calculatedIncomeNonControlling": 0, "calculatedEbitda": 133890000}, {"date": "2018-12-31", "symbol": "PRK", "reportedCurrency": "USD", "cik": "0000805676", "fillingDate": "2019-02-26", "acceptedDate": "2019-02-26 16:20:08", "calendarYear": "2018", "period": "FY", "revenue": 367999000, "costOfRevenue": 0, "grossProfit": 367999000, "grossProfitRatio": 1, "researchAndDevelopmentExpenses": 0, "generalAndAdministrativeExpenses": 152791000, "sellingAndMarketingExpenses": 5144000, "sellingGeneralAndAdministrativeExpenses": 157935000, "otherExpenses": 123065000, "operatingExpenses": 281000000, "costAndExpenses": 281000000, "interestIncome": 310801000, "interestExpense": 43903000, "depreciationAndAmortization": 8585000, "ebitda": 183787000, "ebitdaratio": 0.4994225528, "operatingIncome": 175202000, "operatingIncomeRatio": 0.476093685, "totalOtherIncomeExpensesNet": -43903000, "incomeBeforeTax": 131299000, "incomeBeforeTaxRatio": 0.3567917304, "incomeTaxExpense": 20912000, "netIncome": 110387000, "netIncomeRatio": 0.299965489, "eps": 7.13, "epsdiluted": 7.07, "weightedAverageShsOut": 15488982, "weightedAverageShsOutDil": 15611489, "link": "https://www.sec.gov/Archives/edgar/data/805676/000080567619000040/0000805676-19-000040-index.htm", "finalLink": "https://www.sec.gov/Archives/edgar/data/805676/000080567619000040/prk-20181231x10k.htm", "calculatedOtherExpenses": 34862000, "calculatedOperatingExpenses": 192797000, "calculatedNetInterest": 266898000, "calculatedOtherIncome": -310801000, "calculatedIncomeNonControlling": 0, "calculatedEbitda": 183787000}, {"date": "2017-12-31", "symbol": "PRK", "reportedCurrency": "USD", "cik": "0000805676", "fillingDate": "2018-02-27", "acceptedDate": "2018-02-27 16:17:41", "calendarYear": "2017", "period": "FY", "revenue": 324394000, "costOfRevenue": 0, "grossProfit": 324394000, "grossProfitRatio": 1, "researchAndDevelopmentExpenses": 0, "generalAndAdministrativeExpenses": 130525000, "sellingAndMarketingExpenses": 4374000, "sellingGeneralAndAdministrativeExpenses": 134899000, "otherExpenses": 119101000, "operatingExpenses": 254000000, "costAndExpenses": 254000000, "interestIncome": 286424000, "interestExpense": 42665000, "depreciationAndAmortization": 8644000, "ebitda": 169778000, "ebitdaratio": 0.5233697294, "operatingIncome": 161134000, "operatingIncomeRatio": 0.4967231206, "totalOtherIncomeExpensesNet": -42665000, "incomeBeforeTax": 118469000, "incomeBeforeTaxRatio": 0.3652009593, "incomeTaxExpense": 34227000, "netIncome": 84242000, "netIncomeRatio": 0.2596903765, "eps": 5.51, "epsdiluted": 5.47, "weightedAverageShsOut": 15295573, "weightedAverageShsOutDil": 15390352, "link": "https://www.sec.gov/Archives/edgar/data/805676/000080567618000048/0000805676-18-000048-index.htm", "finalLink": "https://www.sec.gov/Archives/edgar/data/805676/000080567618000048/prk-20171231x10k.htm", "calculatedOtherExpenses": 28361000, "calculatedOperatingExpenses": 163260000, "calculatedNetInterest": 243759000, "calculatedOtherIncome": -286424000, "calculatedIncomeNonControlling": 0, "calculatedEbitda": 169778000}, {"date": "2016-12-31", "symbol": "PRK", "reportedCurrency": "USD", "cik": "0000805676", "fillingDate": "2017-02-21", "acceptedDate": "2017-02-21 16:18:15", "calendarYear": "2016", "period": "FY", "revenue": 316817000, "costOfRevenue": 0, "grossProfit": 316817000, "grossProfitRatio": 1, "researchAndDevelopmentExpenses": 0, "generalAndAdministrativeExpenses": 122714000, "sellingAndMarketingExpenses": 4523000, "sellingGeneralAndAdministrativeExpenses": 127237000, "otherExpenses": 109763000, "operatingExpenses": 237000000, "costAndExpenses": 237000000, "interestIncome": 276258000, "interestExpense": 38172000, "depreciationAndAmortization": 8396000, "ebitda": 169463000, "ebitdaratio": 0.5348923827, "operatingIncome": 161067000, "operatingIncomeRatio": 0.5083912795, "totalOtherIncomeExpensesNet": -38172000, "incomeBeforeTax": 122895000, "incomeBeforeTaxRatio": 0.3879053207, "incomeTaxExpense": 36760000, "netIncome": 86135000, "netIncomeRatio": 0.2718761935, "eps": 5.62, "epsdiluted": 5.59, "weightedAverageShsOut": 15332553, "weightedAverageShsOutDil": 15405160, "link": "https://www.sec.gov/Archives/edgar/data/805676/000080567617000028/0000805676-17-000028-index.htm", "finalLink": "https://www.sec.gov/Archives/edgar/data/805676/000080567617000028/prk-20161231x10k.htm", "calculatedOtherExpenses": 28513000, "calculatedOperatingExpenses": 155750000, "calculatedNetInterest": 238086000, "calculatedOtherIncome": -276258000, "calculatedIncomeNonControlling": 0, "calculatedEbitda": 169463000}, {"date": "2015-12-31", "symbol": "PRK", "reportedCurrency": "USD", "cik": "0000805676", "fillingDate": "2016-02-18", "acceptedDate": "2016-02-18 16:24:35", "calendarYear": "2015", "period": "FY", "revenue": 305183000, "costOfRevenue": 0, "grossProfit": 305183000, "grossProfitRatio": 1, "researchAndDevelopmentExpenses": 0, "generalAndAdministrativeExpenses": 123281000, "sellingAndMarketingExpenses": 3983000, "sellingGeneralAndAdministrativeExpenses": 127264000, "otherExpenses": 101736000, "operatingExpenses": 229000000, "costAndExpenses": 229000000, "interestIncome": 265074000, "interestExpense": 37442000, "depreciationAndAmortization": 7347000, "ebitda": 158368000, "ebitdaratio": 0.5189279875, "operatingIncome": 151021000, "operatingIncomeRatio": 0.4948539073, "totalOtherIncomeExpensesNet": -37442000, "incomeBeforeTax": 113579000, "incomeBeforeTaxRatio": 0.3721668638, "incomeTaxExpense": 32567000, "netIncome": 81012000, "netIncomeRatio": 0.2654538424, "eps": 5.27, "epsdiluted": 5.26, "weightedAverageShsOut": 15364281, "weightedAverageShsOutDil": 15404740, "link": "https://www.sec.gov/Archives/edgar/data/805676/000080567616000144/0000805676-16-000144-index.htm", "finalLink": "https://www.sec.gov/Archives/edgar/data/805676/000080567616000144/prk-20151231x10k.htm", "calculatedOtherExpenses": 26898000, "calculatedOperatingExpenses": 154162000, "calculatedNetInterest": 227632000, "calculatedOtherIncome": -265074000, "calculatedIncomeNonControlling": 0, "calculatedEbitda": 158368000}, {"date": "2014-12-31", "symbol": "PRK", "reportedCurrency": "USD", "cik": "0000805676", "fillingDate": "2015-02-24", "acceptedDate": "2015-02-24 09:06:23", "calendarYear": "2014", "period": "FY", "revenue": 300593000, "costOfRevenue": 0, "grossProfit": 300593000, "grossProfitRatio": 1, "researchAndDevelopmentExpenses": 0, "generalAndAdministrativeExpenses": 117671000, "sellingAndMarketingExpenses": 4371000, "sellingGeneralAndAdministrativeExpenses": 122042000, "otherExpenses": 97958000, "operatingExpenses": 220000000, "costAndExpenses": 220000000, "interestIncome": 265143000, "interestExpense": 40099000, "depreciationAndAmortization": 7243000, "ebitda": 160034000, "ebitdaratio": 0.5323943006, "operatingIncome": 152791000, "operatingIncomeRatio": 0.5082985964, "totalOtherIncomeExpensesNet": -40099000, "incomeBeforeTax": 112692000, "incomeBeforeTaxRatio": 0.3748989497, "incomeTaxExpense": 28602000, "netIncome": 84090000, "netIncomeRatio": 0.2797470334, "eps": 5.46, "epsdiluted": 5.46, "weightedAverageShsOut": 15394971, "weightedAverageShsOutDil": 15413832, "link": "https://www.sec.gov/Archives/edgar/data/805676/000080567615000035/0000805676-15-000035-index.htm", "finalLink": "https://www.sec.gov/Archives/edgar/data/805676/000080567615000035/prk-20141231x10k.htm", "calculatedOtherExpenses": 25760000, "calculatedOperatingExpenses": 147802000, "calculatedNetInterest": 225044000, "calculatedOtherIncome": -265143000, "calculatedIncomeNonControlling": 0, "calculatedEbitda": 160034000}, {"date": "2013-12-31", "symbol": "PRK", "reportedCurrency": "USD", "cik": "0000805676", "fillingDate": "2014-02-25", "acceptedDate": "2014-02-25 16:11:56", "calendarYear": "2013", "period": "FY", "revenue": 294302000, "costOfRevenue": 0, "grossProfit": 294302000, "grossProfitRatio": 1, "researchAndDevelopmentExpenses": 0, "generalAndAdministrativeExpenses": 115467000, "sellingAndMarketingExpenses": 3790000, "sellingGeneralAndAdministrativeExpenses": 119257000, "otherExpenses": 107743000, "operatingExpenses": 227000000, "costAndExpenses": 227000000, "interestIncome": 262947000, "interestExpense": 41922000, "depreciationAndAmortization": 7652000, "ebitda": 151932000, "ebitdaratio": 0.5162452175, "operatingIncome": 144280000, "operatingIncomeRatio": 0.4902447146, "totalOtherIncomeExpensesNet": -41922000, "incomeBeforeTax": 102358000, "incomeBeforeTaxRatio": 0.3477991995, "incomeTaxExpense": 25131000, "netIncome": 77227000, "netIncomeRatio": 0.2624073231, "eps": 5.01, "epsdiluted": 5.01, "weightedAverageShsOut": 15412365, "weightedAverageShsOutDil": 15412365, "link": "https://www.sec.gov/Archives/edgar/data/805676/000080567614000010/0000805676-14-000010-index.htm", "finalLink": "https://www.sec.gov/Archives/edgar/data/805676/000080567614000010/prk-20131231x10k.htm", "calculatedOtherExpenses": 30765000, "calculatedOperatingExpenses": 150022000, "calculatedNetInterest": 221025000, "calculatedOtherIncome": -262947000, "calculatedIncomeNonControlling": 0, "calculatedEbitda": 151932000}, {"date": "2012-12-31", "symbol": "PRK", "reportedCurrency": "USD", "cik": "0000805676", "fillingDate": "2013-02-26", "acceptedDate": "2013-02-26 16:07:59", "calendarYear": "2012", "period": "FY", "revenue": 305551000, "costOfRevenue": 0, "grossProfit": 305551000, "grossProfitRatio": 1, "researchAndDevelopmentExpenses": 0, "generalAndAdministrativeExpenses": 111656000, "sellingAndMarketingExpenses": 3474000, "sellingGeneralAndAdministrativeExpenses": 115130000, "otherExpenses": 158870000, "operatingExpenses": 274000000, "costAndExpenses": 274000000, "interestIncome": 285735000, "interestExpense": 50420000, "depreciationAndAmortization": 9126000, "ebitda": 163877000, "ebitdaratio": 0.5363327235, "operatingIncome": 154751000, "operatingIncomeRatio": 0.5064653691, "totalOtherIncomeExpensesNet": -50420000, "incomeBeforeTax": 104331000, "incomeBeforeTaxRatio": 0.3414519998, "incomeTaxExpense": 25701000, "netIncome": 78630000, "netIncomeRatio": 0.2573383821, "eps": 4.88, "epsdiluted": 4.88, "weightedAverageShsOut": 15407078, "weightedAverageShsOutDil": 15408141, "link": "https://www.sec.gov/Archives/edgar/data/805676/000080567613000024/0000805676-13-000024-index.htm", "finalLink": "https://www.sec.gov/Archives/edgar/data/805676/000080567613000024/prk-20121231x10k.htm", "calculatedOtherExpenses": 35670000, "calculatedOperatingExpenses": 150800000, "calculatedNetInterest": 235315000, "calculatedOtherIncome": -285735000, "calculatedIncomeNonControlling": 0, "calculatedEbitda": 163877000}, {"date": "2011-12-31", "symbol": "PRK", "reportedCurrency": "USD", "cik": "0000805676", "fillingDate": "2012-02-29", "acceptedDate": "2012-02-29 16:57:05", "calendarYear": "2011", "period": "FY", "revenue": 302063000, "costOfRevenue": 0, "grossProfit": 302063000, "grossProfitRatio": 1, "researchAndDevelopmentExpenses": 0, "generalAndAdministrativeExpenses": 102068000, "sellingAndMarketingExpenses": 2967000, "sellingGeneralAndAdministrativeExpenses": 102068000, "otherExpenses": 185575000, "operatingExpenses": 310000000, "costAndExpenses": 254053000, "interestIncome": 331880000, "interestExpense": 58646000, "depreciationAndAmortization": 11117000, "ebitda": 186318000, "ebitdaratio": 0.6168183458, "operatingIncome": 175201000, "operatingIncomeRatio": 0.5800147651, "totalOtherIncomeExpensesNet": -54646000, "incomeBeforeTax": 120555000, "incomeBeforeTaxRatio": 0.3991054846, "incomeTaxExpense": 35815000, "netIncome": 84740000, "netIncomeRatio": 0.2805375038, "eps": 5.12, "epsdiluted": 5.12, "weightedAverageShsOut": 15400155, "weightedAverageShsOutDil": 15401446, "link": "https://www.sec.gov/Archives/edgar/data/805676/000114420412012083/0001144204-12-012083-index.htm", "finalLink": "https://www.sec.gov/Archives/edgar/data/805676/000114420412012083/v243873_10k.htm", "calculatedOtherExpenses": 24794000, "calculatedOperatingExpenses": 126862000, "calculatedNetInterest": 273234000, "calculatedOtherIncome": -327880000, "calculatedIncomeNonControlling": 0, "calculatedEbitda": 186318000}, {"date": "2010-12-31", "symbol": "PRK", "reportedCurrency": "USD", "cik": "0000805676", "fillingDate": "2011-02-28", "acceptedDate": "2011-02-28 16:47:28", "calendarYear": "2010", "period": "FY", "revenue": 351540000, "costOfRevenue": 0, "grossProfit": 351540000, "grossProfitRatio": 1, "researchAndDevelopmentExpenses": 0, "generalAndAdministrativeExpenses": 98315000, "sellingAndMarketingExpenses": 3656000, "sellingGeneralAndAdministrativeExpenses": 98315000, "otherExpenses": 219499000, "operatingExpenses": 346000000, "costAndExpenses": 346000000, "interestIncome": 345517000, "interestExpense": 71473000, "depreciationAndAmortization": 10548000, "ebitda": 181552000, "ebitdaratio": 0.5164476304, "operatingIncome": 171004000, "operatingIncomeRatio": 0.4864425101, "totalOtherIncomeExpensesNet": -71473000, "incomeBeforeTax": 99531000, "incomeBeforeTaxRatio": 0.2831285202, "incomeTaxExpense": 25314000, "netIncome": 74217000, "netIncomeRatio": 0.211119645, "eps": 4.51, "epsdiluted": 4.51, "weightedAverageShsOut": 15152692, "weightedAverageShsOutDil": 15155735, "link": "https://www.sec.gov/Archives/edgar/data/805676/000114420411011555/0001144204-11-011555-index.htm", "finalLink": "https://www.sec.gov/Archives/edgar/data/805676/000114420411011555/v211720_10k.htm", "calculatedOtherExpenses": 82221000, "calculatedOperatingExpenses": 180536000, "calculatedNetInterest": 274044000, "calculatedOtherIncome": -345517000, "calculatedIncomeNonControlling": 0, "calculatedEbitda": 181552000}, {"date": "2009-12-31", "symbol": "PRK", "reportedCurrency": "USD", "cik": "0000805676", "fillingDate": "2010-02-24", "acceptedDate": "2010-02-24 15:23:40", "calendarYear": "2009", "period": "FY", "revenue": 280831000, "costOfRevenue": 0, "grossProfit": 280831000, "grossProfitRatio": 1, "researchAndDevelopmentExpenses": 0, "generalAndAdministrativeExpenses": 101225000, "sellingAndMarketingExpenses": 3775000, "sellingGeneralAndAdministrativeExpenses": 101225000, "otherExpenses": 222351000, "operatingExpenses": 352000000, "costAndExpenses": 278150000, "interestIncome": 367690000, "interestExpense": 94199000, "depreciationAndAmortization": 11219000, "ebitda": 202553000, "ebitdaratio": 0.721262966, "operatingIncome": 191334000, "operatingIncomeRatio": 0.6813136726, "totalOtherIncomeExpensesNet": -94199000, "incomeBeforeTax": 97135000, "incomeBeforeTaxRatio": 0.3458841795, "incomeTaxExpense": 22943000, "netIncome": 74192000, "netIncomeRatio": 0.2641873582, "eps": 4.82, "epsdiluted": 4.82, "weightedAverageShsOut": 14206335, "weightedAverageShsOutDil": 14206335, "link": "https://www.sec.gov/Archives/edgar/data/805676/000095012310016312/0000950123-10-016312-index.htm", "finalLink": "https://www.sec.gov/Archives/edgar/data/805676/000095012310016312/c96675e10vk.htm", "calculatedOtherExpenses": -11728000, "calculatedOperatingExpenses": 89497000, "calculatedNetInterest": 273491000, "calculatedOtherIncome": -367690000, "calculatedIncomeNonControlling": 0, "calculatedEbitda": 202553000}, {"date": "2008-12-31", "symbol": "PRK", "reportedCurrency": "USD", "cik": "0000805676", "fillingDate": "2009-02-25", "acceptedDate": "2009-02-25 17:15:55", "calendarYear": "2008", "period": "FY", "revenue": 256988000, "costOfRevenue": 0, "grossProfit": 256988000, "grossProfitRatio": 1, "researchAndDevelopmentExpenses": 0, "generalAndAdministrativeExpenses": 99018000, "sellingAndMarketingExpenses": 4525000, "sellingGeneralAndAdministrativeExpenses": 99018000, "otherExpenses": 319847000, "operatingExpenses": 440000000, "costAndExpenses": 356281000, "interestIncome": 391339000, "interestExpense": 135466000, "depreciationAndAmortization": 11542000, "ebitda": 182727000, "ebitdaratio": 0.7110332, "operatingIncome": 171185000, "operatingIncomeRatio": 0.6661205971, "totalOtherIncomeExpensesNet": -135466000, "incomeBeforeTax": 35719000, "incomeBeforeTaxRatio": 0.1389909256, "incomeTaxExpense": 22011000, "netIncome": 13708000, "netIncomeRatio": 0.053341012, "eps": 0.97, "epsdiluted": 0.97, "weightedAverageShsOut": 13965219, "weightedAverageShsOutDil": 13965333, "link": "https://www.sec.gov/Archives/edgar/data/805676/000136231009002764/0001362310-09-002764-index.htm", "finalLink": "https://www.sec.gov/Archives/edgar/data/805676/000136231009002764/c81592e10vk.htm", "calculatedOtherExpenses": -13215000, "calculatedOperatingExpenses": 85803000, "calculatedNetInterest": 255873000, "calculatedOtherIncome": -391339000, "calculatedIncomeNonControlling": 0, "calculatedEbitda": 182727000}, {"date": "2007-12-31", "symbol": "PRK", "reportedCurrency": "USD", "cik": "0000805676", "fillingDate": "2008-02-29", "acceptedDate": "2008-02-29 16:06:20", "calendarYear": "2007", "period": "FY", "revenue": 306317000, "costOfRevenue": 0, "grossProfit": 306317000, "grossProfitRatio": 1, "researchAndDevelopmentExpenses": 0, "generalAndAdministrativeExpenses": 97712000, "sellingAndMarketingExpenses": 4961000, "sellingGeneralAndAdministrativeExpenses": 102673000, "otherExpenses": 318327000, "operatingExpenses": 421000000, "costAndExpenses": 421000000, "interestIncome": 401824000, "interestExpense": 167147000, "depreciationAndAmortization": 4392000, "ebitda": 224216000, "ebitdaratio": 0.7319737396, "operatingIncome": 219824000, "operatingIncomeRatio": 0.717635652, "totalOtherIncomeExpensesNet": -167147000, "incomeBeforeTax": 52677000, "incomeBeforeTaxRatio": 0.171968908, "incomeTaxExpense": 29970000, "netIncome": 22707000, "netIncomeRatio": 0.0741290885, "eps": 1.6, "epsdiluted": 1.6, "weightedAverageShsOut": 14212805, "weightedAverageShsOutDil": 14217483, "link": "https://www.sec.gov/Archives/edgar/data/805676/000095015208001570/0000950152-08-001570-index.htm", "finalLink": "https://www.sec.gov/Archives/edgar/data/805676/000095015208001570/l30297ae10vk.htm", "calculatedOtherExpenses": -16180000, "calculatedOperatingExpenses": 86493000, "calculatedNetInterest": 234677000, "calculatedOtherIncome": -401824000, "calculatedIncomeNonControlling": 0, "calculatedEbitda": 224216000}, {"date": "2006-12-31", "symbol": "PRK", "reportedCurrency": "USD", "cik": "0000805676", "fillingDate": "2007-02-28", "acceptedDate": "2007-02-28 13:43:36", "calendarYear": "2006", "period": "FY", "revenue": 278006000, "costOfRevenue": 0, "grossProfit": 278006000, "grossProfitRatio": 1, "researchAndDevelopmentExpenses": 0, "generalAndAdministrativeExpenses": 80227000, "sellingAndMarketingExpenses": 4438000, "sellingGeneralAndAdministrativeExpenses": 84665000, "otherExpenses": 181335000, "operatingExpenses": 266000000, "costAndExpenses": 266000000, "interestIncome": 334559000, "interestExpense": 121315000, "depreciationAndAmortization": 3652000, "ebitda": 258044000, "ebitdaratio": 0.9281957943, "operatingIncome": 254392000, "operatingIncomeRatio": 0.9150593872, "totalOtherIncomeExpensesNet": -121315000, "incomeBeforeTax": 133077000, "incomeBeforeTaxRatio": 0.4786839133, "incomeTaxExpense": 38986000, "netIncome": 94091000, "netIncomeRatio": 0.3384495299, "eps": 6.75, "epsdiluted": 6.74, "weightedAverageShsOut": 13939407, "weightedAverageShsOutDil": 13960089, "link": "https://www.sec.gov/Archives/edgar/data/805676/000095015207001594/0000950152-07-001594-index.htm", "finalLink": "https://www.sec.gov/Archives/edgar/data/805676/000095015207001594/l24860ae10vk.htm", "calculatedOtherExpenses": -61051000, "calculatedOperatingExpenses": 23614000, "calculatedNetInterest": 213244000, "calculatedOtherIncome": -334559000, "calculatedIncomeNonControlling": 0, "calculatedEbitda": 258044000}, {"date": "2005-12-31", "symbol": "PRK", "reportedCurrency": "USD", "cik": "0000805676", "fillingDate": "2006-03-09", "acceptedDate": "2006-03-09 15:50:49", "calendarYear": "2005", "period": "FY", "revenue": 280269000, "costOfRevenue": 0, "grossProfit": 280269000, "grossProfitRatio": 1, "researchAndDevelopmentExpenses": 0, "generalAndAdministrativeExpenses": 78498000, "sellingAndMarketingExpenses": 4197000, "sellingGeneralAndAdministrativeExpenses": 82695000, "otherExpenses": 156305000, "operatingExpenses": 239000000, "costAndExpenses": 239000000, "interestIncome": 314459000, "interestExpense": 93895000, "depreciationAndAmortization": -1261000, "ebitda": 228058000, "ebitdaratio": 0.8137111133, "operatingIncome": 229319000, "operatingIncomeRatio": 0.8182103622, "totalOtherIncomeExpensesNet": -93895000, "incomeBeforeTax": 135424000, "incomeBeforeTaxRatio": 0.4831929325, "incomeTaxExpense": 40186000, "netIncome": 95238000, "netIncomeRatio": 0.3398092547, "eps": 6.68, "epsdiluted": 6.64, "weightedAverageShsOut": 14257186, "weightedAverageShsOutDil": 14343072, "link": "https://www.sec.gov/Archives/edgar/data/805676/000095015206001906/0000950152-06-001906-index.htm", "finalLink": "https://www.sec.gov/Archives/edgar/data/805676/000095015206001906/l18755ae10vk.htm", "calculatedOtherExpenses": -31745000, "calculatedOperatingExpenses": 50950000, "calculatedNetInterest": 220564000, "calculatedOtherIncome": -314459000, "calculatedIncomeNonControlling": 0, "calculatedEbitda": 228058000}, {"date": "2004-12-31", "symbol": "PRK", "reportedCurrency": "USD", "cik": "0000805676", "fillingDate": "2005-03-11", "acceptedDate": "2005-03-11 10:07:17", "calendarYear": "2004", "period": "FY", "revenue": 264139000, "costOfRevenue": 0, "grossProfit": 264139000, "grossProfitRatio": 1, "researchAndDevelopmentExpenses": 0, "generalAndAdministrativeExpenses": 71464000, "sellingAndMarketingExpenses": 3972000, "sellingGeneralAndAdministrativeExpenses": 75436000, "otherExpenses": -151624000, "operatingExpenses": -76188000, "costAndExpenses": -76188000, "interestIncome": 270993000, "interestExpense": 58702000, "depreciationAndAmortization": 3579000, "ebitda": 191530000, "ebitdaratio": 0.7251106425, "operatingIncome": 187951000, "operatingIncomeRatio": 0.7115609584, "totalOtherIncomeExpensesNet": -58702000, "incomeBeforeTax": 129249000, "incomeBeforeTaxRatio": 0.4893219101, "incomeTaxExpense": 37742000, "netIncome": 91507000, "netIncomeRatio": 0.346435021, "eps": 6.38, "epsdiluted": 6.32, "weightedAverageShsOut": 14342790, "weightedAverageShsOutDil": 14478956, "link": "https://www.sec.gov/Archives/edgar/data/805676/000095015205001979/0000950152-05-001979-index.htm", "finalLink": "https://www.sec.gov/Archives/edgar/data/805676/000095015205001979/l12650ae10vk.txt", "calculatedOtherExpenses": 752000, "calculatedOperatingExpenses": 76188000, "calculatedNetInterest": 212291000, "calculatedOtherIncome": -270993000, "calculatedIncomeNonControlling": 0, "calculatedEbitda": 191530000}, {"date": "2003-12-31", "symbol": "PRK", "reportedCurrency": "USD", "cik": "0000805676", "fillingDate": "2004-03-11", "acceptedDate": "2004-03-11 14:31:25", "calendarYear": "2003", "period": "FY", "revenue": 258160000, "costOfRevenue": 0, "grossProfit": 258160000, "grossProfitRatio": 1, "researchAndDevelopmentExpenses": 0, "generalAndAdministrativeExpenses": 68093000, "sellingAndMarketingExpenses": 3585000, "sellingGeneralAndAdministrativeExpenses": 71678000, "otherExpenses": -144657000, "operatingExpenses": -72979000, "costAndExpenses": -72979000, "interestIncome": 264629000, "interestExpense": 61992000, "depreciationAndAmortization": 4094000, "ebitda": 189275000, "ebitdaratio": 0.7331693523, "operatingIncome": 185181000, "operatingIncomeRatio": 0.7173109699, "totalOtherIncomeExpensesNet": -61992000, "incomeBeforeTax": 123189000, "incomeBeforeTaxRatio": 0.4771808181, "incomeTaxExpense": 36311000, "netIncome": 86878000, "netIncomeRatio": 0.3365277347, "eps": 6.01, "epsdiluted": 5.97, "weightedAverageShsOut": 14456719, "weightedAverageShsOutDil": 14548947, "link": "https://www.sec.gov/Archives/edgar/data/805676/000095015204001815/0000950152-04-001815-index.htm", "finalLink": "https://www.sec.gov/Archives/edgar/data/805676/000095015204001815/l05789ae10vk.txt", "calculatedOtherExpenses": 1301000, "calculatedOperatingExpenses": 72979000, "calculatedNetInterest": 202637000, "calculatedOtherIncome": -264629000, "calculatedIncomeNonControlling": 0, "calculatedEbitda": 189275000}, {"date": "2002-12-31", "symbol": "PRK", "reportedCurrency": "USD", "cik": "0000805676", "fillingDate": "2003-03-26", "acceptedDate": "2003-03-26 14:06:11", "calendarYear": "2002", "period": "FY", "revenue": 256182000, "costOfRevenue": 0, "grossProfit": 256182000, "grossProfitRatio": 1, "researchAndDevelopmentExpenses": 0, "generalAndAdministrativeExpenses": 65464000, "sellingAndMarketingExpenses": 3512000, "sellingGeneralAndAdministrativeExpenses": 68976000, "otherExpenses": -121395000, "operatingExpenses": -52419000, "costAndExpenses": -52419000, "interestIncome": 287920000, "interestExpense": 82588000, "depreciationAndAmortization": 6597000, "ebitda": 210360000, "ebitdaratio": 0.8211349744, "operatingIncome": 203763000, "operatingIncomeRatio": 0.7953837506, "totalOtherIncomeExpensesNet": -82588000, "incomeBeforeTax": 121175000, "incomeBeforeTaxRatio": 0.4730035678, "incomeTaxExpense": 35596000, "netIncome": 85579000, "netIncomeRatio": 0.3340554762, "eps": 5.88, "epsdiluted": 5.86, "weightedAverageShsOut": 14563687, "weightedAverageShsOutDil": 14611049, "link": "https://www.sec.gov/Archives/edgar/data/805676/000095015203003448/0000950152-03-003448-index.htm", "finalLink": "https://www.sec.gov/Archives/edgar/data/805676/000095015203003448/l99435ae10vk.txt", "calculatedOtherExpenses": -16557000, "calculatedOperatingExpenses": 52419000, "calculatedNetInterest": 205332000, "calculatedOtherIncome": -287920000, "calculatedIncomeNonControlling": 0, "calculatedEbitda": 210360000}, {"date": "2001-12-31", "symbol": "PRK", "reportedCurrency": "USD", "cik": "0000805676", "fillingDate": "2002-03-22", "acceptedDate": "2002-03-22 00:00:00", "calendarYear": "2001", "period": "FY", "revenue": 238182000, "costOfRevenue": 0, "grossProfit": 238182000, "grossProfitRatio": 1, "researchAndDevelopmentExpenses": 0, "generalAndAdministrativeExpenses": 60042000, "sellingAndMarketingExpenses": 3371000, "sellingGeneralAndAdministrativeExpenses": 63413000, "otherExpenses": -63275000, "operatingExpenses": 138000, "costAndExpenses": 138000, "interestIncome": 320348000, "interestExpense": 127404000, "depreciationAndAmortization": 5957000, "ebitda": 244277000, "ebitdaratio": 1.0255896751, "operatingIncome": 238320000, "operatingIncomeRatio": 1.0005793889, "totalOtherIncomeExpensesNet": -127404000, "incomeBeforeTax": 110916000, "incomeBeforeTaxRatio": 0.4656775071, "incomeTaxExpense": 32554000, "netIncome": 78362000, "netIncomeRatio": 0.3290005122, "eps": 5.32, "epsdiluted": 5.31, "weightedAverageShsOut": 14729699, "weightedAverageShsOutDil": 14757439, "link": "https://www.sec.gov/Archives/edgar/data/805676/000095015202002124/0000950152-02-002124-index.htm", "finalLink": "https://www.sec.gov/Archives/edgar/data/805676/000095015202002124/l93142ae10-k.txt", "calculatedOtherExpenses": -63551000, "calculatedOperatingExpenses": -138000, "calculatedNetInterest": 192944000, "calculatedOtherIncome": -320348000, "calculatedIncomeNonControlling": 0, "calculatedEbitda": 244277000}, {"date": "2000-12-31", "symbol": "PRK", "reportedCurrency": "USD", "cik": "0000805676", "fillingDate": "2001-03-20", "acceptedDate": "2001-03-20 00:00:00", "calendarYear": "2000", "period": "FY", "revenue": 168586000, "costOfRevenue": 0, "grossProfit": 168586000, "grossProfitRatio": 1, "researchAndDevelopmentExpenses": 0, "generalAndAdministrativeExpenses": 43523000, "sellingAndMarketingExpenses": 2719000, "sellingGeneralAndAdministrativeExpenses": 46242000, "otherExpenses": -27453000, "operatingExpenses": 18789000, "costAndExpenses": 18789000, "interestIncome": 249332000, "interestExpense": 110437000, "depreciationAndAmortization": 6335000, "ebitda": 193710000, "ebitdaratio": 1.1490277959, "operatingIncome": 187375000, "operatingIncomeRatio": 1.1114505356, "totalOtherIncomeExpensesNet": -110437000, "incomeBeforeTax": 76938000, "incomeBeforeTaxRatio": 0.4563724153, "incomeTaxExpense": 21533000, "netIncome": 55405000, "netIncomeRatio": 0.3286453205, "eps": 4.59, "epsdiluted": 4.58, "weightedAverageShsOut": 11389116, "weightedAverageShsOutDil": 11425276, "link": "https://www.sec.gov/Archives/edgar/data/805676/000095015201500531/0000950152-01-500531-index.htm", "finalLink": "https://www.sec.gov/Archives/edgar/data/805676/000095015201500531/l86956ae10-k405.txt", "calculatedOtherExpenses": -65031000, "calculatedOperatingExpenses": -18789000, "calculatedNetInterest": 138895000, "calculatedOtherIncome": -249332000, "calculatedIncomeNonControlling": 0, "calculatedEbitda": 193710000}, {"date": "1999-12-31", "symbol": "PRK", "reportedCurrency": "USD", "cik": "0000805676", "fillingDate": "2000-03-24", "acceptedDate": "2000-03-24 00:00:00", "calendarYear": "1999", "period": "FY", "revenue": 138900000, "costOfRevenue": 0, "grossProfit": 138900000, "grossProfitRatio": 1, "researchAndDevelopmentExpenses": 0, "generalAndAdministrativeExpenses": 34900000, "sellingAndMarketingExpenses": 2300000, "sellingGeneralAndAdministrativeExpenses": 37200000, "otherExpenses": -35600000, "operatingExpenses": 1600000, "costAndExpenses": 1600000, "interestIncome": 191900000, "interestExpense": 76100000, "depreciationAndAmortization": 4900000, "ebitda": 145400000, "ebitdaratio": 1.0467962563, "operatingIncome": 140500000, "operatingIncomeRatio": 1.0115190785, "totalOtherIncomeExpensesNet": -76100000, "incomeBeforeTax": 64400000, "incomeBeforeTaxRatio": 0.4636429086, "incomeTaxExpense": 18700000, "netIncome": 45700000, "netIncomeRatio": 0.3290136789, "eps": 4.1, "epsdiluted": 4.08, "weightedAverageShsOut": 10243767, "weightedAverageShsOutDil": 10272065, "link": "https://www.sec.gov/Archives/edgar/data/805676/000095015200002090/0000950152-00-002090-index.htm", "finalLink": "https://www.sec.gov/Archives/edgar/data/805676/000095015200002090/", "calculatedOtherExpenses": -38800000, "calculatedOperatingExpenses": -1600000, "calculatedNetInterest": 115800000, "calculatedOtherIncome": -191900000, "calculatedIncomeNonControlling": 0, "calculatedEbitda": 145400000}, {"date": "1998-12-31", "symbol": "PRK", "reportedCurrency": "USD", "cik": "0000805676", "fillingDate": "1999-03-19", "acceptedDate": "1999-03-19 00:00:00", "calendarYear": "1998", "period": "FY", "revenue": 131700000, "costOfRevenue": 0, "grossProfit": 131700000, "grossProfitRatio": 1, "researchAndDevelopmentExpenses": 0, "generalAndAdministrativeExpenses": 31700000, "sellingAndMarketingExpenses": 2200000, "sellingGeneralAndAdministrativeExpenses": 33900000, "otherExpenses": -26800000, "operatingExpenses": 7100000, "costAndExpenses": 7100000, "interestIncome": 186000000, "interestExpense": 78300000, "depreciationAndAmortization": 6500000, "ebitda": 145300000, "ebitdaratio": 1.1032649962, "operatingIncome": 138800000, "operatingIncomeRatio": 1.0539104024, "totalOtherIncomeExpensesNet": -78300000, "incomeBeforeTax": 60500000, "incomeBeforeTaxRatio": 0.4593773728, "incomeTaxExpense": 18900000, "netIncome": 41600000, "netIncomeRatio": 0.3158694002, "eps": 4.04, "epsdiluted": 4.02, "weightedAverageShsOut": 11641132, "weightedAverageShsOutDil": 11696303, "link": "https://www.sec.gov/Archives/edgar/data/805676/000095015299002140/0000950152-99-002140-index.html", "finalLink": "https://www.sec.gov/Archives/edgar/data/805676/", "calculatedOtherExpenses": -41000000, "calculatedOperatingExpenses": -7100000, "calculatedNetInterest": 107700000, "calculatedOtherIncome": -186000000, "calculatedIncomeNonControlling": 0, "calculatedEbitda": 145300000}, {"date": "1997-12-31", "symbol": "PRK", "reportedCurrency": "USD", "cik": "0000805676", "fillingDate": "1998-03-19", "acceptedDate": "1998-03-19 00:00:00", "calendarYear": "1997", "period": "FY", "revenue": 124000000, "costOfRevenue": 0, "grossProfit": 124000000, "grossProfitRatio": 1, "researchAndDevelopmentExpenses": 0, "generalAndAdministrativeExpenses": 31900000, "sellingAndMarketingExpenses": 2200000, "sellingGeneralAndAdministrativeExpenses": 34100000, "otherExpenses": -26500000, "operatingExpenses": 7600000, "costAndExpenses": 7600000, "interestIncome": 180500000, "interestExpense": 77000000, "depreciationAndAmortization": 4500000, "ebitda": 136100000, "ebitdaratio": 1.0975806452, "operatingIncome": 131600000, "operatingIncomeRatio": 1.0612903226, "totalOtherIncomeExpensesNet": -77000000, "incomeBeforeTax": 54600000, "incomeBeforeTaxRatio": 0.4403225806, "incomeTaxExpense": 16900000, "netIncome": 37700000, "netIncomeRatio": 0.3040322581, "eps": 3.65, "epsdiluted": 3.63, "weightedAverageShsOut": 10339366, "weightedAverageShsOutDil": 10391062, "link": "https://www.sec.gov/Archives/edgar/data/805676/000095015298002145/0000950152-98-002145-index.htm", "finalLink": "https://www.sec.gov/Archives/edgar/data/805676/0000950152-98-002145.txt", "calculatedOtherExpenses": -41700000, "calculatedOperatingExpenses": -7600000, "calculatedNetInterest": 103500000, "calculatedOtherIncome": -180500000, "calculatedIncomeNonControlling": 0, "calculatedEbitda": 136100000}, {"date": "1996-12-31", "symbol": "PRK", "reportedCurrency": "USD", "cik": "0000805676", "fillingDate": "1997-03-25", "acceptedDate": "1997-03-25 00:00:00", "calendarYear": "1996", "period": "FY", "revenue": 86100000, "costOfRevenue": 0, "grossProfit": 86100000, "grossProfitRatio": 1, "researchAndDevelopmentExpenses": 0, "generalAndAdministrativeExpenses": 21800000, "sellingAndMarketingExpenses": 1500000, "sellingGeneralAndAdministrativeExpenses": 23300000, "otherExpenses": -21700000, "operatingExpenses": 1600000, "costAndExpenses": 1600000, "interestIncome": 122300000, "interestExpense": 49300000, "depreciationAndAmortization": 1900000, "ebitda": 89600000, "ebitdaratio": 1.0406504065, "operatingIncome": 87700000, "operatingIncomeRatio": 1.018583043, "totalOtherIncomeExpensesNet": -49300000, "incomeBeforeTax": 38400000, "incomeBeforeTaxRatio": 0.4459930314, "incomeTaxExpense": 12700000, "netIncome": 25700000, "netIncomeRatio": 0.2984901278, "eps": 3.07, "epsdiluted": 3.07, "weightedAverageShsOut": 8353735, "weightedAverageShsOutDil": 8386754, "link": "https://www.sec.gov/Archives/edgar/data/805676/000095015297002166/0000950152-97-002166-index.htm", "finalLink": "https://www.sec.gov/Archives/edgar/data/805676/0000950152-97-002166.txt", "calculatedOtherExpenses": -24900000, "calculatedOperatingExpenses": -1600000, "calculatedNetInterest": 73000000, "calculatedOtherIncome": -122300000, "calculatedIncomeNonControlling": 0, "calculatedEbitda": 89600000}, {"date": "1995-12-31", "symbol": "PRK", "reportedCurrency": "USD", "cik": "0000805676", "fillingDate": "1995-12-31", "acceptedDate": "1995-12-30 19:00:00", "calendarYear": "1995", "period": "FY", "revenue": 79300000, "costOfRevenue": 0, "grossProfit": 79300000, "grossProfitRatio": 1, "researchAndDevelopmentExpenses": 0, "generalAndAdministrativeExpenses": 20400000, "sellingAndMarketingExpenses": 1400000, "sellingGeneralAndAdministrativeExpenses": 21800000, "otherExpenses": -21400000, "operatingExpenses": 400000, "costAndExpenses": 400000, "interestIncome": 113200000, "interestExpense": 46800000, "depreciationAndAmortization": 2200000, "ebitda": 81900000, "ebitdaratio": 1.0327868852, "operatingIncome": 79700000, "operatingIncomeRatio": 1.0050441362, "totalOtherIncomeExpensesNet": -46800000, "incomeBeforeTax": 32900000, "incomeBeforeTaxRatio": 0.4148802018, "incomeTaxExpense": 10800000, "netIncome": 22100000, "netIncomeRatio": 0.2786885246, "eps": 2.68, "epsdiluted": 2.68, "weightedAverageShsOut": 7901809, "weightedAverageShsOutDil": 7901809, "link": "", "finalLink": "", "calculatedOtherExpenses": -22200000, "calculatedOperatingExpenses": -400000, "calculatedNetInterest": 66400000, "calculatedOtherIncome": -113200000, "calculatedIncomeNonControlling": 0, "calculatedEbitda": 81900000}, {"date": "1994-12-31", "symbol": "PRK", "reportedCurrency": "USD", "cik": "0000805676", "fillingDate": "1994-12-31", "acceptedDate": "1994-12-30 19:00:00", "calendarYear": "1994", "period": "FY", "revenue": 68700000, "costOfRevenue": 0, "grossProfit": 68700000, "grossProfitRatio": 1, "researchAndDevelopmentExpenses": 0, "generalAndAdministrativeExpenses": 18700000, "sellingAndMarketingExpenses": 1300000, "sellingGeneralAndAdministrativeExpenses": 20000000, "otherExpenses": -24500000, "operatingExpenses": -4500000, "costAndExpenses": -4500000, "interestIncome": 94900000, "interestExpense": 35200000, "depreciationAndAmortization": 2400000, "ebitda": 66600000, "ebitdaratio": 0.9694323144, "operatingIncome": 64200000, "operatingIncomeRatio": 0.9344978166, "totalOtherIncomeExpensesNet": -35200000, "incomeBeforeTax": 29000000, "incomeBeforeTaxRatio": 0.422125182, "incomeTaxExpense": 9000000, "netIncome": 20000000, "netIncomeRatio": 0.2911208151, "eps": 2.43, "epsdiluted": 2.42, "weightedAverageShsOut": 8238590, "weightedAverageShsOutDil": 8271025, "link": "", "finalLink": "", "calculatedOtherExpenses": -15500000, "calculatedOperatingExpenses": 4500000, "calculatedNetInterest": 59700000, "calculatedOtherIncome": -94900000, "calculatedIncomeNonControlling": 0, "calculatedEbitda": 66600000}, {"date": "1993-12-31", "symbol": "PRK", "reportedCurrency": "USD", "cik": "0000805676", "fillingDate": "1993-12-31", "acceptedDate": "1993-12-30 19:00:00", "calendarYear": "1993", "period": "FY", "revenue": 67500000, "costOfRevenue": 0, "grossProfit": 67500000, "grossProfitRatio": 1, "researchAndDevelopmentExpenses": 0, "generalAndAdministrativeExpenses": 17500000, "sellingAndMarketingExpenses": 1300000, "sellingGeneralAndAdministrativeExpenses": 18800000, "otherExpenses": -25500000, "operatingExpenses": -6700000, "costAndExpenses": -6700000, "interestIncome": 90400000, "interestExpense": 33800000, "depreciationAndAmortization": 4600000, "ebitda": 65400000, "ebitdaratio": 0.9688888889, "operatingIncome": 60800000, "operatingIncomeRatio": 0.9007407407, "totalOtherIncomeExpensesNet": -35300000, "incomeBeforeTax": 25500000, "incomeBeforeTaxRatio": 0.3777777778, "incomeTaxExpense": 8000000, "netIncome": 19000000, "netIncomeRatio": 0.2814814815, "eps": 2.33, "epsdiluted": 2.31, "weightedAverageShsOut": 8146116, "weightedAverageShsOutDil": 8213162, "link": "", "finalLink": "", "calculatedOtherExpenses": -12100000, "calculatedOperatingExpenses": 6700000, "calculatedNetInterest": 56600000, "calculatedOtherIncome": -91900000, "calculatedIncomeNonControlling": -1500000, "calculatedEbitda": 65400000}, {"date": "1992-12-31", "symbol": "PRK", "reportedCurrency": "USD", "cik": "0000805676", "fillingDate": "1992-12-31", "acceptedDate": "1992-12-30 19:00:00", "calendarYear": "1992", "period": "FY", "revenue": 63800000, "costOfRevenue": 0, "grossProfit": 63800000, "grossProfitRatio": 1, "researchAndDevelopmentExpenses": 0, "generalAndAdministrativeExpenses": 16500000, "sellingAndMarketingExpenses": 1200000, "sellingGeneralAndAdministrativeExpenses": 17700000, "otherExpenses": -16100000, "operatingExpenses": 1600000, "costAndExpenses": 1600000, "interestIncome": 95800000, "interestExpense": 41600000, "depreciationAndAmortization": 3900000, "ebitda": 69300000, "ebitdaratio": 1.0862068966, "operatingIncome": 65400000, "operatingIncomeRatio": 1.0250783699, "totalOtherIncomeExpensesNet": -42000000, "incomeBeforeTax": 23400000, "incomeBeforeTaxRatio": 0.3667711599, "incomeTaxExpense": 7300000, "netIncome": 16500000, "netIncomeRatio": 0.2586206897, "eps": 2.11, "epsdiluted": 2.11, "weightedAverageShsOut": 7807177, "weightedAverageShsOutDil": 7807177, "link": "", "finalLink": "", "calculatedOtherExpenses": -19300000, "calculatedOperatingExpenses": -1600000, "calculatedNetInterest": 54200000, "calculatedOtherIncome": -96200000, "calculatedIncomeNonControlling": -400000, "calculatedEbitda": 69300000}, {"date": "1991-12-31", "symbol": "PRK", "reportedCurrency": "USD", "cik": "0000805676", "fillingDate": "1991-12-31", "acceptedDate": "1991-12-30 19:00:00", "calendarYear": "1991", "period": "FY", "revenue": 58500000, "costOfRevenue": 0, "grossProfit": 58500000, "grossProfitRatio": 1, "researchAndDevelopmentExpenses": 0, "generalAndAdministrativeExpenses": 15700000, "sellingAndMarketingExpenses": 1100000, "sellingGeneralAndAdministrativeExpenses": 16800000, "otherExpenses": 1700000, "operatingExpenses": 18500000, "costAndExpenses": 18500000, "interestIncome": 106600000, "interestExpense": 56400000, "depreciationAndAmortization": 1400000, "ebitda": 78400000, "ebitdaratio": 1.3401709402, "operatingIncome": 77000000, "operatingIncomeRatio": 1.3162393162, "totalOtherIncomeExpensesNet": -56900000, "incomeBeforeTax": 20100000, "incomeBeforeTaxRatio": 0.3435897436, "incomeTaxExpense": 5500000, "netIncome": 15100000, "netIncomeRatio": 0.2581196581, "eps": 1.94, "epsdiluted": 1.94, "weightedAverageShsOut": 7775169, "weightedAverageShsOutDil": 7775169, "link": "", "finalLink": "", "calculatedOtherExpenses": -35300000, "calculatedOperatingExpenses": -18500000, "calculatedNetInterest": 50200000, "calculatedOtherIncome": -107100000, "calculatedIncomeNonControlling": -500000, "calculatedEbitda": 78400000}, {"date": "1990-12-31", "symbol": "PRK", "reportedCurrency": "USD", "cik": "0000805676", "fillingDate": "1990-12-31", "acceptedDate": "1990-12-30 19:00:00", "calendarYear": "1990", "period": "FY", "revenue": 56800000, "costOfRevenue": 0, "grossProfit": 56800000, "grossProfitRatio": 1, "researchAndDevelopmentExpenses": 0, "generalAndAdministrativeExpenses": 16900000, "sellingAndMarketingExpenses": 1300000, "sellingGeneralAndAdministrativeExpenses": 18200000, "otherExpenses": 6100000, "operatingExpenses": 24300000, "costAndExpenses": 24300000, "interestIncome": 109500000, "interestExpense": 62100000, "depreciationAndAmortization": 3200000, "ebitda": 84300000, "ebitdaratio": 1.4841549296, "operatingIncome": 81100000, "operatingIncomeRatio": 1.4278169014, "totalOtherIncomeExpensesNet": -62100000, "incomeBeforeTax": 19000000, "incomeBeforeTaxRatio": 0.3345070423, "incomeTaxExpense": 5800000, "netIncome": 13200000, "netIncomeRatio": 0.2323943662, "eps": 1.7, "epsdiluted": 1.7, "weightedAverageShsOut": 7746115, "weightedAverageShsOutDil": 7746115, "link": "", "finalLink": "", "calculatedOtherExpenses": -42500000, "calculatedOperatingExpenses": -24300000, "calculatedNetInterest": 47400000, "calculatedOtherIncome": -109500000, "calculatedIncomeNonControlling": 0, "calculatedEbitda": 84300000}, {"date": "1989-12-31", "symbol": "PRK", "reportedCurrency": "USD", "cik": "0000805676", "fillingDate": "1989-12-31", "acceptedDate": "1989-12-30 19:00:00", "calendarYear": "1989", "period": "FY", "revenue": 0, "costOfRevenue": 0, "grossProfit": 0, "grossProfitRatio": 0, "researchAndDevelopmentExpenses": 0, "generalAndAdministrativeExpenses": 0, "sellingAndMarketingExpenses": 0, "sellingGeneralAndAdministrativeExpenses": 0, "otherExpenses": 11300000, "operatingExpenses": 11300000, "costAndExpenses": 11300000, "interestIncome": 0, "interestExpense": 0, "depreciationAndAmortization": 0, "ebitda": 11300000, "ebitdaratio": 0, "operatingIncome": 11300000, "operatingIncomeRatio": 0, "totalOtherIncomeExpensesNet": 0, "incomeBeforeTax": 0, "incomeBeforeTaxRatio": 0, "incomeTaxExpense": -11300000, "netIncome": 11300000, "netIncomeRatio": 0, "eps": 1.6, "epsdiluted": 1.6, "weightedAverageShsOut": 7065326, "weightedAverageShsOutDil": 7065326, "link": "", "finalLink": "", "calculatedOtherExpenses": -11300000, "calculatedOperatingExpenses": -11300000, "calculatedNetInterest": 0, "calculatedOtherIncome": -11300000, "calculatedIncomeNonControlling": 0, "calculatedEbitda": 11300000}, {"date": "1988-12-31", "symbol": "PRK", "reportedCurrency": "USD", "cik": "0000805676", "fillingDate": "1988-12-31", "acceptedDate": "1988-12-30 19:00:00", "calendarYear": "1988", "period": "FY", "revenue": 0, "costOfRevenue": 0, "grossProfit": 0, "grossProfitRatio": 0, "researchAndDevelopmentExpenses": 0, "generalAndAdministrativeExpenses": 0, "sellingAndMarketingExpenses": 0, "sellingGeneralAndAdministrativeExpenses": 0, "otherExpenses": 10000000, "operatingExpenses": 10000000, "costAndExpenses": 10000000, "interestIncome": 0, "interestExpense": 0, "depreciationAndAmortization": 0, "ebitda": 10000000, "ebitdaratio": 0, "operatingIncome": 10000000, "operatingIncomeRatio": 0, "totalOtherIncomeExpensesNet": 0, "incomeBeforeTax": 0, "incomeBeforeTaxRatio": 0, "incomeTaxExpense": -10000000, "netIncome": 10000000, "netIncomeRatio": 0, "eps": 1.42, "epsdiluted": 1.42, "weightedAverageShsOut": 7049800, "weightedAverageShsOutDil": 7049800, "link": "", "finalLink": "", "calculatedOtherExpenses": -10000000, "calculatedOperatingExpenses": -10000000, "calculatedNetInterest": 0, "calculatedOtherIncome": -10000000, "calculatedIncomeNonControlling": 0, "calculatedEbitda": 10000000}]}