{"originalCurrency": "USD", "convertedCurrency": "USD", "report": [{"date": "2023-12-30", "symbol": "PRMW", "reportedCurrency": "USD", "cik": "0000884713", "fillingDate": "2024-02-28", "acceptedDate": "2024-02-28 11:35:52", "calendarYear": "2023", "period": "FY", "revenue": 1804292712, "costOfRevenue": 646441479, "grossProfit": 1157851233, "grossProfitRatio": 0.6417202848, "researchAndDevelopmentExpenses": 0, "generalAndAdministrativeExpenses": 521598683, "sellingAndMarketingExpenses": 472300000, "sellingGeneralAndAdministrativeExpenses": 993898683, "otherExpenses": 3156850, "operatingExpenses": 990741832, "costAndExpenses": 1637183313, "interestIncome": 0, "interestExpense": 72709391, "depreciationAndAmortization": 196844892, "ebitda": 363954291, "ebitdaratio": 0.2017157685, "operatingIncome": 167109398, "operatingIncomeRatio": 0.0926176761, "totalOtherIncomeExpensesNet": -74644234, "incomeBeforeTax": 92465164, "incomeBeforeTaxRatio": 0.0512473189, "incomeTaxExpense": 27495148, "netIncome": 64970016, "netIncomeRatio": 0.0360085786, "eps": 0.41, "epsdiluted": 0.4, "weightedAverageShsOut": 159452000, "weightedAverageShsOutDil": 160619000, "link": "https://www.sec.gov/Archives/edgar/data/884713/000088471324000022/0000884713-24-000022-index.htm", "finalLink": "https://www.sec.gov/Archives/edgar/data/884713/000088471324000022/prmw-20231230.htm", "calculatedOtherExpenses": -3156848, "calculatedOperatingExpenses": 990741835, "calculatedNetInterest": -72709391, "calculatedOtherIncome": -1934843, "calculatedIncomeNonControlling": 0, "calculatedEbitda": 363954290}, {"date": "2022-12-31", "symbol": "PRMW", "reportedCurrency": "USD", "cik": "0000884713", "fillingDate": "2023-03-01", "acceptedDate": "2023-03-01 13:27:41", "calendarYear": "2022", "period": "FY", "revenue": 2215100000, "costOfRevenue": 921700000, "grossProfit": 1293400000, "grossProfitRatio": 0.583901404, "researchAndDevelopmentExpenses": 0, "generalAndAdministrativeExpenses": 590800000, "sellingAndMarketingExpenses": 560600000, "sellingGeneralAndAdministrativeExpenses": 1151400000, "otherExpenses": -8800000, "operatingExpenses": 1151400000, "costAndExpenses": 2073100000, "interestIncome": 69800000, "interestExpense": 69800000, "depreciationAndAmortization": 248100000, "ebitda": 376000000, "ebitdaratio": 0.1697440296, "operatingIncome": 127900000, "operatingIncomeRatio": 0.0577400569, "totalOtherIncomeExpensesNet": -78600000, "incomeBeforeTax": 49300000, "incomeBeforeTaxRatio": 0.0222563315, "incomeTaxExpense": 19700000, "netIncome": 29600000, "netIncomeRatio": 0.0133628279, "eps": 0.35, "epsdiluted": 0.35, "weightedAverageShsOut": 160763000, "weightedAverageShsOutDil": 161885000, "link": "https://www.sec.gov/Archives/edgar/data/884713/000088471323000017/0000884713-23-000017-index.htm", "finalLink": "https://www.sec.gov/Archives/edgar/data/884713/000088471323000017/prmw-20221231.htm", "calculatedOtherExpenses": 14100000, "calculatedOperatingExpenses": 1165500000, "calculatedNetInterest": 0, "calculatedOtherIncome": -78600000, "calculatedIncomeNonControlling": 0, "calculatedEbitda": 376000000}, {"date": "2021-12-31", "symbol": "PRMW", "reportedCurrency": "USD", "cik": "0000884713", "fillingDate": "2022-03-02", "acceptedDate": "2022-03-02 15:56:29", "calendarYear": "2021", "period": "FY", "revenue": 2073300000, "costOfRevenue": 915900000, "grossProfit": 1157400000, "grossProfitRatio": 0.5582404862, "researchAndDevelopmentExpenses": 0, "generalAndAdministrativeExpenses": 535400000, "sellingAndMarketingExpenses": 498900000, "sellingGeneralAndAdministrativeExpenses": 1034300000, "otherExpenses": -27900000, "operatingExpenses": 1034300000, "costAndExpenses": 1950200000, "interestIncome": 68800000, "interestExpense": 68800000, "depreciationAndAmortization": 211300000, "ebitda": 314300000, "ebitdaratio": 0.1515940771, "operatingIncome": 103000000, "operatingIncomeRatio": 0.0496792553, "totalOtherIncomeExpensesNet": -96700000, "incomeBeforeTax": 6300000, "incomeBeforeTaxRatio": 0.0030386341, "incomeTaxExpense": 9500000, "netIncome": -3200000, "netIncomeRatio": -0.0015434332, "eps": -0.0199, "epsdiluted": -0.0199, "weightedAverageShsOut": 160778000, "weightedAverageShsOutDil": 160778000, "link": "https://www.sec.gov/Archives/edgar/data/884713/000088471322000003/0000884713-22-000003-index.htm", "finalLink": "https://www.sec.gov/Archives/edgar/data/884713/000088471322000003/prmw-20220101.htm", "calculatedOtherExpenses": 20100000, "calculatedOperatingExpenses": 1054400000, "calculatedNetInterest": 0, "calculatedOtherIncome": -96700000, "calculatedIncomeNonControlling": 0, "calculatedEbitda": 314300000}, {"date": "2020-12-31", "symbol": "PRMW", "reportedCurrency": "USD", "cik": "0000884713", "fillingDate": "2021-03-03", "acceptedDate": "2021-03-03 15:38:31", "calendarYear": "2020", "period": "FY", "revenue": 1953500000, "costOfRevenue": 839600000, "grossProfit": 1113900000, "grossProfitRatio": 0.5702073202, "researchAndDevelopmentExpenses": 0, "generalAndAdministrativeExpenses": 544000000, "sellingAndMarketingExpenses": 462600000, "sellingGeneralAndAdministrativeExpenses": 1006600000, "otherExpenses": -18700000, "operatingExpenses": 1006600000, "costAndExpenses": 1846200000, "interestIncome": 81600000, "interestExpense": 81600000, "depreciationAndAmortization": 202100000, "ebitda": 290700000, "ebitdaratio": 0.1488098285, "operatingIncome": 88600000, "operatingIncomeRatio": 0.0453544919, "totalOtherIncomeExpensesNet": -241100000, "incomeBeforeTax": -152500000, "incomeBeforeTaxRatio": -0.0780650115, "incomeTaxExpense": 4300000, "netIncome": -156800000, "netIncomeRatio": -0.0802661889, "eps": -1.01, "epsdiluted": -1.01, "weightedAverageShsOut": 155446000, "weightedAverageShsOutDil": 155446000, "link": "https://www.sec.gov/Archives/edgar/data/884713/000088471321000004/0000884713-21-000004-index.htm", "finalLink": "https://www.sec.gov/Archives/edgar/data/884713/000088471321000004/prmw-20210102.htm", "calculatedOtherExpenses": 18700000, "calculatedOperatingExpenses": 1025300000, "calculatedNetInterest": 0, "calculatedOtherIncome": -241100000, "calculatedIncomeNonControlling": 0, "calculatedEbitda": 290700000}, {"date": "2019-12-28", "symbol": "PRMW", "reportedCurrency": "USD", "cik": "0000884713", "fillingDate": "2020-02-26", "acceptedDate": "2020-02-26 17:05:34", "calendarYear": "2019", "period": "FY", "revenue": 2394500000, "costOfRevenue": 1166700000, "grossProfit": 1227800000, "grossProfitRatio": 0.5127584047, "researchAndDevelopmentExpenses": 0, "generalAndAdministrativeExpenses": 611200000, "sellingAndMarketingExpenses": 501800000, "sellingGeneralAndAdministrativeExpenses": 1113000000, "otherExpenses": -2800000, "operatingExpenses": 1113000000, "costAndExpenses": 2279700000, "interestIncome": 77600000, "interestExpense": 78200000, "depreciationAndAmortization": 214400000, "ebitda": 304800000, "ebitdaratio": 0.1272917102, "operatingIncome": 90400000, "operatingIncomeRatio": 0.0377531844, "totalOtherIncomeExpensesNet": -81000000, "incomeBeforeTax": 9400000, "incomeBeforeTaxRatio": 0.003925663, "incomeTaxExpense": 9500000, "netIncome": -100000, "netIncomeRatio": -4.17624e-05, "eps": -0.0007, "epsdiluted": -0.0007, "weightedAverageShsOut": 135224000, "weightedAverageShsOutDil": 135224000, "link": "https://www.sec.gov/Archives/edgar/data/884713/000088471320000003/0000884713-20-000003-index.htm", "finalLink": "https://www.sec.gov/Archives/edgar/data/884713/000088471320000003/a201910-k.htm", "calculatedOtherExpenses": 24400000, "calculatedOperatingExpenses": 1137400000, "calculatedNetInterest": -600000, "calculatedOtherIncome": -80400000, "calculatedIncomeNonControlling": 0, "calculatedEbitda": 304800000}, {"date": "2018-12-29", "symbol": "PRMW", "reportedCurrency": "USD", "cik": "0000884713", "fillingDate": "2019-02-27", "acceptedDate": "2019-02-27 16:42:24", "calendarYear": "2018", "period": "FY", "revenue": 2372900000, "costOfRevenue": 1197300000, "grossProfit": 1175600000, "grossProfitRatio": 0.4954275359, "researchAndDevelopmentExpenses": 0, "generalAndAdministrativeExpenses": 607400000, "sellingAndMarketingExpenses": 484700000, "sellingGeneralAndAdministrativeExpenses": 1092100000, "otherExpenses": 42900000, "operatingExpenses": 1092100000, "costAndExpenses": 2289400000, "interestIncome": 0, "interestExpense": 77600000, "depreciationAndAmortization": 194600000, "ebitda": 321000000, "ebitdaratio": 0.1352775085, "operatingIncome": 126400000, "operatingIncomeRatio": 0.0532681529, "totalOtherIncomeExpensesNet": -102300000, "incomeBeforeTax": 24100000, "incomeBeforeTaxRatio": 0.0101563488, "incomeTaxExpense": -4800000, "netIncome": 28900000, "netIncomeRatio": 0.01217919, "eps": 0.21, "epsdiluted": 0.2, "weightedAverageShsOut": 139097000, "weightedAverageShsOutDil": 141436000, "link": "https://www.sec.gov/Archives/edgar/data/884713/000088471319000005/0000884713-19-000005-index.htm", "finalLink": "https://www.sec.gov/Archives/edgar/data/884713/000088471319000005/a201810-k.htm", "calculatedOtherExpenses": -42900000, "calculatedOperatingExpenses": 1049200000, "calculatedNetInterest": -77600000, "calculatedOtherIncome": -24700000, "calculatedIncomeNonControlling": 0, "calculatedEbitda": 321000000}, {"date": "2017-12-30", "symbol": "PRMW", "reportedCurrency": "USD", "cik": "0000884713", "fillingDate": "2018-02-28", "acceptedDate": "2018-02-28 16:48:52", "calendarYear": "2017", "period": "FY", "revenue": 2269700000, "costOfRevenue": 1142000000, "grossProfit": 1127700000, "grossProfitRatio": 0.4968498039, "researchAndDevelopmentExpenses": 0, "generalAndAdministrativeExpenses": 580300000, "sellingAndMarketingExpenses": 462400000, "sellingGeneralAndAdministrativeExpenses": 1042700000, "otherExpenses": 3000000, "operatingExpenses": 1042700000, "costAndExpenses": 2184700000, "interestIncome": 0, "interestExpense": 85500000, "depreciationAndAmortization": 188600000, "ebitda": 276600000, "ebitdaratio": 0.1218663259, "operatingIncome": 88000000, "operatingIncomeRatio": 0.0387716438, "totalOtherIncomeExpensesNet": -121600000, "incomeBeforeTax": -33600000, "incomeBeforeTaxRatio": -0.0148037186, "incomeTaxExpense": -30000000, "netIncome": -3600000, "netIncomeRatio": -0.0015861127, "eps": -0.0259, "epsdiluted": -0.0259, "weightedAverageShsOut": 139078000, "weightedAverageShsOutDil": 139078000, "link": "https://www.sec.gov/Archives/edgar/data/884713/000119312518064134/0001193125-18-064134-index.htm", "finalLink": "https://www.sec.gov/Archives/edgar/data/884713/000119312518064134/d483557d10k.htm", "calculatedOtherExpenses": -3000000, "calculatedOperatingExpenses": 1039700000, "calculatedNetInterest": -85500000, "calculatedOtherIncome": -36100000, "calculatedIncomeNonControlling": 0, "calculatedEbitda": 276600000}, {"date": "2016-12-31", "symbol": "PRMW", "reportedCurrency": "USD", "cik": "0000884713", "fillingDate": "2017-03-01", "acceptedDate": "2017-03-01 16:55:29", "calendarYear": "2016", "period": "FY", "revenue": 3235900000, "costOfRevenue": 2161700000, "grossProfit": 1074200000, "grossProfitRatio": 0.3319632869, "researchAndDevelopmentExpenses": 2371136, "generalAndAdministrativeExpenses": 576900000, "sellingAndMarketingExpenses": 381200000, "sellingGeneralAndAdministrativeExpenses": 958100000, "otherExpenses": -3900000, "operatingExpenses": 958100000, "costAndExpenses": 3119800000, "interestIncome": 0, "interestExpense": 124200000, "depreciationAndAmortization": 238700000, "ebitda": 350900000, "ebitdaratio": 0.1084396922, "operatingIncome": 112200000, "operatingIncomeRatio": 0.0346735066, "totalOtherIncomeExpensesNet": -158100000, "incomeBeforeTax": -45900000, "incomeBeforeTaxRatio": -0.0141846163, "incomeTaxExpense": 25600000, "netIncome": -71500000, "netIncomeRatio": -0.022095862, "eps": -0.56, "epsdiluted": -0.56, "weightedAverageShsOut": 128289999, "weightedAverageShsOutDil": 128300000, "link": "https://www.sec.gov/Archives/edgar/data/884713/000119312517065920/0001193125-17-065920-index.htm", "finalLink": "https://www.sec.gov/Archives/edgar/data/884713/000119312517065920/d293713d10k.htm", "calculatedOtherExpenses": 1528864, "calculatedOperatingExpenses": 962000000, "calculatedNetInterest": -124200000, "calculatedOtherIncome": -33900000, "calculatedIncomeNonControlling": 0, "calculatedEbitda": 350900000}, {"date": "2015-12-31", "symbol": "PRMW", "reportedCurrency": "USD", "cik": "0000884713", "fillingDate": "2016-02-29", "acceptedDate": "2016-02-29 16:46:55", "calendarYear": "2015", "period": "FY", "revenue": 2944000000, "costOfRevenue": 2048500000, "grossProfit": 895500000, "grossProfitRatio": 0.3041779891, "researchAndDevelopmentExpenses": 2578829, "generalAndAdministrativeExpenses": 750600000, "sellingAndMarketingExpenses": 18000000, "sellingGeneralAndAdministrativeExpenses": 768600000, "otherExpenses": 9500000, "operatingExpenses": 768600000, "costAndExpenses": 2817100000, "interestIncome": 0, "interestExpense": 111000000, "depreciationAndAmortization": 223800000, "ebitda": 360200000, "ebitdaratio": 0.1223505435, "operatingIncome": 15900000, "operatingIncomeRatio": 0.0054008152, "totalOtherIncomeExpensesNet": -138500000, "incomeBeforeTax": -2100000, "incomeBeforeTaxRatio": -0.0007133152, "incomeTaxExpense": -22700000, "netIncome": 20600000, "netIncomeRatio": 0.0069972826, "eps": 0.2, "epsdiluted": 0.2, "weightedAverageShsOut": 103000000, "weightedAverageShsOutDil": 103000000, "link": "https://www.sec.gov/Archives/edgar/data/884713/000119312516485439/0001193125-16-485439-index.htm", "finalLink": "https://www.sec.gov/Archives/edgar/data/884713/000119312516485439/d101398d10k.htm", "calculatedOtherExpenses": 108421171, "calculatedOperatingExpenses": 879600000, "calculatedNetInterest": -111000000, "calculatedOtherIncome": 93000000, "calculatedIncomeNonControlling": 0, "calculatedEbitda": 239700000}, {"date": "2014-12-31", "symbol": "PRMW", "reportedCurrency": "USD", "cik": "0000884713", "fillingDate": "2015-03-04", "acceptedDate": "2015-03-04 16:48:25", "calendarYear": "2014", "period": "FY", "revenue": 2102800000, "costOfRevenue": 1826300000, "grossProfit": 276500000, "grossProfitRatio": 0.1314913449, "researchAndDevelopmentExpenses": 2900000, "generalAndAdministrativeExpenses": 254600000, "sellingAndMarketingExpenses": 400000, "sellingGeneralAndAdministrativeExpenses": 255000000, "otherExpenses": -21000000, "operatingExpenses": 255000000, "costAndExpenses": 2081300000, "interestIncome": 0, "interestExpense": 39700000, "depreciationAndAmortization": 110700000, "ebitda": 111200000, "ebitdaratio": 0.0528818718, "operatingIncome": 500000, "operatingIncomeRatio": 0.0002377782, "totalOtherIncomeExpensesNet": -45500000, "incomeBeforeTax": -45000000, "incomeBeforeTaxRatio": -0.021400038, "incomeTaxExpense": -61400000, "netIncome": 16400000, "netIncomeRatio": 0.007799125, "eps": 0.17, "epsdiluted": 0.17, "weightedAverageShsOut": 93800000, "weightedAverageShsOutDil": 95900000, "link": "https://www.sec.gov/Archives/edgar/data/884713/000119312515076926/0001193125-15-076926-index.htm", "finalLink": "https://www.sec.gov/Archives/edgar/data/884713/000119312515076926/d832943d10k.htm", "calculatedOtherExpenses": 18100000, "calculatedOperatingExpenses": 276000000, "calculatedNetInterest": -39700000, "calculatedOtherIncome": -5800000, "calculatedIncomeNonControlling": 0, "calculatedEbitda": 111200000}, {"date": "2013-12-28", "symbol": "PRMW", "reportedCurrency": "USD", "cik": "0000884713", "fillingDate": "2014-02-24", "acceptedDate": "2014-02-24 13:40:24", "calendarYear": "2013", "period": "FY", "revenue": 2094000000, "costOfRevenue": 1842000000, "grossProfit": 252000000, "grossProfitRatio": 0.1203438395, "researchAndDevelopmentExpenses": 3100000, "generalAndAdministrativeExpenses": 0, "sellingAndMarketingExpenses": 0, "sellingGeneralAndAdministrativeExpenses": 160400000, "otherExpenses": -12800000, "operatingExpenses": 160400000, "costAndExpenses": 2002400000, "interestIncome": 0, "interestExpense": 51600000, "depreciationAndAmortization": 91000000, "ebitda": 179600000, "ebitdaratio": 0.0857688634, "operatingIncome": 88600000, "operatingIncomeRatio": 0.0423113658, "totalOtherIncomeExpensesNet": -64400000, "incomeBeforeTax": 24200000, "incomeBeforeTaxRatio": 0.011556829, "incomeTaxExpense": 2200000, "netIncome": 17000000, "netIncomeRatio": 0.0081184336, "eps": 0.18, "epsdiluted": 0.18, "weightedAverageShsOut": 94800000, "weightedAverageShsOutDil": 95600000, "link": "https://www.sec.gov/Archives/edgar/data/884713/000119312514064516/0001193125-14-064516-index.htm", "finalLink": "https://www.sec.gov/Archives/edgar/data/884713/000119312514064516/d633950d10k.htm", "calculatedOtherExpenses": -100000, "calculatedOperatingExpenses": 163400000, "calculatedNetInterest": -51600000, "calculatedOtherIncome": -12800000, "calculatedIncomeNonControlling": 5000000, "calculatedEbitda": 179600000}, {"date": "2012-12-29", "symbol": "PRMW", "reportedCurrency": "USD", "cik": "0000884713", "fillingDate": "2013-02-27", "acceptedDate": "2013-02-27 17:06:12", "calendarYear": "2012", "period": "FY", "revenue": 2250600000, "costOfRevenue": 1961100000, "grossProfit": 289500000, "grossProfitRatio": 0.1286323647, "researchAndDevelopmentExpenses": 0, "generalAndAdministrativeExpenses": 0, "sellingAndMarketingExpenses": 0, "sellingGeneralAndAdministrativeExpenses": 178000000, "otherExpenses": 2000000, "operatingExpenses": 178000000, "costAndExpenses": 2139100000, "interestIncome": 0, "interestExpense": 54200000, "depreciationAndAmortization": 101500000, "ebitda": 211200000, "ebitdaratio": 0.0938416422, "operatingIncome": 109700000, "operatingIncomeRatio": 0.0487425575, "totalOtherIncomeExpensesNet": -52800000, "incomeBeforeTax": 56900000, "incomeBeforeTaxRatio": 0.025282147, "incomeTaxExpense": 4600000, "netIncome": 47800000, "netIncomeRatio": 0.0212387808, "eps": 0.51, "epsdiluted": 0.5, "weightedAverageShsOut": 94600000, "weightedAverageShsOutDil": 94800000, "link": "https://www.sec.gov/Archives/edgar/data/884713/000119312513080286/0001193125-13-080286-index.htm", "finalLink": "https://www.sec.gov/Archives/edgar/data/884713/000119312513080286/d442419d10k.htm", "calculatedOtherExpenses": 1800000, "calculatedOperatingExpenses": 179800000, "calculatedNetInterest": -54200000, "calculatedOtherIncome": 1400000, "calculatedIncomeNonControlling": 4500000, "calculatedEbitda": 211200000}, {"date": "2011-12-31", "symbol": "PRMW", "reportedCurrency": "USD", "cik": "0000884713", "fillingDate": "2012-02-29", "acceptedDate": "2012-02-29 15:09:36", "calendarYear": "2011", "period": "FY", "revenue": 2334600000, "costOfRevenue": 2058000000, "grossProfit": 276600000, "grossProfitRatio": 0.1184785402, "researchAndDevelopmentExpenses": 0, "generalAndAdministrativeExpenses": 0, "sellingAndMarketingExpenses": 0, "sellingGeneralAndAdministrativeExpenses": 172700000, "otherExpenses": 0, "operatingExpenses": 172700000, "costAndExpenses": 2230700000, "interestIncome": 0, "interestExpense": 57100000, "depreciationAndAmortization": 98500000, "ebitda": 199200000, "ebitdaratio": 0.0853251092, "operatingIncome": 100700000, "operatingIncomeRatio": 0.0431337274, "totalOtherIncomeExpensesNet": -60200000, "incomeBeforeTax": 40500000, "incomeBeforeTaxRatio": 0.0173477255, "incomeTaxExpense": -700000, "netIncome": 37600000, "netIncomeRatio": 0.0161055427, "eps": 0.4, "epsdiluted": 0.4, "weightedAverageShsOut": 94241000, "weightedAverageShsOutDil": 95001000, "link": "https://www.sec.gov/Archives/edgar/data/884713/000119312512088741/0001193125-12-088741-index.htm", "finalLink": "https://www.sec.gov/Archives/edgar/data/884713/000119312512088741/d262492d10k.htm", "calculatedOtherExpenses": 3200000, "calculatedOperatingExpenses": 175900000, "calculatedNetInterest": -57100000, "calculatedOtherIncome": -3100000, "calculatedIncomeNonControlling": 3600000, "calculatedEbitda": 199200000}, {"date": "2010-12-31", "symbol": "PRMW", "reportedCurrency": "USD", "cik": "0000884713", "fillingDate": "2011-03-15", "acceptedDate": "2011-03-15 17:10:59", "calendarYear": "2010", "period": "FY", "revenue": 1803300000, "costOfRevenue": 1537000000, "grossProfit": 266300000, "grossProfitRatio": 0.1476737093, "researchAndDevelopmentExpenses": 0, "generalAndAdministrativeExpenses": 0, "sellingAndMarketingExpenses": 0, "sellingGeneralAndAdministrativeExpenses": 166700000, "otherExpenses": 1100000, "operatingExpenses": 167800000, "costAndExpenses": 1704800000, "interestIncome": 100000, "interestExpense": 37000000, "depreciationAndAmortization": 73600000, "ebitda": 172600000, "ebitdaratio": 0.0957134143, "operatingIncome": 99000000, "operatingIncomeRatio": 0.0548993512, "totalOtherIncomeExpensesNet": -20600000, "incomeBeforeTax": 78400000, "incomeBeforeTaxRatio": 0.0434758498, "incomeTaxExpense": 18600000, "netIncome": 54700000, "netIncomeRatio": 0.0303332779, "eps": 0.64, "epsdiluted": 0.63, "weightedAverageShsOut": 85588000, "weightedAverageShsOutDil": 86185000, "link": "https://www.sec.gov/Archives/edgar/data/884713/000119312511067317/0001193125-11-067317-index.htm", "finalLink": "https://www.sec.gov/Archives/edgar/data/884713/000119312511067317/d10k.htm", "calculatedOtherExpenses": 600000, "calculatedOperatingExpenses": 167300000, "calculatedNetInterest": -36900000, "calculatedOtherIncome": 16300000, "calculatedIncomeNonControlling": 5100000, "calculatedEbitda": 172600000}, {"date": "2009-12-31", "symbol": "PRMW", "reportedCurrency": "USD", "cik": "0000884713", "fillingDate": "2010-03-16", "acceptedDate": "2010-03-16 14:16:01", "calendarYear": "2009", "period": "FY", "revenue": 1596700000, "costOfRevenue": 1346900000, "grossProfit": 249800000, "grossProfitRatio": 0.1564476733, "researchAndDevelopmentExpenses": 0, "generalAndAdministrativeExpenses": 0, "sellingAndMarketingExpenses": 0, "sellingGeneralAndAdministrativeExpenses": 146800000, "otherExpenses": 0, "operatingExpenses": 146800000, "costAndExpenses": 1493700000, "interestIncome": 4500000, "interestExpense": 29800000, "depreciationAndAmortization": 77400000, "ebitda": 174800000, "ebitdaratio": 0.1094757938, "operatingIncome": 97400000, "operatingIncomeRatio": 0.0610008142, "totalOtherIncomeExpensesNet": -34100000, "incomeBeforeTax": 63300000, "incomeBeforeTaxRatio": 0.0396442663, "incomeTaxExpense": -22800000, "netIncome": 81500000, "netIncomeRatio": 0.0510427757, "eps": 1.1, "epsdiluted": 1.08, "weightedAverageShsOut": 74207000, "weightedAverageShsOutDil": 75215000, "link": "https://www.sec.gov/Archives/edgar/data/884713/000119312510058169/0001193125-10-058169-index.htm", "finalLink": "https://www.sec.gov/Archives/edgar/data/884713/000119312510058169/d10k.htm", "calculatedOtherExpenses": 5600000, "calculatedOperatingExpenses": 152400000, "calculatedNetInterest": -25300000, "calculatedOtherIncome": -8800000, "calculatedIncomeNonControlling": 4600000, "calculatedEbitda": 174800000}, {"date": "2008-12-27", "symbol": "PRMW", "reportedCurrency": "USD", "cik": "0000884713", "fillingDate": "2009-03-11", "acceptedDate": "2009-03-11 17:17:38", "calendarYear": "2008", "period": "FY", "revenue": 1648100000, "costOfRevenue": 1467100000, "grossProfit": 181000000, "grossProfitRatio": 0.109823433, "researchAndDevelopmentExpenses": 0, "generalAndAdministrativeExpenses": 0, "sellingAndMarketingExpenses": 0, "sellingGeneralAndAdministrativeExpenses": 179800000, "otherExpenses": 107500000, "operatingExpenses": 287300000, "costAndExpenses": 1754400000, "interestIncome": 0, "interestExpense": 32299999, "depreciationAndAmortization": 80700000, "ebitda": 83900000, "ebitdaratio": 0.0509071052, "operatingIncome": 3200000, "operatingIncomeRatio": 0.0019416298, "totalOtherIncomeExpensesNet": -145500000, "incomeBeforeTax": -142300000, "incomeBeforeTaxRatio": -0.0863418482, "incomeTaxExpense": -19500000, "netIncome": -122800000, "netIncomeRatio": -0.0745100419, "eps": -1.73, "epsdiluted": -1.73, "weightedAverageShsOut": 71017000, "weightedAverageShsOutDil": 71017000, "link": "https://www.sec.gov/Archives/edgar/data/884713/000119312509050988/0001193125-09-050988-index.htm", "finalLink": "https://www.sec.gov/Archives/edgar/data/884713/000119312509050988/d10k.htm", "calculatedOtherExpenses": -2000000, "calculatedOperatingExpenses": 177800000, "calculatedNetInterest": -32299999, "calculatedOtherIncome": -113200001, "calculatedIncomeNonControlling": 0, "calculatedEbitda": 83900000}, {"date": "2007-12-29", "symbol": "PRMW", "reportedCurrency": "USD", "cik": "0000884713", "fillingDate": "2008-03-11", "acceptedDate": "2008-03-11 17:19:55", "calendarYear": "2007", "period": "FY", "revenue": 1776400000, "costOfRevenue": 1578000000, "grossProfit": 198400000, "grossProfitRatio": 0.1116865571, "researchAndDevelopmentExpenses": 0, "generalAndAdministrativeExpenses": 0, "sellingAndMarketingExpenses": 0, "sellingGeneralAndAdministrativeExpenses": 161900000, "otherExpenses": 66700000, "operatingExpenses": 228600000, "costAndExpenses": 1806600000, "interestIncome": 0, "interestExpense": 32799999, "depreciationAndAmortization": 73500000, "ebitda": 129600000, "ebitdaratio": 0.0729565413, "operatingIncome": 56100000, "operatingIncomeRatio": 0.0315807251, "totalOtherIncomeExpensesNet": -141400000, "incomeBeforeTax": -85300000, "incomeBeforeTaxRatio": -0.0480184643, "incomeTaxExpense": -13900000, "netIncome": -71400000, "netIncomeRatio": -0.0401936501, "eps": -0.99, "epsdiluted": -0.99, "weightedAverageShsOut": 71831000, "weightedAverageShsOutDil": 71831000, "link": "https://www.sec.gov/Archives/edgar/data/884713/000119312508053038/0001193125-08-053038-index.htm", "finalLink": "https://www.sec.gov/Archives/edgar/data/884713/000119312508053038/d10k.htm", "calculatedOtherExpenses": -19600000, "calculatedOperatingExpenses": 142300000, "calculatedNetInterest": -32799999, "calculatedOtherIncome": -108600001, "calculatedIncomeNonControlling": 0, "calculatedEbitda": 129600000}, {"date": "2006-12-30", "symbol": "PRMW", "reportedCurrency": "USD", "cik": "0000884713", "fillingDate": "2007-02-28", "acceptedDate": "2007-02-28 17:24:25", "calendarYear": "2006", "period": "FY", "revenue": 1771800000, "costOfRevenue": 1554900000, "grossProfit": 216900000, "grossProfitRatio": 0.1224178801, "researchAndDevelopmentExpenses": 0, "generalAndAdministrativeExpenses": 0, "sellingAndMarketingExpenses": 0, "sellingGeneralAndAdministrativeExpenses": 176100000, "otherExpenses": 15400000, "operatingExpenses": 191500000, "costAndExpenses": 1746400000, "interestIncome": 0, "interestExpense": 0, "depreciationAndAmortization": 87900000, "ebitda": 151900000, "ebitdaratio": 0.0857320239, "operatingIncome": 64000000, "operatingIncomeRatio": 0.0361214584, "totalOtherIncomeExpensesNet": -97800000, "incomeBeforeTax": -33800000, "incomeBeforeTaxRatio": -0.0190766452, "incomeTaxExpense": -16300000, "netIncome": -17500000, "netIncomeRatio": -0.0098769613, "eps": -0.24, "epsdiluted": -0.24, "weightedAverageShsOut": 71726000, "weightedAverageShsOutDil": 71726000, "link": "https://www.sec.gov/Archives/edgar/data/884713/000090956707000287/0000909567-07-000287-index.htm", "finalLink": "https://www.sec.gov/Archives/edgar/data/884713/000090956707000287/o34926e10vk.txt", "calculatedOtherExpenses": -23200000, "calculatedOperatingExpenses": 152900000, "calculatedNetInterest": 0, "calculatedOtherIncome": -97800000, "calculatedIncomeNonControlling": 0, "calculatedEbitda": 151900000}, {"date": "2005-12-31", "symbol": "PRMW", "reportedCurrency": "USD", "cik": "0000884713", "fillingDate": "2006-03-06", "acceptedDate": "2006-03-06 15:44:44", "calendarYear": "2005", "period": "FY", "revenue": 1755300000, "costOfRevenue": 1505800000, "grossProfit": 249500000, "grossProfitRatio": 0.1421409446, "researchAndDevelopmentExpenses": 0, "generalAndAdministrativeExpenses": 0, "sellingAndMarketingExpenses": 0, "sellingGeneralAndAdministrativeExpenses": 138600000, "otherExpenses": 34300000, "operatingExpenses": 172900000, "costAndExpenses": 1678700000, "interestIncome": 0, "interestExpense": 0, "depreciationAndAmortization": 71000000, "ebitda": 185900000, "ebitdaratio": 0.105907822, "operatingIncome": 76600000, "operatingIncomeRatio": 0.0436392639, "totalOtherIncomeExpensesNet": -75600000, "incomeBeforeTax": 39300000, "incomeBeforeTaxRatio": 0.0223893352, "incomeTaxExpense": 14700000, "netIncome": 24600000, "netIncomeRatio": 0.0140146983, "eps": 0.34, "epsdiluted": 0.34, "weightedAverageShsOut": 72352941, "weightedAverageShsOutDil": 72352941, "link": "https://www.sec.gov/Archives/edgar/data/884713/000090956706000332/0000909567-06-000332-index.htm", "finalLink": "https://www.sec.gov/Archives/edgar/data/884713/000090956706000332/o30438e10vk.txt", "calculatedOtherExpenses": 34300000, "calculatedOperatingExpenses": 172900000, "calculatedNetInterest": 0, "calculatedOtherIncome": -37300000, "calculatedIncomeNonControlling": 0, "calculatedEbitda": 147600000}, {"date": "2004-12-31", "symbol": "PRMW", "reportedCurrency": "USD", "cik": "0000884713", "fillingDate": "2005-03-16", "acceptedDate": "2005-03-16 16:29:35", "calendarYear": "2004", "period": "FY", "revenue": 1646300000, "costOfRevenue": 1362600000, "grossProfit": 283700000, "grossProfitRatio": 0.1723258215, "researchAndDevelopmentExpenses": 0, "generalAndAdministrativeExpenses": 0, "sellingAndMarketingExpenses": 0, "sellingGeneralAndAdministrativeExpenses": 138100000, "otherExpenses": 900000, "operatingExpenses": 139000000, "costAndExpenses": 1501600000, "interestIncome": 0, "interestExpense": 0, "depreciationAndAmortization": 61500000, "ebitda": 206200000, "ebitdaratio": 0.1252505619, "operatingIncome": 144700000, "operatingIncomeRatio": 0.0878940655, "totalOtherIncomeExpensesNet": -29900000, "incomeBeforeTax": 114800000, "incomeBeforeTaxRatio": 0.0697321266, "incomeTaxExpense": 35800000, "netIncome": 78300000, "netIncomeRatio": 0.0475611978, "eps": 1.1, "epsdiluted": 1.09, "weightedAverageShsOut": 71181818, "weightedAverageShsOutDil": 71834862, "link": "https://www.sec.gov/Archives/edgar/data/884713/000090956705000587/0000909567-05-000587-index.htm", "finalLink": "https://www.sec.gov/Archives/edgar/data/884713/000090956705000587/t15995e10vk.txt", "calculatedOtherExpenses": 900000, "calculatedOperatingExpenses": 139000000, "calculatedNetInterest": 0, "calculatedOtherIncome": -29900000, "calculatedIncomeNonControlling": 700000, "calculatedEbitda": 206200000}, {"date": "2003-12-31", "symbol": "PRMW", "reportedCurrency": "USD", "cik": "0000884713", "fillingDate": "2004-03-18", "acceptedDate": "2004-03-18 13:51:13", "calendarYear": "2003", "period": "FY", "revenue": 1417800000, "costOfRevenue": 1141000000, "grossProfit": 276800000, "grossProfitRatio": 0.1952320497, "researchAndDevelopmentExpenses": 0, "generalAndAdministrativeExpenses": 0, "sellingAndMarketingExpenses": 0, "sellingGeneralAndAdministrativeExpenses": 126100000, "otherExpenses": 1800000, "operatingExpenses": 127900000, "costAndExpenses": 1268900000, "interestIncome": 0, "interestExpense": 0, "depreciationAndAmortization": 55000000, "ebitda": 203900000, "ebitdaratio": 0.1438143603, "operatingIncome": 148900000, "operatingIncomeRatio": 0.1050218649, "totalOtherIncomeExpensesNet": -31200000, "incomeBeforeTax": 117700000, "incomeBeforeTaxRatio": 0.0830159402, "incomeTaxExpense": 40100000, "netIncome": 77400000, "netIncomeRatio": 0.0545916208, "eps": 1.12, "epsdiluted": 1.09, "weightedAverageShsOut": 69107143, "weightedAverageShsOutDil": 71009174, "link": "https://www.sec.gov/Archives/edgar/data/884713/000090956704000393/0000909567-04-000393-index.htm", "finalLink": "https://www.sec.gov/Archives/edgar/data/884713/000090956704000393/t12324e10vk.txt", "calculatedOtherExpenses": 1800000, "calculatedOperatingExpenses": 127900000, "calculatedNetInterest": 0, "calculatedOtherIncome": -31200000, "calculatedIncomeNonControlling": 200000, "calculatedEbitda": 203900000}, {"date": "2002-12-28", "symbol": "PRMW", "reportedCurrency": "USD", "cik": "0000884713", "fillingDate": "2003-03-17", "acceptedDate": "2003-03-17 16:10:44", "calendarYear": "2002", "period": "FY", "revenue": 1198600000, "costOfRevenue": 965700000, "grossProfit": 232900000, "grossProfitRatio": 0.1943100284, "researchAndDevelopmentExpenses": 0, "generalAndAdministrativeExpenses": 0, "sellingAndMarketingExpenses": 0, "sellingGeneralAndAdministrativeExpenses": 110200000, "otherExpenses": 0, "operatingExpenses": 110200000, "costAndExpenses": 1075900000, "interestIncome": 0, "interestExpense": 0, "depreciationAndAmortization": 45700000, "ebitda": 168400000, "ebitdaratio": 0.1404972468, "operatingIncome": 122700000, "operatingIncomeRatio": 0.102369431, "totalOtherIncomeExpensesNet": -34900000, "incomeBeforeTax": 87800000, "incomeBeforeTaxRatio": 0.0732521275, "incomeTaxExpense": 28900000, "netIncome": 58900000, "netIncomeRatio": 0.0491406641, "eps": 0.91, "epsdiluted": 0.91, "weightedAverageShsOut": 65000000, "weightedAverageShsOutDil": 65000000, "link": "https://www.sec.gov/Archives/edgar/data/884713/000090956703000370/0000909567-03-000370-index.htm", "finalLink": "https://www.sec.gov/Archives/edgar/data/884713/000090956703000370/t09239e10vk.txt", "calculatedOtherExpenses": 0, "calculatedOperatingExpenses": 110200000, "calculatedNetInterest": 0, "calculatedOtherIncome": -34900000, "calculatedIncomeNonControlling": 0, "calculatedEbitda": 168400000}, {"date": "2001-12-29", "symbol": "PRMW", "reportedCurrency": "USD", "cik": "0000884713", "fillingDate": "2002-03-08", "acceptedDate": "2002-03-08 00:00:00", "calendarYear": "2001", "period": "FY", "revenue": 1090100000, "costOfRevenue": 902700000, "grossProfit": 187400000, "grossProfitRatio": 0.1719108339, "researchAndDevelopmentExpenses": 0, "generalAndAdministrativeExpenses": 0, "sellingAndMarketingExpenses": 0, "sellingGeneralAndAdministrativeExpenses": 94100000, "otherExpenses": 0, "operatingExpenses": 94100000, "costAndExpenses": 996800000, "interestIncome": 0, "interestExpense": 0, "depreciationAndAmortization": 39700000, "ebitda": 133000000, "ebitdaratio": 0.1220071553, "operatingIncome": 93300000, "operatingIncomeRatio": 0.0855884781, "totalOtherIncomeExpensesNet": -30200000, "incomeBeforeTax": 63100000, "incomeBeforeTaxRatio": 0.0578845977, "incomeTaxExpense": 23200000, "netIncome": 39900000, "netIncomeRatio": 0.0366021466, "eps": 0.66, "epsdiluted": 0.58, "weightedAverageShsOut": 60454545, "weightedAverageShsOutDil": 68793103, "link": "https://www.sec.gov/Archives/edgar/data/884713/000113031902000161/0001130319-02-000161-index.htm", "finalLink": "https://www.sec.gov/Archives/edgar/data/884713/000113031902000161/t06653e10-k.txt", "calculatedOtherExpenses": 0, "calculatedOperatingExpenses": 94100000, "calculatedNetInterest": 0, "calculatedOtherIncome": -30200000, "calculatedIncomeNonControlling": 0, "calculatedEbitda": 133000000}, {"date": "2000-12-30", "symbol": "PRMW", "reportedCurrency": "USD", "cik": "0000884713", "fillingDate": "2001-03-20", "acceptedDate": "2001-03-20 00:00:00", "calendarYear": "2000", "period": "FY", "revenue": 990600000, "costOfRevenue": 786500000, "grossProfit": 204100000, "grossProfitRatio": 0.2060367454, "researchAndDevelopmentExpenses": 0, "generalAndAdministrativeExpenses": 0, "sellingAndMarketingExpenses": 0, "sellingGeneralAndAdministrativeExpenses": 91300000, "otherExpenses": 39000000, "operatingExpenses": 130300000, "costAndExpenses": 916800000, "interestIncome": 0, "interestExpense": 0, "depreciationAndAmortization": 35500000, "ebitda": 109300000, "ebitdaratio": 0.1103371694, "operatingIncome": 73800000, "operatingIncomeRatio": 0.0745003028, "totalOtherIncomeExpensesNet": -26600000, "incomeBeforeTax": 47200000, "incomeBeforeTaxRatio": 0.0476478902, "incomeTaxExpense": 20600000, "netIncome": 25400000, "netIncomeRatio": 0.0256410256, "eps": 0.42, "epsdiluted": 0.38, "weightedAverageShsOut": 60476190, "weightedAverageShsOutDil": 66842105, "link": "https://www.sec.gov/Archives/edgar/data/884713/000095014401003715/0000950144-01-003715-index.htm", "finalLink": "https://www.sec.gov/Archives/edgar/data/884713/000095014401003715/t26226e10-k.txt", "calculatedOtherExpenses": 39000000, "calculatedOperatingExpenses": 130300000, "calculatedNetInterest": 0, "calculatedOtherIncome": -26600000, "calculatedIncomeNonControlling": 1200000, "calculatedEbitda": 109300000}, {"date": "1999-12-31", "symbol": "PRMW", "reportedCurrency": "USD", "cik": "0000884713", "fillingDate": "2000-03-31", "acceptedDate": "2000-03-31 00:00:00", "calendarYear": "1999", "period": "FY", "revenue": 990800000, "costOfRevenue": 807600000, "grossProfit": 183200000, "grossProfitRatio": 0.18490109, "researchAndDevelopmentExpenses": 0, "generalAndAdministrativeExpenses": 0, "sellingAndMarketingExpenses": 0, "sellingGeneralAndAdministrativeExpenses": 99100000, "otherExpenses": 39100000, "operatingExpenses": 138200000, "costAndExpenses": 945800000, "interestIncome": 0, "interestExpense": 0, "depreciationAndAmortization": 31900000, "ebitda": 76900000, "ebitdaratio": 0.0776140493, "operatingIncome": 45000000, "operatingIncomeRatio": 0.0454178442, "totalOtherIncomeExpensesNet": -27400000, "incomeBeforeTax": 17600000, "incomeBeforeTaxRatio": 0.0177634235, "incomeTaxExpense": -3800000, "netIncome": 18500000, "netIncomeRatio": 0.0186717804, "eps": 0.31, "epsdiluted": 0.28, "weightedAverageShsOut": 59677419, "weightedAverageShsOutDil": 66071429, "link": "https://www.sec.gov/Archives/edgar/data/884713/000095013500001928/0000950135-00-001928-index.html", "finalLink": "https://www.sec.gov/Archives/edgar/data/884713/000095013500001928/", "calculatedOtherExpenses": 39100000, "calculatedOperatingExpenses": 138200000, "calculatedNetInterest": 0, "calculatedOtherIncome": -27400000, "calculatedIncomeNonControlling": 2900000, "calculatedEbitda": 76900000}, {"date": "1998-12-31", "symbol": "PRMW", "reportedCurrency": "USD", "cik": "0000884713", "fillingDate": "1998-12-31", "acceptedDate": "1998-12-31 00:00:00", "calendarYear": "1998", "period": "FY", "revenue": 958500000, "costOfRevenue": 812800000, "grossProfit": 145700000, "grossProfitRatio": 0.1520083464, "researchAndDevelopmentExpenses": 0, "generalAndAdministrativeExpenses": 0, "sellingAndMarketingExpenses": 0, "sellingGeneralAndAdministrativeExpenses": 93800000, "otherExpenses": 43700000, "operatingExpenses": 137500000, "costAndExpenses": 950300000, "interestIncome": 0, "interestExpense": 0, "depreciationAndAmortization": 43700000, "ebitda": 126600000, "ebitdaratio": 0.1320813772, "operatingIncome": 8200000, "operatingIncomeRatio": 0.0085550339, "totalOtherIncomeExpensesNet": -182700000, "incomeBeforeTax": -99800000, "incomeBeforeTaxRatio": -0.1041210224, "incomeTaxExpense": -4000000, "netIncome": -95800000, "netIncomeRatio": -0.0999478352, "eps": -1.52, "epsdiluted": -1.52, "weightedAverageShsOut": 62931034, "weightedAverageShsOutDil": 62931034, "link": null, "finalLink": null, "calculatedOtherExpenses": 43700000, "calculatedOperatingExpenses": 137500000, "calculatedNetInterest": 0, "calculatedOtherIncome": -108000000, "calculatedIncomeNonControlling": 0, "calculatedEbitda": 51900000}, {"date": "1997-12-31", "symbol": "PRMW", "reportedCurrency": "USD", "cik": "0000884713", "fillingDate": "1998-01-31", "acceptedDate": "1998-01-31 00:00:00", "calendarYear": "1997", "period": "FY", "revenue": 1017000000, "costOfRevenue": 855000000, "grossProfit": 162000000, "grossProfitRatio": 0.1592920354, "researchAndDevelopmentExpenses": 0, "generalAndAdministrativeExpenses": 0, "sellingAndMarketingExpenses": 0, "sellingGeneralAndAdministrativeExpenses": 79800000, "otherExpenses": 38500000, "operatingExpenses": 118300000, "costAndExpenses": 973300000, "interestIncome": 0, "interestExpense": 0, "depreciationAndAmortization": 38500000, "ebitda": 101000000, "ebitdaratio": 0.0993117011, "operatingIncome": 43700000, "operatingIncomeRatio": 0.0429695182, "totalOtherIncomeExpensesNet": -63900000, "incomeBeforeTax": -1400000, "incomeBeforeTaxRatio": -0.0013765978, "incomeTaxExpense": -900000, "netIncome": -500000, "netIncomeRatio": -0.0004916421, "eps": -0.0074, "epsdiluted": -0.0074, "weightedAverageShsOut": 67142857, "weightedAverageShsOutDil": 67142857, "link": null, "finalLink": null, "calculatedOtherExpenses": 38500000, "calculatedOperatingExpenses": 118300000, "calculatedNetInterest": 0, "calculatedOtherIncome": -45100000, "calculatedIncomeNonControlling": 0, "calculatedEbitda": 82200000}, {"date": "1996-12-31", "symbol": "PRMW", "reportedCurrency": "USD", "cik": "0000884713", "fillingDate": "1997-01-31", "acceptedDate": "1997-01-31 00:00:00", "calendarYear": "1996", "period": "FY", "revenue": 1002700000, "costOfRevenue": 834700000, "grossProfit": 168000000, "grossProfitRatio": 0.1675476214, "researchAndDevelopmentExpenses": 0, "generalAndAdministrativeExpenses": 0, "sellingAndMarketingExpenses": 0, "sellingGeneralAndAdministrativeExpenses": 76000000, "otherExpenses": 35100000, "operatingExpenses": 111100000, "costAndExpenses": 945800000, "interestIncome": 0, "interestExpense": 0, "depreciationAndAmortization": 40600000, "ebitda": 97500000, "ebitdaratio": 0.0972374589, "operatingIncome": 56900000, "operatingIncomeRatio": 0.0567467837, "totalOtherIncomeExpensesNet": -26200000, "incomeBeforeTax": 30700000, "incomeBeforeTaxRatio": 0.0306173332, "incomeTaxExpense": 8800000, "netIncome": 25300000, "netIncomeRatio": 0.0252318739, "eps": 0.41, "epsdiluted": 0.4, "weightedAverageShsOut": 60975610, "weightedAverageShsOutDil": 62500000, "link": null, "finalLink": null, "calculatedOtherExpenses": 35100000, "calculatedOperatingExpenses": 111100000, "calculatedNetInterest": 0, "calculatedOtherIncome": -26200000, "calculatedIncomeNonControlling": -3400000, "calculatedEbitda": 97500000}, {"date": "1995-12-31", "symbol": "PRMW", "reportedCurrency": "USD", "cik": "0000884713", "fillingDate": "1996-01-31", "acceptedDate": "1996-01-31 00:00:00", "calendarYear": "1995", "period": "FY", "revenue": 929400000, "costOfRevenue": 812100000, "grossProfit": 117300000, "grossProfitRatio": 0.1262104584, "researchAndDevelopmentExpenses": 0, "generalAndAdministrativeExpenses": 0, "sellingAndMarketingExpenses": 0, "sellingGeneralAndAdministrativeExpenses": 75100000, "otherExpenses": 27800000, "operatingExpenses": 102900000, "costAndExpenses": 915000000, "interestIncome": 0, "interestExpense": 0, "depreciationAndAmortization": 27800000, "ebitda": 67900000, "ebitdaratio": 0.0730578868, "operatingIncome": 14400000, "operatingIncomeRatio": 0.015493867, "totalOtherIncomeExpensesNet": -65600000, "incomeBeforeTax": -25500000, "incomeBeforeTaxRatio": -0.0274370562, "incomeTaxExpense": -7300000, "netIncome": -18200000, "netIncomeRatio": -0.0195825264, "eps": -0.3, "epsdiluted": -0.3, "weightedAverageShsOut": 60000000, "weightedAverageShsOutDil": 60000000, "link": null, "finalLink": null, "calculatedOtherExpenses": 27800000, "calculatedOperatingExpenses": 102900000, "calculatedNetInterest": 0, "calculatedOtherIncome": -39900000, "calculatedIncomeNonControlling": 0, "calculatedEbitda": 42200000}, {"date": "1994-12-31", "symbol": "PRMW", "reportedCurrency": "USD", "cik": "0000884713", "fillingDate": "1995-01-31", "acceptedDate": "1995-01-31 00:00:00", "calendarYear": "1994", "period": "FY", "revenue": 776500000, "costOfRevenue": 666000000, "grossProfit": 110500000, "grossProfitRatio": 0.1423052157, "researchAndDevelopmentExpenses": 0, "generalAndAdministrativeExpenses": 0, "sellingAndMarketingExpenses": 0, "sellingGeneralAndAdministrativeExpenses": 54900000, "otherExpenses": 13300000, "operatingExpenses": 68200000, "costAndExpenses": 734200000, "interestIncome": 0, "interestExpense": 0, "depreciationAndAmortization": 11100000, "ebitda": 53400000, "ebitdaratio": 0.0687701223, "operatingIncome": 42300000, "operatingIncomeRatio": 0.0544752093, "totalOtherIncomeExpensesNet": -3500000, "incomeBeforeTax": 38800000, "incomeBeforeTaxRatio": 0.0499678042, "incomeTaxExpense": 14100000, "netIncome": 24700000, "netIncomeRatio": 0.0318094012, "eps": 0.41, "epsdiluted": 0.4, "weightedAverageShsOut": 60000000, "weightedAverageShsOutDil": 61052632, "link": null, "finalLink": null, "calculatedOtherExpenses": 13300000, "calculatedOperatingExpenses": 68200000, "calculatedNetInterest": 0, "calculatedOtherIncome": -3500000, "calculatedIncomeNonControlling": 0, "calculatedEbitda": 53400000}, {"date": "1993-12-31", "symbol": "PRMW", "reportedCurrency": "USD", "cik": "0000884713", "fillingDate": "1994-01-31", "acceptedDate": "1994-01-31 00:00:00", "calendarYear": "1993", "period": "FY", "revenue": 500000000, "costOfRevenue": 409500000, "grossProfit": 90500000, "grossProfitRatio": 0.181, "researchAndDevelopmentExpenses": 0, "generalAndAdministrativeExpenses": 0, "sellingAndMarketingExpenses": 0, "sellingGeneralAndAdministrativeExpenses": 35400000, "otherExpenses": 8100000, "operatingExpenses": 43500000, "costAndExpenses": 453000000, "interestIncome": 0, "interestExpense": 0, "depreciationAndAmortization": 5500000, "ebitda": 52500000, "ebitdaratio": 0.105, "operatingIncome": 47000000, "operatingIncomeRatio": 0.094, "totalOtherIncomeExpensesNet": -1800000, "incomeBeforeTax": 45200000, "incomeBeforeTaxRatio": 0.0904, "incomeTaxExpense": 18600000, "netIncome": 26600000, "netIncomeRatio": 0.0532, "eps": 0.47, "epsdiluted": 0.45, "weightedAverageShsOut": 57096774, "weightedAverageShsOutDil": 59000000, "link": null, "finalLink": null, "calculatedOtherExpenses": 8100000, "calculatedOperatingExpenses": 43500000, "calculatedNetInterest": 0, "calculatedOtherIncome": -1800000, "calculatedIncomeNonControlling": 0, "calculatedEbitda": 52500000}, {"date": "1992-12-31", "symbol": "PRMW", "reportedCurrency": "USD", "cik": "0000884713", "fillingDate": "1993-01-31", "acceptedDate": "1993-01-31 00:00:00", "calendarYear": "1992", "period": "FY", "revenue": 261600000, "costOfRevenue": 219100000, "grossProfit": 42500000, "grossProfitRatio": 0.1624617737, "researchAndDevelopmentExpenses": 0, "generalAndAdministrativeExpenses": 0, "sellingAndMarketingExpenses": 0, "sellingGeneralAndAdministrativeExpenses": 19500000, "otherExpenses": 3400000, "operatingExpenses": 22900000, "costAndExpenses": 242000000, "interestIncome": 0, "interestExpense": 0, "depreciationAndAmortization": 2600000, "ebitda": 22200000, "ebitdaratio": 0.0848623853, "operatingIncome": 19600000, "operatingIncomeRatio": 0.0749235474, "totalOtherIncomeExpensesNet": -2300000, "incomeBeforeTax": 17300000, "incomeBeforeTaxRatio": 0.0661314985, "incomeTaxExpense": 7200000, "netIncome": 10100000, "netIncomeRatio": 0.0386085627, "eps": 0.2, "epsdiluted": 0.2, "weightedAverageShsOut": 50500000, "weightedAverageShsOutDil": 50500000, "link": null, "finalLink": null, "calculatedOtherExpenses": 3400000, "calculatedOperatingExpenses": 22900000, "calculatedNetInterest": 0, "calculatedOtherIncome": -2300000, "calculatedIncomeNonControlling": 0, "calculatedEbitda": 22200000}, {"date": "1991-12-31", "symbol": "PRMW", "reportedCurrency": "USD", "cik": "0000884713", "fillingDate": "1992-01-31", "acceptedDate": "1992-01-31 00:00:00", "calendarYear": "1991", "period": "FY", "revenue": 117000000, "costOfRevenue": 93700000, "grossProfit": 23300000, "grossProfitRatio": 0.1991452991, "researchAndDevelopmentExpenses": 0, "generalAndAdministrativeExpenses": 0, "sellingAndMarketingExpenses": 0, "sellingGeneralAndAdministrativeExpenses": 10100000, "otherExpenses": 1400000, "operatingExpenses": 11500000, "costAndExpenses": 105200000, "interestIncome": 0, "interestExpense": 0, "depreciationAndAmortization": 1400000, "ebitda": 13200000, "ebitdaratio": 0.1128205128, "operatingIncome": 11800000, "operatingIncomeRatio": 0.1008547009, "totalOtherIncomeExpensesNet": -2800000, "incomeBeforeTax": 9000000, "incomeBeforeTaxRatio": 0.0769230769, "incomeTaxExpense": 2100000, "netIncome": 6900000, "netIncomeRatio": 0.058974359, "eps": 0.36, "epsdiluted": 0.33, "weightedAverageShsOut": 19166667, "weightedAverageShsOutDil": 20909091, "link": null, "finalLink": null, "calculatedOtherExpenses": 1400000, "calculatedOperatingExpenses": 11500000, "calculatedNetInterest": 0, "calculatedOtherIncome": -2800000, "calculatedIncomeNonControlling": 0, "calculatedEbitda": 13200000}]}