{"originalCurrency": "USD", "convertedCurrency": "USD", "report": [{"date": "2023-12-31", "symbol": "PRU", "reportedCurrency": "USD", "cik": "0001137774", "fillingDate": "2024-02-21", "acceptedDate": "2024-02-21 10:45:26", "calendarYear": "2023", "period": "FY", "revenue": 54265000000, "costOfRevenue": 0, "grossProfit": 54265000000, "grossProfitRatio": 1, "researchAndDevelopmentExpenses": 0, "generalAndAdministrativeExpenses": 12951000000, "sellingAndMarketingExpenses": 0, "sellingGeneralAndAdministrativeExpenses": 12951000000, "otherExpenses": -12189000000, "operatingExpenses": 83000000, "costAndExpenses": 51193000000, "interestIncome": 0, "interestExpense": 1766000000, "depreciationAndAmortization": -70000000, "ebitda": -116000000, "ebitdaratio": -0.0021376578, "operatingIncome": -116000000, "operatingIncomeRatio": -0.0021376578, "totalOtherIncomeExpensesNet": 4065000000, "incomeBeforeTax": 3072000000, "incomeBeforeTaxRatio": 0.0566110753, "incomeTaxExpense": 613000000, "netIncome": 2488000000, "netIncomeRatio": 0.045849074, "eps": 6.76, "epsdiluted": 6.74, "weightedAverageShsOut": 363500000, "weightedAverageShsOutDil": 364600000, "link": "https://www.sec.gov/Archives/edgar/data/1137774/000113777424000045/0001137774-24-000045-index.htm", "finalLink": "https://www.sec.gov/Archives/edgar/data/1137774/000113777424000045/pru-20231231.htm", "calculatedOtherExpenses": 41430000000, "calculatedOperatingExpenses": 54381000000, "calculatedNetInterest": -1766000000, "calculatedOtherIncome": 4954000000, "calculatedIncomeNonControlling": -29000000, "calculatedEbitda": -186000000}, {"date": "2022-12-31", "symbol": "PRU", "reportedCurrency": "USD", "cik": "0001137774", "fillingDate": "2023-02-16", "acceptedDate": "2023-02-16 16:29:53", "calendarYear": "2022", "period": "FY", "revenue": 60050000000, "costOfRevenue": 0, "grossProfit": 60050000000, "grossProfitRatio": 1, "researchAndDevelopmentExpenses": 0, "generalAndAdministrativeExpenses": 12585000000, "sellingAndMarketingExpenses": 2422000000, "sellingGeneralAndAdministrativeExpenses": 15007000000, "otherExpenses": -14922000000, "operatingExpenses": 15007000000, "costAndExpenses": 60923000000, "interestIncome": 0, "interestExpense": 1589000000, "depreciationAndAmortization": 124000000, "ebitda": -944000000, "ebitdaratio": -0.0157202331, "operatingIncome": -1068000000, "operatingIncomeRatio": -0.017785179, "totalOtherIncomeExpensesNet": -708000000, "incomeBeforeTax": -1776000000, "incomeBeforeTaxRatio": -0.0295753539, "incomeTaxExpense": -370000000, "netIncome": -1406000000, "netIncomeRatio": -0.0234138218, "eps": -3.78, "epsdiluted": -3.78, "weightedAverageShsOut": 372300000, "weightedAverageShsOutDil": 372300000, "link": "https://www.sec.gov/Archives/edgar/data/1137774/000113777423000040/0001137774-23-000040-index.htm", "finalLink": "https://www.sec.gov/Archives/edgar/data/1137774/000113777423000040/pru-20221231.htm", "calculatedOtherExpenses": 46111000000, "calculatedOperatingExpenses": 61118000000, "calculatedNetInterest": -1589000000, "calculatedOtherIncome": 881000000, "calculatedIncomeNonControlling": 0, "calculatedEbitda": -944000000}, {"date": "2021-12-31", "symbol": "PRU", "reportedCurrency": "USD", "cik": "0001137774", "fillingDate": "2022-02-17", "acceptedDate": "2022-02-17 16:33:01", "calendarYear": "2021", "period": "FY", "revenue": 61408000000, "costOfRevenue": 0, "grossProfit": 61408000000, "grossProfitRatio": 1, "researchAndDevelopmentExpenses": 0, "generalAndAdministrativeExpenses": 13419000000, "sellingAndMarketingExpenses": 0, "sellingGeneralAndAdministrativeExpenses": 13419000000, "otherExpenses": -68380000000, "operatingExpenses": -54961000000, "costAndExpenses": 52027000000, "interestIncome": 0, "interestExpense": 1474000000, "depreciationAndAmortization": 204000000, "ebitda": 6651000000, "ebitdaratio": 0.1083083637, "operatingIncome": 6447000000, "operatingIncomeRatio": 0.104986321, "totalOtherIncomeExpensesNet": 2934000000, "incomeBeforeTax": 9381000000, "incomeBeforeTaxRatio": 0.152765112, "incomeTaxExpense": 1674000000, "netIncome": 8868000000, "netIncomeRatio": 0.1444111516, "eps": 19.65, "epsdiluted": 19.51, "weightedAverageShsOut": 387200000, "weightedAverageShsOutDil": 390100000, "link": "https://www.sec.gov/Archives/edgar/data/1137774/000113777422000038/0001137774-22-000038-index.htm", "finalLink": "https://www.sec.gov/Archives/edgar/data/1137774/000113777422000038/pru-20211231.htm", "calculatedOtherExpenses": 41542000000, "calculatedOperatingExpenses": 54961000000, "calculatedNetInterest": -1474000000, "calculatedOtherIncome": 4408000000, "calculatedIncomeNonControlling": -1161000000, "calculatedEbitda": 6651000000}, {"date": "2020-12-31", "symbol": "PRU", "reportedCurrency": "USD", "cik": "0001137774", "fillingDate": "2021-02-19", "acceptedDate": "2021-02-19 16:36:07", "calendarYear": "2020", "period": "FY", "revenue": 49834000000, "costOfRevenue": 0, "grossProfit": 49834000000, "grossProfitRatio": 1, "researchAndDevelopmentExpenses": 0, "generalAndAdministrativeExpenses": 14256000000, "sellingAndMarketingExpenses": 640000000, "sellingGeneralAndAdministrativeExpenses": 14896000000, "otherExpenses": -67135000000, "operatingExpenses": -52239000000, "costAndExpenses": 50157000000, "interestIncome": 0, "interestExpense": 1570000000, "depreciationAndAmortization": 457000000, "ebitda": -1948000000, "ebitdaratio": -0.0390897781, "operatingIncome": -2405000000, "operatingIncomeRatio": -0.0482602239, "totalOtherIncomeExpensesNet": 2082000000, "incomeBeforeTax": -323000000, "incomeBeforeTaxRatio": -0.0064815186, "incomeTaxExpense": -81000000, "netIncome": -242000000, "netIncomeRatio": -0.0048561223, "eps": -0.61, "epsdiluted": -0.61, "weightedAverageShsOut": 395800000, "weightedAverageShsOutDil": 395800000, "link": "https://www.sec.gov/Archives/edgar/data/1137774/000113777421000049/0001137774-21-000049-index.htm", "finalLink": "https://www.sec.gov/Archives/edgar/data/1137774/000113777421000049/pru-20201231.htm", "calculatedOtherExpenses": 37343000000, "calculatedOperatingExpenses": 52239000000, "calculatedNetInterest": -1570000000, "calculatedOtherIncome": 3652000000, "calculatedIncomeNonControlling": 0, "calculatedEbitda": -1948000000}, {"date": "2019-12-31", "symbol": "PRU", "reportedCurrency": "USD", "cik": "0001137774", "fillingDate": "2020-02-14", "acceptedDate": "2020-02-14 16:24:04", "calendarYear": "2019", "period": "FY", "revenue": 57243000000, "costOfRevenue": 0, "grossProfit": 57243000000, "grossProfitRatio": 1, "researchAndDevelopmentExpenses": 0, "generalAndAdministrativeExpenses": 14058000000, "sellingAndMarketingExpenses": 462000000, "sellingGeneralAndAdministrativeExpenses": 14520000000, "otherExpenses": -69892000000, "operatingExpenses": -55372000000, "costAndExpenses": 52158000000, "interestIncome": 0, "interestExpense": 1540000000, "depreciationAndAmortization": 460000000, "ebitda": 2331000000, "ebitdaratio": 0.0407211362, "operatingIncome": 1871000000, "operatingIncomeRatio": 0.0326852192, "totalOtherIncomeExpensesNet": 3214000000, "incomeBeforeTax": 5085000000, "incomeBeforeTaxRatio": 0.0888318222, "incomeTaxExpense": 947000000, "netIncome": 4186000000, "netIncomeRatio": 0.0731268452, "eps": 10.23, "epsdiluted": 10.11, "weightedAverageShsOut": 404800000, "weightedAverageShsOutDil": 410900000, "link": "https://www.sec.gov/Archives/edgar/data/1137774/000113777420000065/0001137774-20-000065-index.htm", "finalLink": "https://www.sec.gov/Archives/edgar/data/1137774/000113777420000065/form10-kx4q2019.htm", "calculatedOtherExpenses": 40852000000, "calculatedOperatingExpenses": 55372000000, "calculatedNetInterest": -1540000000, "calculatedOtherIncome": 4754000000, "calculatedIncomeNonControlling": -48000000, "calculatedEbitda": 2331000000}, {"date": "2018-12-31", "symbol": "PRU", "reportedCurrency": "USD", "cik": "0001137774", "fillingDate": "2019-02-15", "acceptedDate": "2019-02-15 16:21:00", "calendarYear": "2018", "period": "FY", "revenue": 62992000000, "costOfRevenue": 0, "grossProfit": 62992000000, "grossProfitRatio": 1, "researchAndDevelopmentExpenses": 0, "generalAndAdministrativeExpenses": 11949000000, "sellingAndMarketingExpenses": 0, "sellingGeneralAndAdministrativeExpenses": 11949000000, "otherExpenses": 46209000000, "operatingExpenses": 58158000000, "costAndExpenses": 58158000000, "interestIncome": 0, "interestExpense": 1414000000, "depreciationAndAmortization": 161000000, "ebitda": 6471000000, "ebitdaratio": 0.1027273305, "operatingIncome": 6310000000, "operatingIncomeRatio": 0.1001714503, "totalOtherIncomeExpensesNet": -1042000000, "incomeBeforeTax": 4834000000, "incomeBeforeTaxRatio": 0.0767399035, "incomeTaxExpense": 822000000, "netIncome": 4074000000, "netIncomeRatio": 0.0646748793, "eps": 9.75, "epsdiluted": 9.56, "weightedAverageShsOut": 417634855, "weightedAverageShsOutDil": 426200000, "link": "https://www.sec.gov/Archives/edgar/data/1137774/000113777419000058/0001137774-19-000058-index.htm", "finalLink": "https://www.sec.gov/Archives/edgar/data/1137774/000113777419000058/form10-kx4q2018.htm", "calculatedOtherExpenses": 44733000000, "calculatedOperatingExpenses": 56682000000, "calculatedNetInterest": -1414000000, "calculatedOtherIncome": -62000000, "calculatedIncomeNonControlling": -62000000, "calculatedEbitda": 6471000000}, {"date": "2017-12-31", "symbol": "PRU", "reportedCurrency": "USD", "cik": "0001137774", "fillingDate": "2018-02-16", "acceptedDate": "2018-02-16 16:19:47", "calendarYear": "2017", "period": "FY", "revenue": 59689000000, "costOfRevenue": 0, "grossProfit": 59689000000, "grossProfitRatio": 1, "researchAndDevelopmentExpenses": 0, "generalAndAdministrativeExpenses": 11915000000, "sellingAndMarketingExpenses": 0, "sellingGeneralAndAdministrativeExpenses": 11915000000, "otherExpenses": 41287000000, "operatingExpenses": 53202000000, "costAndExpenses": 53202000000, "interestIncome": 0, "interestExpense": 1322000000, "depreciationAndAmortization": 222000000, "ebitda": 7969000000, "ebitdaratio": 0.1335086867, "operatingIncome": 7974000000, "operatingIncomeRatio": 0.1335924542, "totalOtherIncomeExpensesNet": 1301000000, "incomeBeforeTax": 6487000000, "incomeBeforeTaxRatio": 0.1086799913, "incomeTaxExpense": -1438000000, "netIncome": 7863000000, "netIncomeRatio": 0.1317328151, "eps": 18.41, "epsdiluted": 18.03, "weightedAverageShsOut": 427000000, "weightedAverageShsOutDil": 436000000, "link": "https://www.sec.gov/Archives/edgar/data/1137774/000113777418000063/0001137774-18-000063-index.htm", "finalLink": "https://www.sec.gov/Archives/edgar/data/1137774/000113777418000063/form10-kx4q2017.htm", "calculatedOtherExpenses": 39800000000, "calculatedOperatingExpenses": 51715000000, "calculatedNetInterest": -1322000000, "calculatedOtherIncome": -165000000, "calculatedIncomeNonControlling": 62000000, "calculatedEbitda": 8196000000}, {"date": "2016-12-31", "symbol": "PRU", "reportedCurrency": "USD", "cik": "0001137774", "fillingDate": "2017-02-17", "acceptedDate": "2017-02-17 16:20:56", "calendarYear": "2016", "period": "FY", "revenue": 58779000000, "costOfRevenue": 0, "grossProfit": 58779000000, "grossProfitRatio": 1, "researchAndDevelopmentExpenses": 0, "generalAndAdministrativeExpenses": 11779000000, "sellingAndMarketingExpenses": 0, "sellingGeneralAndAdministrativeExpenses": 11779000000, "otherExpenses": 41295000000, "operatingExpenses": 53074000000, "costAndExpenses": 53074000000, "interestIncome": 0, "interestExpense": 1315000000, "depreciationAndAmortization": 318000000, "ebitda": 7336000000, "ebitdaratio": 0.1248064785, "operatingIncome": 4419000000, "operatingIncomeRatio": 0.0751799112, "totalOtherIncomeExpensesNet": 443000000, "incomeBeforeTax": 5705000000, "incomeBeforeTaxRatio": 0.0970584733, "incomeTaxExpense": 1335000000, "netIncome": 4368000000, "netIncomeRatio": 0.0743122544, "eps": 10.17, "epsdiluted": 10.17, "weightedAverageShsOut": 429574173, "weightedAverageShsOutDil": 429574173, "link": "https://www.sec.gov/Archives/edgar/data/1137774/000113777417000084/0001137774-17-000084-index.htm", "finalLink": "https://www.sec.gov/Archives/edgar/data/1137774/000113777417000084/form10-kx4q2016.htm", "calculatedOtherExpenses": 42581000000, "calculatedOperatingExpenses": 54360000000, "calculatedNetInterest": -1315000000, "calculatedOtherIncome": 2601000000, "calculatedIncomeNonControlling": 2000000, "calculatedEbitda": 4737000000}, {"date": "2015-12-31", "symbol": "PRU", "reportedCurrency": "USD", "cik": "0001137774", "fillingDate": "2016-02-19", "acceptedDate": "2016-02-19 16:22:47", "calendarYear": "2015", "period": "FY", "revenue": 57119000000, "costOfRevenue": 0, "grossProfit": 57119000000, "grossProfitRatio": 1, "researchAndDevelopmentExpenses": 0, "generalAndAdministrativeExpenses": 10912000000, "sellingAndMarketingExpenses": 0, "sellingGeneralAndAdministrativeExpenses": 10912000000, "otherExpenses": 38438000000, "operatingExpenses": 49350000000, "costAndExpenses": 49350000000, "interestIncome": 0, "interestExpense": 1302000000, "depreciationAndAmortization": 113000000, "ebitda": 9129000000, "ebitdaratio": 0.1598242266, "operatingIncome": 5712000000, "operatingIncomeRatio": 0.1000017507, "totalOtherIncomeExpensesNet": 2057000000, "incomeBeforeTax": 7769000000, "incomeBeforeTaxRatio": 0.136014286, "incomeTaxExpense": 2072000000, "netIncome": 5642000000, "netIncomeRatio": 0.0987762391, "eps": 12.62, "epsdiluted": 12.17, "weightedAverageShsOut": 447101369, "weightedAverageShsOutDil": 463599014, "link": "https://www.sec.gov/Archives/edgar/data/1137774/000113777416000226/0001137774-16-000226-index.htm", "finalLink": "https://www.sec.gov/Archives/edgar/data/1137774/000113777416000226/pfi201510-k.htm", "calculatedOtherExpenses": 40495000000, "calculatedOperatingExpenses": 51407000000, "calculatedNetInterest": -1302000000, "calculatedOtherIncome": 3359000000, "calculatedIncomeNonControlling": 55000000, "calculatedEbitda": 5825000000}, {"date": "2014-12-31", "symbol": "PRU", "reportedCurrency": "USD", "cik": "0001137774", "fillingDate": "2015-02-20", "acceptedDate": "2015-02-20 16:28:38", "calendarYear": "2014", "period": "FY", "revenue": 54105000000, "costOfRevenue": 0, "grossProfit": 54105000000, "grossProfitRatio": 1, "researchAndDevelopmentExpenses": 0, "generalAndAdministrativeExpenses": 11807000000, "sellingAndMarketingExpenses": 0, "sellingGeneralAndAdministrativeExpenses": 11807000000, "otherExpenses": 40539000000, "operatingExpenses": 52346000000, "costAndExpenses": 52346000000, "interestIncome": 0, "interestExpense": 1308000000, "depreciationAndAmortization": 631000000, "ebitda": 3669000000, "ebitdaratio": 0.0678125866, "operatingIncome": 1426000000, "operatingIncomeRatio": 0.0263561593, "totalOtherIncomeExpensesNet": -1978000000, "incomeBeforeTax": 1759000000, "incomeBeforeTaxRatio": 0.0325108585, "incomeTaxExpense": 349000000, "netIncome": 1381000000, "netIncomeRatio": 0.0255244432, "eps": 3.02, "epsdiluted": 3.02, "weightedAverageShsOut": 455692308, "weightedAverageShsOutDil": 456833477, "link": "https://www.sec.gov/Archives/edgar/data/1137774/000119312515056366/0001193125-15-056366-index.htm", "finalLink": "https://www.sec.gov/Archives/edgar/data/1137774/000119312515056366/d864090d10k.htm", "calculatedOtherExpenses": 40872000000, "calculatedOperatingExpenses": 52679000000, "calculatedNetInterest": -1308000000, "calculatedOtherIncome": 1641000000, "calculatedIncomeNonControlling": 29000000, "calculatedEbitda": 2057000000}, {"date": "2013-12-31", "symbol": "PRU", "reportedCurrency": "USD", "cik": "0001137774", "fillingDate": "2014-02-27", "acceptedDate": "2014-02-27 16:24:20", "calendarYear": "2013", "period": "FY", "revenue": 41461000000, "costOfRevenue": 0, "grossProfit": 41461000000, "grossProfitRatio": 1, "researchAndDevelopmentExpenses": 0, "generalAndAdministrativeExpenses": 11011000000, "sellingAndMarketingExpenses": 0, "sellingGeneralAndAdministrativeExpenses": 11011000000, "otherExpenses": 32134000000, "operatingExpenses": 43145000000, "costAndExpenses": 43145000000, "interestIncome": 0, "interestExpense": 0, "depreciationAndAmortization": 411000000, "ebitda": -1314000000, "ebitdaratio": -0.0316924339, "operatingIncome": -567000000, "operatingIncomeRatio": -0.0136755023, "totalOtherIncomeExpensesNet": -1117000000, "incomeBeforeTax": -1684000000, "incomeBeforeTaxRatio": -0.040616483, "incomeTaxExpense": -1058000000, "netIncome": -667000000, "netIncomeRatio": -0.0160874074, "eps": -1.42, "epsdiluted": -1.42, "weightedAverageShsOut": 465100102, "weightedAverageShsOutDil": 468387097, "link": "https://www.sec.gov/Archives/edgar/data/1137774/000119312514073074/0001193125-14-073074-index.htm", "finalLink": "https://www.sec.gov/Archives/edgar/data/1137774/000119312514073074/d655171d10k.htm", "calculatedOtherExpenses": 31017000000, "calculatedOperatingExpenses": 42028000000, "calculatedNetInterest": 0, "calculatedOtherIncome": -1117000000, "calculatedIncomeNonControlling": 41000000, "calculatedEbitda": -156000000}, {"date": "2012-12-31", "symbol": "PRU", "reportedCurrency": "USD", "cik": "0001137774", "fillingDate": "2013-02-22", "acceptedDate": "2013-02-22 16:36:17", "calendarYear": "2012", "period": "FY", "revenue": 84815000000, "costOfRevenue": 0, "grossProfit": 84815000000, "grossProfitRatio": 1, "researchAndDevelopmentExpenses": 0, "generalAndAdministrativeExpenses": 11094000000, "sellingAndMarketingExpenses": 0, "sellingGeneralAndAdministrativeExpenses": 11094000000, "otherExpenses": 73045000000, "operatingExpenses": 84139000000, "costAndExpenses": 84139000000, "interestIncome": 0, "interestExpense": 0, "depreciationAndAmortization": 302000000, "ebitda": 975000000, "ebitdaratio": 0.0114956081, "operatingIncome": 532000000, "operatingIncomeRatio": 0.0062724754, "totalOtherIncomeExpensesNet": 144000000, "incomeBeforeTax": 676000000, "incomeBeforeTaxRatio": 0.0079702883, "incomeTaxExpense": 204000000, "netIncome": 469000000, "netIncomeRatio": 0.0055296822, "eps": 0.95, "epsdiluted": 0.94, "weightedAverageShsOut": 446315789, "weightedAverageShsOutDil": 451063830, "link": "https://www.sec.gov/Archives/edgar/data/1137774/000119312513071582/0001193125-13-071582-index.htm", "finalLink": "https://www.sec.gov/Archives/edgar/data/1137774/000119312513071582/d450278d10k.htm", "calculatedOtherExpenses": 73189000000, "calculatedOperatingExpenses": 84283000000, "calculatedNetInterest": 0, "calculatedOtherIncome": 144000000, "calculatedIncomeNonControlling": 3000000, "calculatedEbitda": 834000000}, {"date": "2011-12-31", "symbol": "PRU", "reportedCurrency": "USD", "cik": "0001137774", "fillingDate": "2012-02-24", "acceptedDate": "2012-02-24 16:12:37", "calendarYear": "2011", "period": "FY", "revenue": 49045000000, "costOfRevenue": 0, "grossProfit": 49045000000, "grossProfitRatio": 1, "researchAndDevelopmentExpenses": 0, "generalAndAdministrativeExpenses": 9815000000, "sellingAndMarketingExpenses": 0, "sellingGeneralAndAdministrativeExpenses": 9815000000, "otherExpenses": 34306000000, "operatingExpenses": 44121000000, "costAndExpenses": 43928000000, "interestIncome": 0, "interestExpense": 1164000000, "depreciationAndAmortization": 290000000, "ebitda": 6719000000, "ebitdaratio": 0.1369966357, "operatingIncome": 3703000000, "operatingIncomeRatio": 0.0755020899, "totalOtherIncomeExpensesNet": 4039000000, "incomeBeforeTax": 5117000000, "incomeBeforeTaxRatio": 0.1043327556, "incomeTaxExpense": 1599000000, "netIncome": 3383000000, "netIncomeRatio": 0.0689774697, "eps": 7.04, "epsdiluted": 7.04, "weightedAverageShsOut": 480200000, "weightedAverageShsOutDil": 488700000, "link": "https://www.sec.gov/Archives/edgar/data/1137774/000119312512078116/0001193125-12-078116-index.htm", "finalLink": "https://www.sec.gov/Archives/edgar/data/1137774/000119312512078116/d291665d10k.htm", "calculatedOtherExpenses": 35527000000, "calculatedOperatingExpenses": 45342000000, "calculatedNetInterest": -1164000000, "calculatedOtherIncome": 2578000000, "calculatedIncomeNonControlling": 135000000, "calculatedEbitda": 3993000000}, {"date": "2010-12-31", "symbol": "PRU", "reportedCurrency": "USD", "cik": "0001137774", "fillingDate": "2011-02-25", "acceptedDate": "2011-02-25 16:36:09", "calendarYear": "2010", "period": "FY", "revenue": 38414000000, "costOfRevenue": 0, "grossProfit": 38414000000, "grossProfitRatio": 1, "researchAndDevelopmentExpenses": 0, "generalAndAdministrativeExpenses": 7872000000, "sellingAndMarketingExpenses": 0, "sellingGeneralAndAdministrativeExpenses": 7872000000, "otherExpenses": 26205000000, "operatingExpenses": 34077000000, "costAndExpenses": 33992000000, "interestIncome": 0, "interestExpense": 0, "depreciationAndAmortization": -104000000, "ebitda": 4401000000, "ebitdaratio": 0.1145676056, "operatingIncome": 3196000000, "operatingIncomeRatio": 0.0831988338, "totalOtherIncomeExpensesNet": 1226000000, "incomeBeforeTax": 4422000000, "incomeBeforeTaxRatio": 0.1151142813, "incomeTaxExpense": 1310000000, "netIncome": 3195000000, "netIncomeRatio": 0.0831728016, "eps": 5.82, "epsdiluted": 5.75, "weightedAverageShsOut": 466800000, "weightedAverageShsOutDil": 475400000, "link": "https://www.sec.gov/Archives/edgar/data/1137774/000119312511047467/0001193125-11-047467-index.htm", "finalLink": "https://www.sec.gov/Archives/edgar/data/1137774/000119312511047467/d10k.htm", "calculatedOtherExpenses": 27346000000, "calculatedOperatingExpenses": 35218000000, "calculatedNetInterest": 0, "calculatedOtherIncome": 1226000000, "calculatedIncomeNonControlling": -83000000, "calculatedEbitda": 3092000000}, {"date": "2009-12-31", "symbol": "PRU", "reportedCurrency": "USD", "cik": "0001137774", "fillingDate": "2010-02-26", "acceptedDate": "2010-02-26 16:48:39", "calendarYear": "2009", "period": "FY", "revenue": 32688000000, "costOfRevenue": 0, "grossProfit": 32688000000, "grossProfitRatio": 1, "researchAndDevelopmentExpenses": 0, "generalAndAdministrativeExpenses": 8991000000, "sellingAndMarketingExpenses": 0, "sellingGeneralAndAdministrativeExpenses": 8991000000, "otherExpenses": 21865000000, "operatingExpenses": 30856000000, "costAndExpenses": 31119000000, "interestIncome": 0, "interestExpense": 0, "depreciationAndAmortization": 175000000, "ebitda": 3320000000, "ebitdaratio": 0.101566324, "operatingIncome": 19000000, "operatingIncomeRatio": 0.0005812531, "totalOtherIncomeExpensesNet": 1550000000, "incomeBeforeTax": 1569000000, "incomeBeforeTaxRatio": 0.0479992658, "incomeTaxExpense": 21000000, "netIncome": 3124000000, "netIncomeRatio": 0.0955702398, "eps": 7.68, "epsdiluted": 7.63, "weightedAverageShsOut": 444600000, "weightedAverageShsOutDil": 448200000, "link": "https://www.sec.gov/Archives/edgar/data/1137774/000119312510043048/0001193125-10-043048-index.htm", "finalLink": "https://www.sec.gov/Archives/edgar/data/1137774/000119312510043048/d10k.htm", "calculatedOtherExpenses": 23678000000, "calculatedOperatingExpenses": 32669000000, "calculatedNetInterest": 0, "calculatedOtherIncome": 1550000000, "calculatedIncomeNonControlling": -1576000000, "calculatedEbitda": 194000000}, {"date": "2008-12-31", "symbol": "PRU", "reportedCurrency": "USD", "cik": "0001137774", "fillingDate": "2009-02-27", "acceptedDate": "2009-02-26 18:19:12", "calendarYear": "2008", "period": "FY", "revenue": 29275000000, "costOfRevenue": 0, "grossProfit": 29275000000, "grossProfitRatio": 1, "researchAndDevelopmentExpenses": 0, "generalAndAdministrativeExpenses": 9309000000, "sellingAndMarketingExpenses": 0, "sellingGeneralAndAdministrativeExpenses": 9309000000, "otherExpenses": 20907000000, "operatingExpenses": 30216000000, "costAndExpenses": 30393000000, "interestIncome": 0, "interestExpense": 0, "depreciationAndAmortization": 656000000, "ebitda": -878000000, "ebitdaratio": -0.0299914603, "operatingIncome": -76000000, "operatingIncomeRatio": -0.0025960717, "totalOtherIncomeExpensesNet": 3342000000, "incomeBeforeTax": -1118000000, "incomeBeforeTaxRatio": -0.0381895816, "incomeTaxExpense": -461000000, "netIncome": -1073000000, "netIncomeRatio": -0.0366524338, "eps": -2.5, "epsdiluted": -2.5, "weightedAverageShsOut": 429700000, "weightedAverageShsOutDil": 429700000, "link": "https://www.sec.gov/Archives/edgar/data/1137774/000119312509039316/0001193125-09-039316-index.htm", "finalLink": "https://www.sec.gov/Archives/edgar/data/1137774/000119312509039316/d10k.htm", "calculatedOtherExpenses": 20042000000, "calculatedOperatingExpenses": 29351000000, "calculatedNetInterest": 0, "calculatedOtherIncome": -1042000000, "calculatedIncomeNonControlling": 416000000, "calculatedEbitda": 580000000}, {"date": "2007-12-31", "symbol": "PRU", "reportedCurrency": "USD", "cik": "0001137774", "fillingDate": "2008-02-27", "acceptedDate": "2008-02-27 17:08:57", "calendarYear": "2007", "period": "FY", "revenue": 34401000000, "costOfRevenue": 0, "grossProfit": 34401000000, "grossProfitRatio": 1, "researchAndDevelopmentExpenses": 0, "generalAndAdministrativeExpenses": 8841000000, "sellingAndMarketingExpenses": 0, "sellingGeneralAndAdministrativeExpenses": 8841000000, "otherExpenses": 20853000000, "operatingExpenses": 29694000000, "costAndExpenses": 29715000000, "interestIncome": 0, "interestExpense": 0, "depreciationAndAmortization": 272000000, "ebitda": 5221000000, "ebitdaratio": 0.1517688439, "operatingIncome": 17000000, "operatingIncomeRatio": 0.0004941717, "totalOtherIncomeExpensesNet": 7420000000, "incomeBeforeTax": 4686000000, "incomeBeforeTaxRatio": 0.1362169704, "incomeTaxExpense": 1245000000, "netIncome": 3704000000, "netIncomeRatio": 0.1076712886, "eps": 7.75, "epsdiluted": 7.61, "weightedAverageShsOut": 459800000, "weightedAverageShsOutDil": 468300000, "link": "https://www.sec.gov/Archives/edgar/data/1137774/000119312508040213/0001193125-08-040213-index.htm", "finalLink": "https://www.sec.gov/Archives/edgar/data/1137774/000119312508040213/d10k.htm", "calculatedOtherExpenses": 25543000000, "calculatedOperatingExpenses": 34384000000, "calculatedNetInterest": 0, "calculatedOtherIncome": 4669000000, "calculatedIncomeNonControlling": -263000000, "calculatedEbitda": 289000000}, {"date": "2006-12-31", "symbol": "PRU", "reportedCurrency": "USD", "cik": "0001137774", "fillingDate": "2007-02-28", "acceptedDate": "2007-02-28 17:25:08", "calendarYear": "2006", "period": "FY", "revenue": 32488000000, "costOfRevenue": 0, "grossProfit": 32488000000, "grossProfitRatio": 1, "researchAndDevelopmentExpenses": 0, "generalAndAdministrativeExpenses": 8263000000, "sellingAndMarketingExpenses": 0, "sellingGeneralAndAdministrativeExpenses": 8263000000, "otherExpenses": 19611000000, "operatingExpenses": 27874000000, "costAndExpenses": 28085000000, "interestIncome": 0, "interestExpense": 0, "depreciationAndAmortization": 350000000, "ebitda": 5026000000, "ebitdaratio": 0.1547032751, "operatingIncome": 65000000, "operatingIncomeRatio": 0.0020007387, "totalOtherIncomeExpensesNet": 6452000000, "incomeBeforeTax": 4403000000, "incomeBeforeTaxRatio": 0.1355269638, "incomeTaxExpense": 1248000000, "netIncome": 3428000000, "netIncomeRatio": 0.1055158828, "eps": 6.63, "epsdiluted": 6.5, "weightedAverageShsOut": 484200000, "weightedAverageShsOutDil": 494000000, "link": "https://www.sec.gov/Archives/edgar/data/1137774/000119312507042867/0001193125-07-042867-index.htm", "finalLink": "https://www.sec.gov/Archives/edgar/data/1137774/000119312507042867/d10k.htm", "calculatedOtherExpenses": 24160000000, "calculatedOperatingExpenses": 32423000000, "calculatedNetInterest": 0, "calculatedOtherIncome": 4338000000, "calculatedIncomeNonControlling": -273000000, "calculatedEbitda": 415000000}, {"date": "2005-12-31", "symbol": "PRU", "reportedCurrency": "USD", "cik": "0001137774", "fillingDate": "2006-02-28", "acceptedDate": "2006-02-28 16:46:55", "calendarYear": "2005", "period": "FY", "revenue": 31708000000, "costOfRevenue": 0, "grossProfit": 31708000000, "grossProfitRatio": 1, "researchAndDevelopmentExpenses": 0, "generalAndAdministrativeExpenses": 7838000000, "sellingAndMarketingExpenses": 0, "sellingGeneralAndAdministrativeExpenses": 7838000000, "otherExpenses": 19235000000, "operatingExpenses": 27073000000, "costAndExpenses": 27237000000, "interestIncome": 0, "interestExpense": 0, "depreciationAndAmortization": 501000000, "ebitda": 4910000000, "ebitdaratio": 0.1548505109, "operatingIncome": -62000000, "operatingIncomeRatio": -0.0019553425, "totalOtherIncomeExpensesNet": 6088000000, "incomeBeforeTax": 4471000000, "incomeBeforeTaxRatio": 0.1410054245, "incomeTaxExpense": 869000000, "netIncome": 3540000000, "netIncomeRatio": 0.1116437492, "eps": 6.45, "epsdiluted": 6.34, "weightedAverageShsOut": 511800000, "weightedAverageShsOutDil": 520900000, "link": "https://www.sec.gov/Archives/edgar/data/1137774/000119312506041378/0001193125-06-041378-index.htm", "finalLink": "https://www.sec.gov/Archives/edgar/data/1137774/000119312506041378/d10k.htm", "calculatedOtherExpenses": 23932000000, "calculatedOperatingExpenses": 31770000000, "calculatedNetInterest": 0, "calculatedOtherIncome": 4533000000, "calculatedIncomeNonControlling": 62000000, "calculatedEbitda": 439000000}, {"date": "2004-12-31", "symbol": "PRU", "reportedCurrency": "USD", "cik": "0001137774", "fillingDate": "2005-03-09", "acceptedDate": "2005-03-09 16:18:38", "calendarYear": "2004", "period": "FY", "revenue": 28348000000, "costOfRevenue": 0, "grossProfit": 28348000000, "grossProfitRatio": 1, "researchAndDevelopmentExpenses": 0, "generalAndAdministrativeExpenses": 7346000000, "sellingAndMarketingExpenses": 0, "sellingGeneralAndAdministrativeExpenses": 7346000000, "otherExpenses": 0, "operatingExpenses": 7346000000, "costAndExpenses": 25061000000, "interestIncome": 0, "interestExpense": 0, "depreciationAndAmortization": 589000000, "ebitda": 3800000000, "ebitdaratio": 0.1340482574, "operatingIncome": -18000000, "operatingIncomeRatio": -0.0006349654, "totalOtherIncomeExpensesNet": 5963000000, "incomeBeforeTax": 3287000000, "incomeBeforeTaxRatio": 0.1159517426, "incomeTaxExpense": 955000000, "netIncome": 2256000000, "netIncomeRatio": 0.0795823339, "eps": 3.38, "epsdiluted": 3.31, "weightedAverageShsOut": 520600000, "weightedAverageShsOutDil": 531200000, "link": "https://www.sec.gov/Archives/edgar/data/1137774/000119312505045535/0001193125-05-045535-index.htm", "finalLink": "https://www.sec.gov/Archives/edgar/data/1137774/000119312505045535/d10k.htm", "calculatedOtherExpenses": 21020000000, "calculatedOperatingExpenses": 28366000000, "calculatedNetInterest": 0, "calculatedOtherIncome": 3305000000, "calculatedIncomeNonControlling": 76000000, "calculatedEbitda": 571000000}, {"date": "2003-12-31", "symbol": "PRU", "reportedCurrency": "USD", "cik": "0001137774", "fillingDate": "2004-03-10", "acceptedDate": "2004-03-10 15:30:48", "calendarYear": "2003", "period": "FY", "revenue": 27907000000, "costOfRevenue": 0, "grossProfit": 27907000000, "grossProfitRatio": 1, "researchAndDevelopmentExpenses": 0, "generalAndAdministrativeExpenses": 7602000000, "sellingAndMarketingExpenses": 0, "sellingGeneralAndAdministrativeExpenses": 7602000000, "otherExpenses": 0, "operatingExpenses": 7602000000, "costAndExpenses": 25949000000, "interestIncome": 0, "interestExpense": 1830000000, "depreciationAndAmortization": 733000000, "ebitda": 4477000000, "ebitdaratio": 0.1604256996, "operatingIncome": 491000000, "operatingIncomeRatio": 0.017594152, "totalOtherIncomeExpensesNet": 5723000000, "incomeBeforeTax": 1958000000, "incomeBeforeTaxRatio": 0.0701616082, "incomeTaxExpense": 650000000, "netIncome": 1264000000, "netIncomeRatio": 0.0452932956, "eps": 1.99, "epsdiluted": 1.98, "weightedAverageShsOut": 544400000, "weightedAverageShsOutDil": 548400000, "link": "https://www.sec.gov/Archives/edgar/data/1137774/000119312504038160/0001193125-04-038160-index.htm", "finalLink": "https://www.sec.gov/Archives/edgar/data/1137774/000119312504038160/d10k.htm", "calculatedOtherExpenses": 19814000000, "calculatedOperatingExpenses": 27416000000, "calculatedNetInterest": -1830000000, "calculatedOtherIncome": 3297000000, "calculatedIncomeNonControlling": 44000000, "calculatedEbitda": 1224000000}, {"date": "2002-12-31", "symbol": "PRU", "reportedCurrency": "USD", "cik": "0001137774", "fillingDate": "2003-03-14", "acceptedDate": "2003-03-14 15:49:30", "calendarYear": "2002", "period": "FY", "revenue": 26675000000, "costOfRevenue": 20000000, "grossProfit": 26655000000, "grossProfitRatio": 0.9992502343, "researchAndDevelopmentExpenses": 0, "generalAndAdministrativeExpenses": 8463000000, "sellingAndMarketingExpenses": 0, "sellingGeneralAndAdministrativeExpenses": 8463000000, "otherExpenses": 0, "operatingExpenses": 8443000000, "costAndExpenses": 26611000000, "interestIncome": 0, "interestExpense": 1846000000, "depreciationAndAmortization": 559000000, "ebitda": 2407000000, "ebitdaratio": 0.0902343018, "operatingIncome": 256000000, "operatingIncomeRatio": 0.0095970009, "totalOtherIncomeExpensesNet": 5670000000, "incomeBeforeTax": 64000000, "incomeBeforeTaxRatio": 0.0023992502, "incomeTaxExpense": -192000000, "netIncome": 194000000, "netIncomeRatio": 0.0072727273, "eps": 0.34, "epsdiluted": 0.34, "weightedAverageShsOut": 576567377, "weightedAverageShsOutDil": 577983819, "link": "https://www.sec.gov/Archives/edgar/data/1137774/000095013003002060/0000950130-03-002060-index.htm", "finalLink": "https://www.sec.gov/Archives/edgar/data/1137774/000095013003002060/d10k.htm", "calculatedOtherExpenses": 17936000000, "calculatedOperatingExpenses": 26399000000, "calculatedNetInterest": -1846000000, "calculatedOtherIncome": 1654000000, "calculatedIncomeNonControlling": 62000000, "calculatedEbitda": 815000000}, {"date": "2001-12-31", "symbol": "PRU", "reportedCurrency": "USD", "cik": "0001137774", "fillingDate": "2002-03-26", "acceptedDate": "2002-03-26 00:00:00", "calendarYear": "2001", "period": "FY", "revenue": 27177000000, "costOfRevenue": 0, "grossProfit": 27177000000, "grossProfitRatio": 1, "researchAndDevelopmentExpenses": 0, "generalAndAdministrativeExpenses": 0, "sellingAndMarketingExpenses": 0, "sellingGeneralAndAdministrativeExpenses": 9786000000, "otherExpenses": -37004000000, "operatingExpenses": -27218000000, "costAndExpenses": 27404000000, "interestIncome": 0, "interestExpense": 0, "depreciationAndAmortization": 446000000, "ebitda": 235000000, "ebitdaratio": 0.0086470177, "operatingIncome": -41000000, "operatingIncomeRatio": -0.0015086286, "totalOtherIncomeExpensesNet": 6254000000, "incomeBeforeTax": -227000000, "incomeBeforeTaxRatio": -0.0083526511, "incomeTaxExpense": -57000000, "netIncome": -154000000, "netIncomeRatio": -0.0056665563, "eps": -0.27, "epsdiluted": -0.27, "weightedAverageShsOut": 580047053, "weightedAverageShsOutDil": 580827390, "link": "https://www.sec.gov/Archives/edgar/data/1137774/000095013002001967/0000950130-02-001967-index.htm", "finalLink": "https://www.sec.gov/Archives/edgar/data/1137774/000095013002001967/d10k405.txt", "calculatedOtherExpenses": 17432000000, "calculatedOperatingExpenses": 27218000000, "calculatedNetInterest": 0, "calculatedOtherIncome": -186000000, "calculatedIncomeNonControlling": -16000000, "calculatedEbitda": 405000000}]}