{"originalCurrency": "USD", "convertedCurrency": "USD", "report": [{"date": "2023-12-31", "symbol": "PSA", "reportedCurrency": "USD", "cik": "0001393311", "fillingDate": "2024-02-20", "acceptedDate": "2024-02-20 17:05:57", "calendarYear": "2023", "period": "FY", "revenue": 4517690000, "costOfRevenue": 1147946000, "grossProfit": 3369744000, "grossProfitRatio": 0.7458997851, "researchAndDevelopmentExpenses": 0, "generalAndAdministrativeExpenses": 80632000, "sellingAndMarketingExpenses": 0, "sellingGeneralAndAdministrativeExpenses": 80632000, "otherExpenses": 17954000, "operatingExpenses": 1050688000, "costAndExpenses": 2198634000, "interestIncome": 64819000, "interestExpense": 201132000, "depreciationAndAmortization": 970056000, "ebitda": 3399782000, "ebitdaratio": 0.7525487583, "operatingIncome": 3217586000, "operatingIncomeRatio": 0.7122192979, "totalOtherIncomeExpensesNet": -11802000, "incomeBeforeTax": 2170941000, "incomeBeforeTaxRatio": 0.4805422683, "incomeTaxExpense": 10821000, "netIncome": 2148327000, "netIncomeRatio": 0.4755366127, "eps": 11.11, "epsdiluted": 11.06, "weightedAverageShsOut": 175472000, "weightedAverageShsOutDil": 176143000, "link": "https://www.sec.gov/Archives/edgar/data/1393311/000139331124000043/0001393311-24-000043-index.htm", "finalLink": "https://www.sec.gov/Archives/edgar/data/1393311/000139331124000043/psa-20231231.htm", "calculatedOtherExpenses": 71526000, "calculatedOperatingExpenses": 152158000, "calculatedNetInterest": -136313000, "calculatedOtherIncome": -910332000, "calculatedIncomeNonControlling": 11793000, "calculatedEbitda": 4187642000}, {"date": "2022-12-31", "symbol": "PSA", "reportedCurrency": "USD", "cik": "0001393311", "fillingDate": "2023-02-21", "acceptedDate": "2023-02-21 16:15:36", "calendarYear": "2022", "period": "FY", "revenue": 4182163000, "costOfRevenue": 1052907000, "grossProfit": 3129256000, "grossProfitRatio": 0.7482386507, "researchAndDevelopmentExpenses": 17540000, "generalAndAdministrativeExpenses": 114742000, "sellingAndMarketingExpenses": 0, "sellingGeneralAndAdministrativeExpenses": 114742000, "otherExpenses": 870606000, "operatingExpenses": 1002888000, "costAndExpenses": 2055795000, "interestIncome": 40567000, "interestExpense": 136319000, "depreciationAndAmortization": 888146000, "ebitda": 3162062000, "ebitdaratio": 0.7560829169, "operatingIncome": 2273916000, "operatingIncomeRatio": 0.5437176887, "totalOtherIncomeExpensesNet": 2092358000, "incomeBeforeTax": 4366274000, "incomeBeforeTaxRatio": 1.0440229135, "incomeTaxExpense": -2211550000, "netIncome": 6577824000, "netIncomeRatio": 1.5728282231, "eps": 37.53, "epsdiluted": 37.31, "weightedAverageShsOut": 175257000, "weightedAverageShsOutDil": 176280000, "link": "https://www.sec.gov/Archives/edgar/data/1393311/000139331123000012/0001393311-23-000012-index.htm", "finalLink": "https://www.sec.gov/Archives/edgar/data/1393311/000139331123000012/psa-20221231.htm", "calculatedOtherExpenses": 723058000, "calculatedOperatingExpenses": 855340000, "calculatedNetInterest": -95752000, "calculatedOtherIncome": 2188110000, "calculatedIncomeNonControlling": 0, "calculatedEbitda": 3162062000}, {"date": "2021-12-31", "symbol": "PSA", "reportedCurrency": "USD", "cik": "0001393311", "fillingDate": "2022-02-22", "acceptedDate": "2022-02-22 16:12:14", "calendarYear": "2021", "period": "FY", "revenue": 3415824000, "costOfRevenue": 920598000, "grossProfit": 2495226000, "grossProfitRatio": 0.7304902126, "researchAndDevelopmentExpenses": 8403000, "generalAndAdministrativeExpenses": 101254000, "sellingAndMarketingExpenses": 0, "sellingGeneralAndAdministrativeExpenses": 101254000, "otherExpenses": 705025000, "operatingExpenses": 814682000, "costAndExpenses": 1735280000, "interestIncome": 12306000, "interestExpense": 90774000, "depreciationAndAmortization": 713428000, "ebitda": 2638371000, "ebitdaratio": 0.7723966457, "operatingIncome": 1924943000, "operatingIncomeRatio": 0.5635369387, "totalOtherIncomeExpensesNet": 34696000, "incomeBeforeTax": 1959639000, "incomeBeforeTaxRatio": 0.5736943707, "incomeTaxExpense": 329243000, "netIncome": 1953263000, "netIncomeRatio": 0.571827764, "eps": 9.91, "epsdiluted": 9.87, "weightedAverageShsOut": 174858000, "weightedAverageShsOutDil": 175568000, "link": "https://www.sec.gov/Archives/edgar/data/1393311/000139331122000010/0001393311-22-000010-index.htm", "finalLink": "https://www.sec.gov/Archives/edgar/data/1393311/000139331122000010/psa-20211231.htm", "calculatedOtherExpenses": 460626000, "calculatedOperatingExpenses": 570283000, "calculatedNetInterest": -78468000, "calculatedOtherIncome": 113164000, "calculatedIncomeNonControlling": -322867000, "calculatedEbitda": 2638371000}, {"date": "2020-12-31", "symbol": "PSA", "reportedCurrency": "USD", "cik": "0001393311", "fillingDate": "2021-02-24", "acceptedDate": "2021-02-24 16:27:43", "calendarYear": "2020", "period": "FY", "revenue": 2915068000, "costOfRevenue": 867462000, "grossProfit": 2047606000, "grossProfitRatio": 0.70242135, "researchAndDevelopmentExpenses": 10076000, "generalAndAdministrativeExpenses": 83199000, "sellingAndMarketingExpenses": 0, "sellingGeneralAndAdministrativeExpenses": 83199000, "otherExpenses": 543181000, "operatingExpenses": 636456000, "costAndExpenses": 1503918000, "interestIncome": 22323000, "interestExpense": 56283000, "depreciationAndAmortization": 553257000, "ebitda": 2067227000, "ebitdaratio": 0.7091522393, "operatingIncome": 1513970000, "operatingIncomeRatio": 0.5193600973, "totalOtherIncomeExpensesNet": -152743000, "incomeBeforeTax": 1361227000, "incomeBeforeTaxRatio": 0.4669623487, "incomeTaxExpense": 140794000, "netIncome": 1357213000, "netIncomeRatio": 0.4655853654, "eps": 6.29, "epsdiluted": 6.29, "weightedAverageShsOut": 174494000, "weightedAverageShsOutDil": 174642000, "link": "https://www.sec.gov/Archives/edgar/data/1393311/000156276221000058/0001562762-21-000058-index.htm", "finalLink": "https://www.sec.gov/Archives/edgar/data/1393311/000156276221000058/psa-20201231x10k.htm", "calculatedOtherExpenses": 440361000, "calculatedOperatingExpenses": 533636000, "calculatedNetInterest": -33960000, "calculatedOtherIncome": -118783000, "calculatedIncomeNonControlling": -136780000, "calculatedEbitda": 2067227000}, {"date": "2019-12-31", "symbol": "PSA", "reportedCurrency": "USD", "cik": "0001393311", "fillingDate": "2020-02-25", "acceptedDate": "2020-02-25 16:08:30", "calendarYear": "2019", "period": "FY", "revenue": 2846823000, "costOfRevenue": 796783000, "grossProfit": 2050040000, "grossProfitRatio": 0.7201150194, "researchAndDevelopmentExpenses": 6850000, "generalAndAdministrativeExpenses": 71983000, "sellingAndMarketingExpenses": 0, "sellingGeneralAndAdministrativeExpenses": 71983000, "otherExpenses": 506068000, "operatingExpenses": 584901000, "costAndExpenses": 1381684000, "interestIncome": 28436000, "interestExpense": 45641000, "depreciationAndAmortization": 512918000, "ebitda": 2076040000, "ebitdaratio": 0.7292480073, "operatingIncome": 1563122000, "operatingIncomeRatio": 0.5490759348, "totalOtherIncomeExpensesNet": -37471000, "incomeBeforeTax": 1525651000, "incomeBeforeTaxRatio": 0.5359135429, "incomeTaxExpense": 120305000, "netIncome": 1520534000, "netIncomeRatio": 0.5341161006, "eps": 7.3, "epsdiluted": 7.29, "weightedAverageShsOut": 174287000, "weightedAverageShsOutDil": 174530000, "link": "https://www.sec.gov/Archives/edgar/data/1393311/000139331120000008/0001393311-20-000008-index.htm", "finalLink": "https://www.sec.gov/Archives/edgar/data/1393311/000139331120000008/psa-20191231x10k.htm", "calculatedOtherExpenses": 408085000, "calculatedOperatingExpenses": 486918000, "calculatedNetInterest": -17205000, "calculatedOtherIncome": -20266000, "calculatedIncomeNonControlling": -115188000, "calculatedEbitda": 2076040000}, {"date": "2018-12-31", "symbol": "PSA", "reportedCurrency": "USD", "cik": "0001393311", "fillingDate": "2019-02-27", "acceptedDate": "2019-02-27 06:24:28", "calendarYear": "2018", "period": "FY", "revenue": 2754280000, "costOfRevenue": 739722000, "grossProfit": 2014558000, "grossProfitRatio": 0.7314281772, "researchAndDevelopmentExpenses": 5441000, "generalAndAdministrativeExpenses": 118720000, "sellingAndMarketingExpenses": 0, "sellingGeneralAndAdministrativeExpenses": 118720000, "otherExpenses": 151616000, "operatingExpenses": 602366000, "costAndExpenses": 1342088000, "interestIncome": 26442000, "interestExpense": 32542000, "depreciationAndAmortization": 483646000, "ebitda": 2177391000, "ebitdaratio": 0.790548165, "operatingIncome": 1412192000, "operatingIncomeRatio": 0.512726375, "totalOtherIncomeExpensesNet": 311131000, "incomeBeforeTax": 1717223000, "incomeBeforeTaxRatio": 0.6234743744, "incomeTaxExpense": 337573000, "netIncome": 1711031000, "netIncomeRatio": 0.621226237, "eps": 9.84, "epsdiluted": 9.82, "weightedAverageShsOut": 173969000, "weightedAverageShsOutDil": 174297000, "link": "https://www.sec.gov/Archives/edgar/data/1393311/000139331119000004/0001393311-19-000004-index.htm", "finalLink": "https://www.sec.gov/Archives/edgar/data/1393311/000139331119000004/psa-20181231x10k.htm", "calculatedOtherExpenses": 478205000, "calculatedOperatingExpenses": 602366000, "calculatedNetInterest": -6100000, "calculatedOtherIncome": 311131000, "calculatedIncomeNonControlling": -331381000, "calculatedEbitda": 1895838000}, {"date": "2017-12-31", "symbol": "PSA", "reportedCurrency": "USD", "cik": "0001393311", "fillingDate": "2018-03-01", "acceptedDate": "2018-02-28 19:22:26", "calendarYear": "2017", "period": "FY", "revenue": 2668528000, "costOfRevenue": 707978000, "grossProfit": 1960550000, "grossProfitRatio": 0.734693434, "researchAndDevelopmentExpenses": 8193000, "generalAndAdministrativeExpenses": 82882000, "sellingAndMarketingExpenses": 0, "sellingGeneralAndAdministrativeExpenses": 82882000, "otherExpenses": 459321000, "operatingExpenses": 537408000, "costAndExpenses": 1245386000, "interestIncome": 18771000, "interestExpense": 12690000, "depreciationAndAmortization": 454526000, "ebitda": 1972094000, "ebitdaratio": 0.7390194144, "operatingIncome": 1423142000, "operatingIncomeRatio": 0.5333060024, "totalOtherIncomeExpensesNet": 19242000, "incomeBeforeTax": 1448465000, "incomeBeforeTaxRatio": 0.5427955037, "incomeTaxExpense": 94593000, "netIncome": 1442217000, "netIncomeRatio": 0.540454138, "eps": 6.75, "epsdiluted": 6.73, "weightedAverageShsOut": 173613000, "weightedAverageShsOutDil": 174151000, "link": "https://www.sec.gov/Archives/edgar/data/1393311/000139331118000004/0001393311-18-000004-index.htm", "finalLink": "https://www.sec.gov/Archives/edgar/data/1393311/000139331118000004/psa-20171231x10k.htm", "calculatedOtherExpenses": 446333000, "calculatedOperatingExpenses": 537408000, "calculatedNetInterest": 6081000, "calculatedOtherIncome": 19242000, "calculatedIncomeNonControlling": -88345000, "calculatedEbitda": 1877668000}, {"date": "2016-12-31", "symbol": "PSA", "reportedCurrency": "USD", "cik": "0001393311", "fillingDate": "2017-03-01", "acceptedDate": "2017-02-28 19:55:07", "calendarYear": "2016", "period": "FY", "revenue": 2560549000, "costOfRevenue": 669083000, "grossProfit": 1891466000, "grossProfitRatio": 0.7386954907, "researchAndDevelopmentExpenses": 9721000, "generalAndAdministrativeExpenses": 83656000, "sellingAndMarketingExpenses": 0, "sellingGeneralAndAdministrativeExpenses": 83656000, "otherExpenses": 437173000, "operatingExpenses": 516970000, "costAndExpenses": 1186053000, "interestIncome": 15138000, "interestExpense": 4210000, "depreciationAndAmortization": 433314000, "ebitda": 1879704000, "ebitdaratio": 0.7341019445, "operatingIncome": 1374496000, "operatingIncomeRatio": 0.5367973821, "totalOtherIncomeExpensesNet": 75015000, "incomeBeforeTax": 1460439000, "incomeBeforeTaxRatio": 0.5703616685, "incomeTaxExpense": 67829000, "netIncome": 1453576000, "netIncomeRatio": 0.567681384, "eps": 6.84, "epsdiluted": 6.81, "weightedAverageShsOut": 173091000, "weightedAverageShsOutDil": 173878000, "link": "https://www.sec.gov/Archives/edgar/data/1393311/000139331117000008/0001393311-17-000008-index.htm", "finalLink": "https://www.sec.gov/Archives/edgar/data/1393311/000139331117000008/psa-20161231x10k.htm", "calculatedOtherExpenses": 423593000, "calculatedOperatingExpenses": 516970000, "calculatedNetInterest": 10928000, "calculatedOtherIncome": 75015000, "calculatedIncomeNonControlling": -60966000, "calculatedEbitda": 1807810000}, {"date": "2015-12-31", "symbol": "PSA", "reportedCurrency": "USD", "cik": "0001393311", "fillingDate": "2016-02-29", "acceptedDate": "2016-02-26 20:52:15", "calendarYear": "2015", "period": "FY", "revenue": 2381696000, "costOfRevenue": 635502000, "grossProfit": 1746194000, "grossProfitRatio": 0.7331724956, "researchAndDevelopmentExpenses": 10006000, "generalAndAdministrativeExpenses": 88177000, "sellingAndMarketingExpenses": 0, "sellingGeneralAndAdministrativeExpenses": 88177000, "otherExpenses": 431380000, "operatingExpenses": 514185000, "costAndExpenses": 1149687000, "interestIncome": 16544000, "interestExpense": 610000, "depreciationAndAmortization": 426008000, "ebitda": 1725498000, "ebitdaratio": 0.7244828895, "operatingIncome": 1232009000, "operatingIncomeRatio": 0.5172822224, "totalOtherIncomeExpensesNet": 69746000, "incomeBeforeTax": 1317689000, "incomeBeforeTaxRatio": 0.5532565869, "incomeTaxExpense": 57992000, "netIncome": 1311244000, "netIncomeRatio": 0.5505505321, "eps": 6.1, "epsdiluted": 6.07, "weightedAverageShsOut": 172699000, "weightedAverageShsOutDil": 173510000, "link": "https://www.sec.gov/Archives/edgar/data/1393311/000139331116000036/0001393311-16-000036-index.htm", "finalLink": "https://www.sec.gov/Archives/edgar/data/1393311/000139331116000036/psa-20151231x10k.htm", "calculatedOtherExpenses": 416002000, "calculatedOperatingExpenses": 514185000, "calculatedNetInterest": 15934000, "calculatedOtherIncome": 69746000, "calculatedIncomeNonControlling": -51547000, "calculatedEbitda": 1658017000}, {"date": "2014-12-31", "symbol": "PSA", "reportedCurrency": "USD", "cik": "0001393311", "fillingDate": "2015-02-25", "acceptedDate": "2015-02-24 21:54:55", "calendarYear": "2014", "period": "FY", "revenue": 2195404000, "costOfRevenue": 618720000, "grossProfit": 1576684000, "grossProfitRatio": 0.7181748781, "researchAndDevelopmentExpenses": 10614000, "generalAndAdministrativeExpenses": 71459000, "sellingAndMarketingExpenses": 0, "sellingGeneralAndAdministrativeExpenses": 71459000, "otherExpenses": 441972000, "operatingExpenses": 508573000, "costAndExpenses": 1127293000, "interestIncome": 4926000, "interestExpense": 6781000, "depreciationAndAmortization": 437114000, "ebitda": 1598418000, "ebitdaratio": 0.7280746505, "operatingIncome": 1068111000, "operatingIncomeRatio": 0.4865213874, "totalOtherIncomeExpensesNet": 83699000, "incomeBeforeTax": 1149955000, "incomeBeforeTaxRatio": 0.5238010863, "incomeTaxExpense": 100799000, "netIncome": 1144204000, "netIncomeRatio": 0.5211815229, "eps": 5.27, "epsdiluted": 5.25, "weightedAverageShsOut": 172251000, "weightedAverageShsOutDil": 173138000, "link": "https://www.sec.gov/Archives/edgar/data/1393311/000139331115000005/0001393311-15-000005-index.htm", "finalLink": "https://www.sec.gov/Archives/edgar/data/1393311/000139331115000005/psa-20141231x10k.htm", "calculatedOtherExpenses": 426500000, "calculatedOperatingExpenses": 508573000, "calculatedNetInterest": -1855000, "calculatedOtherIncome": 83699000, "calculatedIncomeNonControlling": -95048000, "calculatedEbitda": 1505225000}, {"date": "2013-12-31", "symbol": "PSA", "reportedCurrency": "USD", "cik": "0001393311", "fillingDate": "2014-02-26", "acceptedDate": "2014-02-25 21:07:01", "calendarYear": "2013", "period": "FY", "revenue": 1981746000, "costOfRevenue": 565161000, "grossProfit": 1416585000, "grossProfitRatio": 0.7148166314, "researchAndDevelopmentExpenses": 10475000, "generalAndAdministrativeExpenses": 66679000, "sellingAndMarketingExpenses": 0, "sellingGeneralAndAdministrativeExpenses": 66679000, "otherExpenses": 392106000, "operatingExpenses": 454081000, "costAndExpenses": 1019242000, "interestIncome": 22577000, "interestExpense": 6444000, "depreciationAndAmortization": 387402000, "ebitda": 1430062000, "ebitdaratio": 0.7216172002, "operatingIncome": 962504000, "operatingIncomeRatio": 0.4856848456, "totalOtherIncomeExpensesNet": 78894000, "incomeBeforeTax": 1057531000, "incomeBeforeTaxRatio": 0.5336359957, "incomeTaxExpense": 69101000, "netIncome": 1052453000, "netIncomeRatio": 0.5310736088, "eps": 4.92, "epsdiluted": 4.89, "weightedAverageShsOut": 171640000, "weightedAverageShsOutDil": 172688000, "link": "https://www.sec.gov/Archives/edgar/data/1393311/000139331114000009/0001393311-14-000009-index.htm", "finalLink": "https://www.sec.gov/Archives/edgar/data/1393311/000139331114000009/psa-20131231x10k.htm", "calculatedOtherExpenses": 376927000, "calculatedOperatingExpenses": 454081000, "calculatedNetInterest": 16133000, "calculatedOtherIncome": 78894000, "calculatedIncomeNonControlling": -64023000, "calculatedEbitda": 1349906000}, {"date": "2012-12-31", "symbol": "PSA", "reportedCurrency": "USD", "cik": "0001393311", "fillingDate": "2013-02-26", "acceptedDate": "2013-02-25 21:39:21", "calendarYear": "2012", "period": "FY", "revenue": 1826729000, "costOfRevenue": 540129000, "grossProfit": 1286600000, "grossProfitRatio": 0.7043190314, "researchAndDevelopmentExpenses": 6355000, "generalAndAdministrativeExpenses": 56837000, "sellingAndMarketingExpenses": 0, "sellingGeneralAndAdministrativeExpenses": 56837000, "otherExpenses": 362556000, "operatingExpenses": 414618000, "costAndExpenses": 954747000, "interestIncome": 22074000, "interestExpense": 19813000, "depreciationAndAmortization": 357781000, "ebitda": 1297423000, "ebitdaratio": 0.7102438293, "operatingIncome": 871982000, "operatingIncomeRatio": 0.4773461198, "totalOtherIncomeExpensesNet": 55918000, "incomeBeforeTax": 930161000, "incomeBeforeTaxRatio": 0.5091948505, "incomeTaxExpense": 56302000, "netIncome": 939258000, "netIncomeRatio": 0.51417479, "eps": 3.93, "epsdiluted": 3.9, "weightedAverageShsOut": 170562000, "weightedAverageShsOutDil": 171664000, "link": "https://www.sec.gov/Archives/edgar/data/1393311/000139331113000004/0001393311-13-000004-index.htm", "finalLink": "https://www.sec.gov/Archives/edgar/data/1393311/000139331113000004/ps10k_2012.htm", "calculatedOtherExpenses": 351426000, "calculatedOperatingExpenses": 414618000, "calculatedNetInterest": 2261000, "calculatedOtherIncome": 55918000, "calculatedIncomeNonControlling": -65399000, "calculatedEbitda": 1229763000}, {"date": "2011-12-31", "symbol": "PSA", "reportedCurrency": "USD", "cik": "0001393311", "fillingDate": "2012-02-27", "acceptedDate": "2012-02-24 19:24:54", "calendarYear": "2011", "period": "FY", "revenue": 1752102000, "costOfRevenue": 543029000, "grossProfit": 1209073000, "grossProfitRatio": 0.6900699845, "researchAndDevelopmentExpenses": 0, "generalAndAdministrativeExpenses": 52410000, "sellingAndMarketingExpenses": 0, "sellingGeneralAndAdministrativeExpenses": 52410000, "otherExpenses": 358431000, "operatingExpenses": 410841000, "costAndExpenses": 953870000, "interestIncome": 0, "interestExpense": 24222000, "depreciationAndAmortization": 358431000, "ebitda": 1155335000, "ebitdaratio": 0.6593993957, "operatingIncome": 774010000, "operatingIncomeRatio": 0.4417608107, "totalOtherIncomeExpensesNet": 60032000, "incomeBeforeTax": 834042000, "incomeBeforeTaxRatio": 0.4760236562, "incomeTaxExpense": 33094000, "netIncome": 823842000, "netIncomeRatio": 0.4702020773, "eps": 3.31, "epsdiluted": 3.29, "weightedAverageShsOut": 169657000, "weightedAverageShsOutDil": 170750000, "link": "https://www.sec.gov/Archives/edgar/data/1393311/000139331112000013/0001393311-12-000013-index.htm", "finalLink": "https://www.sec.gov/Archives/edgar/data/1393311/000139331112000013/ps10k_20111231.htm", "calculatedOtherExpenses": 382653000, "calculatedOperatingExpenses": 435063000, "calculatedNetInterest": -24222000, "calculatedOtherIncome": 84254000, "calculatedIncomeNonControlling": -22894000, "calculatedEbitda": 1132441000}, {"date": "2010-12-31", "symbol": "PSA", "reportedCurrency": "USD", "cik": "0001393311", "fillingDate": "2011-03-01", "acceptedDate": "2011-03-01 16:43:50", "calendarYear": "2010", "period": "FY", "revenue": 1646722000, "costOfRevenue": 529991000, "grossProfit": 1116731000, "grossProfitRatio": 0.6781539325, "researchAndDevelopmentExpenses": 0, "generalAndAdministrativeExpenses": 38487000, "sellingAndMarketingExpenses": 0, "sellingGeneralAndAdministrativeExpenses": 38487000, "otherExpenses": 354006000, "operatingExpenses": 392493000, "costAndExpenses": 922484000, "interestIncome": 0, "interestExpense": 30225000, "depreciationAndAmortization": 354006000, "ebitda": 1122013000, "ebitdaratio": 0.681361517, "operatingIncome": 694013000, "operatingIncomeRatio": 0.4214512225, "totalOtherIncomeExpensesNet": -5417000, "incomeBeforeTax": 696114000, "incomeBeforeTaxRatio": 0.4227270905, "incomeTaxExpense": 90552000, "netIncome": 672038000, "netIncomeRatio": 0.4081065292, "eps": 2.36, "epsdiluted": 2.35, "weightedAverageShsOut": 168877000, "weightedAverageShsOutDil": 169772000, "link": "https://www.sec.gov/Archives/edgar/data/1393311/000139331111000011/0001393311-11-000011-index.htm", "finalLink": "https://www.sec.gov/Archives/edgar/data/1393311/000139331111000011/ps10k_123110.htm", "calculatedOtherExpenses": 384231000, "calculatedOperatingExpenses": 422718000, "calculatedNetInterest": -30225000, "calculatedOtherIncome": 32326000, "calculatedIncomeNonControlling": -66476000, "calculatedEbitda": 1048019000}, {"date": "2009-12-31", "symbol": "PSA", "reportedCurrency": "USD", "cik": "0001393311", "fillingDate": "2010-03-01", "acceptedDate": "2010-02-26 21:48:46", "calendarYear": "2009", "period": "FY", "revenue": 1627702000, "costOfRevenue": 522939000, "grossProfit": 1104763000, "grossProfitRatio": 0.6787255898, "researchAndDevelopmentExpenses": 0, "generalAndAdministrativeExpenses": 35735000, "sellingAndMarketingExpenses": 0, "sellingGeneralAndAdministrativeExpenses": 35735000, "otherExpenses": 340233000, "operatingExpenses": 375968000, "costAndExpenses": 898907000, "interestIncome": 29813000, "interestExpense": 29916000, "depreciationAndAmortization": 342127000, "ebitda": 1057146000, "ebitdaratio": 0.6494714634, "operatingIncome": 698879000, "operatingIncomeRatio": 0.429365449, "totalOtherIncomeExpensesNet": 100446000, "incomeBeforeTax": 790456000, "incomeBeforeTaxRatio": 0.4856269759, "incomeTaxExpense": -19156000, "netIncome": 834621000, "netIncomeRatio": 0.512760321, "eps": 3.48, "epsdiluted": 3.47, "weightedAverageShsOut": 168358000, "weightedAverageShsOutDil": 168768000, "link": "https://www.sec.gov/Archives/edgar/data/1393311/000139331110000004/0001393311-10-000004-index.htm", "finalLink": "https://www.sec.gov/Archives/edgar/data/1393311/000139331110000004/ps10k_123109.htm", "calculatedOtherExpenses": 370149000, "calculatedOperatingExpenses": 405884000, "calculatedNetInterest": -103000, "calculatedOtherIncome": 91680000, "calculatedIncomeNonControlling": -25009000, "calculatedEbitda": 1041006000}, {"date": "2008-12-31", "symbol": "PSA", "reportedCurrency": "USD", "cik": "0001393311", "fillingDate": "2009-03-02", "acceptedDate": "2009-03-02 14:32:23", "calendarYear": "2008", "period": "FY", "revenue": 136202000, "costOfRevenue": 15474000, "grossProfit": 120728000, "grossProfitRatio": 0.8863893335, "researchAndDevelopmentExpenses": 0, "generalAndAdministrativeExpenses": 0, "sellingAndMarketingExpenses": 4109000, "sellingGeneralAndAdministrativeExpenses": 4109000, "otherExpenses": 414188000, "operatingExpenses": 36476000, "costAndExpenses": 51950000, "interestIncome": 0, "interestExpense": 43944000, "depreciationAndAmortization": 414201000, "ebitda": 84252000, "ebitdaratio": 0.6185812249, "operatingIncome": 84252000, "operatingIncomeRatio": 0.6185812249, "totalOtherIncomeExpensesNet": 292878000, "incomeBeforeTax": 377130000, "incomeBeforeTaxRatio": 2.7689020719, "incomeTaxExpense": -972247000, "netIncome": 935176000, "netIncomeRatio": 6.8660959457, "eps": 4.19, "epsdiluted": 4.18, "weightedAverageShsOut": 168248000, "weightedAverageShsOutDil": 168988000, "link": "https://www.sec.gov/Archives/edgar/data/1393311/000139331109000010/0001393311-09-000010-index.htm", "finalLink": "https://www.sec.gov/Archives/edgar/data/1393311/000139331109000010/ps10k_1208.txt", "calculatedOtherExpenses": 32367000, "calculatedOperatingExpenses": 36476000, "calculatedNetInterest": -43944000, "calculatedOtherIncome": 336822000, "calculatedIncomeNonControlling": 414201000, "calculatedEbitda": 498453000}, {"date": "2007-12-31", "symbol": "PSA", "reportedCurrency": "USD", "cik": "0001393311", "fillingDate": "2008-02-29", "acceptedDate": "2008-02-29 13:48:37", "calendarYear": "2007", "period": "FY", "revenue": 1816371000, "costOfRevenue": 659865000, "grossProfit": 1156506000, "grossProfitRatio": 0.6367124337, "researchAndDevelopmentExpenses": 0, "generalAndAdministrativeExpenses": 59749000, "sellingAndMarketingExpenses": 0, "sellingGeneralAndAdministrativeExpenses": 59749000, "otherExpenses": 622410000, "operatingExpenses": 682159000, "costAndExpenses": 1342024000, "interestIncome": 0, "interestExpense": 0, "depreciationAndAmortization": 622410000, "ebitda": 1094210000, "ebitdaratio": 0.6024154757, "operatingIncome": 474347000, "operatingIncomeRatio": 0.2611509433, "totalOtherIncomeExpensesNet": 2547000, "incomeBeforeTax": 476894000, "incomeBeforeTaxRatio": 0.2625531898, "incomeTaxExpense": 16812000, "netIncome": 457535000, "netIncomeRatio": 0.2518951249, "eps": 1.18, "epsdiluted": 1.17, "weightedAverageShsOut": 169342000, "weightedAverageShsOutDil": 170147000, "link": "https://www.sec.gov/Archives/edgar/data/1393311/000139331108000023/0001393311-08-000023-index.htm", "finalLink": "https://www.sec.gov/Archives/edgar/data/1393311/000139331108000023/psi10k_1207.txt", "calculatedOtherExpenses": 622410000, "calculatedOperatingExpenses": 682159000, "calculatedNetInterest": 0, "calculatedOtherIncome": 2547000, "calculatedIncomeNonControlling": 2547000, "calculatedEbitda": 1096757000}, {"date": "2006-12-31", "symbol": "PSA", "reportedCurrency": "USD", "cik": "0001393311", "fillingDate": "2006-12-31", "acceptedDate": "2006-12-30 19:00:00", "calendarYear": "2006", "period": "FY", "revenue": 1381655000, "costOfRevenue": 500560000, "grossProfit": 881095000, "grossProfitRatio": 0.637709848, "researchAndDevelopmentExpenses": 0, "generalAndAdministrativeExpenses": 84661000, "sellingAndMarketingExpenses": 0, "sellingGeneralAndAdministrativeExpenses": 84661000, "otherExpenses": 437984000, "operatingExpenses": 522645000, "costAndExpenses": 1023205000, "interestIncome": 0, "interestExpense": 0, "depreciationAndAmortization": 437984000, "ebitda": 794257000, "ebitdaratio": 0.5748591363, "operatingIncome": 358450000, "operatingIncomeRatio": 0.2594352425, "totalOtherIncomeExpensesNet": 2177000, "incomeBeforeTax": 360627000, "incomeBeforeTaxRatio": 0.2610108891, "incomeTaxExpense": 44424000, "netIncome": 314026000, "netIncomeRatio": 0.2272824982, "eps": 0.33, "epsdiluted": 0.33, "weightedAverageShsOut": 142760000, "weightedAverageShsOutDil": 143715000, "link": "", "finalLink": "", "calculatedOtherExpenses": 437984000, "calculatedOperatingExpenses": 522645000, "calculatedNetInterest": 0, "calculatedOtherIncome": 2177000, "calculatedIncomeNonControlling": 2177000, "calculatedEbitda": 796434000}, {"date": "2005-12-31", "symbol": "PSA", "reportedCurrency": "USD", "cik": "0001393311", "fillingDate": "2005-12-31", "acceptedDate": "2005-12-30 19:00:00", "calendarYear": "2005", "period": "FY", "revenue": 1060961000, "costOfRevenue": 378631000, "grossProfit": 682330000, "grossProfitRatio": 0.6431244881, "researchAndDevelopmentExpenses": 0, "generalAndAdministrativeExpenses": 21115000, "sellingAndMarketingExpenses": 0, "sellingGeneralAndAdministrativeExpenses": 21115000, "otherExpenses": 196397000, "operatingExpenses": 217512000, "costAndExpenses": 596143000, "interestIncome": 0, "interestExpense": 0, "depreciationAndAmortization": 196397000, "ebitda": 658116000, "ebitdaratio": 0.620301783, "operatingIncome": 464818000, "operatingIncomeRatio": 0.4381103547, "totalOtherIncomeExpensesNet": 3099000, "incomeBeforeTax": 467917000, "incomeBeforeTaxRatio": 0.4410312914, "incomeTaxExpense": 8425000, "netIncome": 456393000, "netIncomeRatio": 0.4301694407, "eps": 1.98, "epsdiluted": 1.97, "weightedAverageShsOut": 128159000, "weightedAverageShsOutDil": 128819000, "link": "", "finalLink": "", "calculatedOtherExpenses": 196397000, "calculatedOperatingExpenses": 217512000, "calculatedNetInterest": 0, "calculatedOtherIncome": 3099000, "calculatedIncomeNonControlling": 3099000, "calculatedEbitda": 661215000}, {"date": "2004-12-31", "symbol": "PSA", "reportedCurrency": "USD", "cik": "0001393311", "fillingDate": "2004-12-31", "acceptedDate": "2004-12-30 19:00:00", "calendarYear": "2004", "period": "FY", "revenue": 927976000, "costOfRevenue": 330531000, "grossProfit": 597445000, "grossProfitRatio": 0.6438151418, "researchAndDevelopmentExpenses": 0, "generalAndAdministrativeExpenses": 18813000, "sellingAndMarketingExpenses": 0, "sellingGeneralAndAdministrativeExpenses": 18813000, "otherExpenses": 173085000, "operatingExpenses": 191898000, "costAndExpenses": 522429000, "interestIncome": 0, "interestExpense": 0, "depreciationAndAmortization": 183148000, "ebitda": 598691000, "ebitdaratio": 0.6451578489, "operatingIncome": 395484000, "operatingIncomeRatio": 0.4261791253, "totalOtherIncomeExpensesNet": -9996000, "incomeBeforeTax": 385488000, "incomeBeforeTaxRatio": 0.415407295, "incomeTaxExpense": 39334000, "netIncome": 366213000, "netIncomeRatio": 0.3946362837, "eps": 1.39, "epsdiluted": 1.38, "weightedAverageShsOut": 127836000, "weightedAverageShsOutDil": 128681000, "link": "", "finalLink": "", "calculatedOtherExpenses": 183148000, "calculatedOperatingExpenses": 201961000, "calculatedNetInterest": 0, "calculatedOtherIncome": -9996000, "calculatedIncomeNonControlling": -20059000, "calculatedEbitda": 578632000}, {"date": "2003-12-31", "symbol": "PSA", "reportedCurrency": "USD", "cik": "0001393311", "fillingDate": "2003-12-31", "acceptedDate": "2003-12-30 19:00:00", "calendarYear": "2003", "period": "FY", "revenue": 875071000, "costOfRevenue": 318498000, "grossProfit": 556573000, "grossProfitRatio": 0.6360318191, "researchAndDevelopmentExpenses": 0, "generalAndAdministrativeExpenses": 17127000, "sellingAndMarketingExpenses": 0, "sellingGeneralAndAdministrativeExpenses": 17127000, "otherExpenses": 185775000, "operatingExpenses": 202902000, "costAndExpenses": 521400000, "interestIncome": 0, "interestExpense": 0, "depreciationAndAmortization": 213528000, "ebitda": 566192000, "ebitdaratio": 0.64702407, "operatingIncome": 353671000, "operatingIncomeRatio": 0.4041626337, "totalOtherIncomeExpensesNet": 1007000, "incomeBeforeTax": 354678000, "incomeBeforeTaxRatio": 0.4053133974, "incomeTaxExpense": 17018000, "netIncome": 336653000, "netIncomeRatio": 0.3847150688, "eps": 1.29, "epsdiluted": 1.28, "weightedAverageShsOut": 125181000, "weightedAverageShsOutDil": 126517000, "link": "", "finalLink": "", "calculatedOtherExpenses": 185775000, "calculatedOperatingExpenses": 202902000, "calculatedNetInterest": 0, "calculatedOtherIncome": 1007000, "calculatedIncomeNonControlling": 1007000, "calculatedEbitda": 567199000}, {"date": "2002-12-31", "symbol": "PSA", "reportedCurrency": "USD", "cik": "0001393311", "fillingDate": "2002-12-31", "acceptedDate": "2002-12-30 19:00:00", "calendarYear": "2002", "period": "FY", "revenue": 841452000, "costOfRevenue": 295517000, "grossProfit": 545935000, "grossProfitRatio": 0.64880112, "researchAndDevelopmentExpenses": 0, "generalAndAdministrativeExpenses": 15619000, "sellingAndMarketingExpenses": 0, "sellingGeneralAndAdministrativeExpenses": 15619000, "otherExpenses": 179634000, "operatingExpenses": 195253000, "costAndExpenses": 490770000, "interestIncome": 0, "interestExpense": 0, "depreciationAndAmortization": 206712000, "ebitda": 557394000, "ebitdaratio": 0.6624192467, "operatingIncome": 350682000, "operatingIncomeRatio": 0.4167581752, "totalOtherIncomeExpensesNet": 0, "incomeBeforeTax": 0, "incomeBeforeTaxRatio": 0, "incomeTaxExpense": 31944000, "netIncome": 318738000, "netIncomeRatio": 0.3787952254, "eps": 1.15, "epsdiluted": 1.14, "weightedAverageShsOut": 123005000, "weightedAverageShsOutDil": 124571000, "link": "", "finalLink": "", "calculatedOtherExpenses": 179634000, "calculatedOperatingExpenses": 195253000, "calculatedNetInterest": 0, "calculatedOtherIncome": -350682000, "calculatedIncomeNonControlling": -350682000, "calculatedEbitda": 557394000}, {"date": "2001-12-31", "symbol": "PSA", "reportedCurrency": "USD", "cik": "0001393311", "fillingDate": "2001-12-31", "acceptedDate": "2001-12-30 19:00:00", "calendarYear": "2001", "period": "FY", "revenue": 834645000, "costOfRevenue": 276187000, "grossProfit": 558458000, "grossProfitRatio": 0.6690964422, "researchAndDevelopmentExpenses": 0, "generalAndAdministrativeExpenses": 21038000, "sellingAndMarketingExpenses": 0, "sellingGeneralAndAdministrativeExpenses": 21038000, "otherExpenses": 168061000, "operatingExpenses": 189099000, "costAndExpenses": 465286000, "interestIncome": 0, "interestExpense": 0, "depreciationAndAmortization": 193157000, "ebitda": 558425000, "ebitdaratio": 0.6690569044, "operatingIncome": 369359000, "operatingIncomeRatio": 0.4425342511, "totalOtherIncomeExpensesNet": 4091000, "incomeBeforeTax": 373450000, "incomeBeforeTaxRatio": 0.4474357362, "incomeTaxExpense": 45151000, "netIncome": 324208000, "netIncomeRatio": 0.3884381983, "eps": 1.41, "epsdiluted": 1.39, "weightedAverageShsOut": 122310000, "weightedAverageShsOutDil": 123577000, "link": "", "finalLink": "", "calculatedOtherExpenses": 168061000, "calculatedOperatingExpenses": 189099000, "calculatedNetInterest": 0, "calculatedOtherIncome": 4091000, "calculatedIncomeNonControlling": 4091000, "calculatedEbitda": 562516000}, {"date": "2000-12-31", "symbol": "PSA", "reportedCurrency": "USD", "cik": "0001393311", "fillingDate": "2000-12-31", "acceptedDate": "2000-12-30 19:00:00", "calendarYear": "2000", "period": "FY", "revenue": 757310000, "costOfRevenue": 252086000, "grossProfit": 505224000, "grossProfitRatio": 0.6671297091, "researchAndDevelopmentExpenses": 0, "generalAndAdministrativeExpenses": 21306000, "sellingAndMarketingExpenses": 0, "sellingGeneralAndAdministrativeExpenses": 21306000, "otherExpenses": 152753000, "operatingExpenses": 174059000, "costAndExpenses": 426145000, "interestIncome": 0, "interestExpense": 0, "depreciationAndAmortization": 148967000, "ebitda": 476346000, "ebitdaratio": 0.6289973723, "operatingIncome": 334951000, "operatingIncomeRatio": 0.4422904755, "totalOtherIncomeExpensesNet": 3786000, "incomeBeforeTax": 338737000, "incomeBeforeTaxRatio": 0.4472897492, "incomeTaxExpense": 34077000, "netIncome": 297088000, "netIncomeRatio": 0.3922937767, "eps": 1.41, "epsdiluted": 1.41, "weightedAverageShsOut": 131566000, "weightedAverageShsOutDil": 131657000, "link": "", "finalLink": "", "calculatedOtherExpenses": 148967000, "calculatedOperatingExpenses": 170273000, "calculatedNetInterest": 0, "calculatedOtherIncome": 3786000, "calculatedIncomeNonControlling": 7572000, "calculatedEbitda": 483918000}, {"date": "1999-12-31", "symbol": "PSA", "reportedCurrency": "USD", "cik": "0001393311", "fillingDate": "1999-12-31", "acceptedDate": "1999-12-30 19:00:00", "calendarYear": "1999", "period": "FY", "revenue": 676734000, "costOfRevenue": 216816000, "grossProfit": 459918000, "grossProfitRatio": 0.6796141468, "researchAndDevelopmentExpenses": 0, "generalAndAdministrativeExpenses": 12491000, "sellingAndMarketingExpenses": 0, "sellingGeneralAndAdministrativeExpenses": 12491000, "otherExpenses": 139919000, "operatingExpenses": 152410000, "costAndExpenses": 369226000, "interestIncome": 0, "interestExpense": 0, "depreciationAndAmortization": 157440000, "ebitda": 462748000, "ebitdaratio": 0.6837959967, "operatingIncome": 309708000, "operatingIncomeRatio": 0.4576510121, "totalOtherIncomeExpensesNet": 2200000, "incomeBeforeTax": 311908000, "incomeBeforeTaxRatio": 0.4609019201, "incomeTaxExpense": 19623000, "netIncome": 287885000, "netIncomeRatio": 0.425403482, "eps": 1.53, "epsdiluted": 1.52, "weightedAverageShsOut": 126308000, "weightedAverageShsOutDil": 126669000, "link": "", "finalLink": "", "calculatedOtherExpenses": 137719000, "calculatedOperatingExpenses": 150210000, "calculatedNetInterest": 0, "calculatedOtherIncome": 2200000, "calculatedIncomeNonControlling": 4400000, "calculatedEbitda": 467148000}, {"date": "1998-12-31", "symbol": "PSA", "reportedCurrency": "USD", "cik": "0001393311", "fillingDate": "1998-12-31", "acceptedDate": "1998-12-30 19:00:00", "calendarYear": "1998", "period": "FY", "revenue": 582151000, "costOfRevenue": 213881000, "grossProfit": 368270000, "grossProfitRatio": 0.6326021943, "researchAndDevelopmentExpenses": 0, "generalAndAdministrativeExpenses": 8972000, "sellingAndMarketingExpenses": 0, "sellingGeneralAndAdministrativeExpenses": 8972000, "otherExpenses": 107482000, "operatingExpenses": 116454000, "costAndExpenses": 330335000, "interestIncome": 0, "interestExpense": 0, "depreciationAndAmortization": 121366000, "ebitda": 373182000, "ebitdaratio": 0.6410398677, "operatingIncome": 251816000, "operatingIncomeRatio": 0.4325613114, "totalOtherIncomeExpensesNet": 0, "incomeBeforeTax": 0, "incomeBeforeTaxRatio": 0, "incomeTaxExpense": 24797000, "netIncome": 227019000, "netIncomeRatio": 0.3899658336, "eps": 1.3, "epsdiluted": 1.3, "weightedAverageShsOut": 113929000, "weightedAverageShsOutDil": 114357000, "link": "", "finalLink": "", "calculatedOtherExpenses": 107482000, "calculatedOperatingExpenses": 116454000, "calculatedNetInterest": 0, "calculatedOtherIncome": -251816000, "calculatedIncomeNonControlling": -251816000, "calculatedEbitda": 373182000}, {"date": "1997-12-31", "symbol": "PSA", "reportedCurrency": "USD", "cik": "0001393311", "fillingDate": "1997-12-31", "acceptedDate": "1997-12-30 19:00:00", "calendarYear": "1997", "period": "FY", "revenue": 470844000, "costOfRevenue": 1793000, "grossProfit": 469051000, "grossProfitRatio": 0.9961919447, "researchAndDevelopmentExpenses": 0, "generalAndAdministrativeExpenses": 6384000, "sellingAndMarketingExpenses": 0, "sellingGeneralAndAdministrativeExpenses": 6384000, "otherExpenses": 91356000, "operatingExpenses": 97740000, "costAndExpenses": 99533000, "interestIncome": 0, "interestExpense": 0, "depreciationAndAmortization": 91356000, "ebitda": 462667000, "ebitdaratio": 0.9826333138, "operatingIncome": 371311000, "operatingIncomeRatio": 0.788607267, "totalOtherIncomeExpensesNet": 0, "incomeBeforeTax": 0, "incomeBeforeTaxRatio": 0, "incomeTaxExpense": 192662000, "netIncome": 178649000, "netIncomeRatio": 0.3794229086, "eps": 0.92, "epsdiluted": 0.91, "weightedAverageShsOut": 98043478, "weightedAverageShsOutDil": 99120879, "link": "", "finalLink": "", "calculatedOtherExpenses": 91356000, "calculatedOperatingExpenses": 97740000, "calculatedNetInterest": 0, "calculatedOtherIncome": -371311000, "calculatedIncomeNonControlling": -371311000, "calculatedEbitda": 462667000}, {"date": "1996-12-31", "symbol": "PSA", "reportedCurrency": "USD", "cik": "0001393311", "fillingDate": "1996-12-31", "acceptedDate": "1996-12-30 19:00:00", "calendarYear": "1996", "period": "FY", "revenue": 341122000, "costOfRevenue": 2575000, "grossProfit": 338547000, "grossProfitRatio": 0.992451381, "researchAndDevelopmentExpenses": 0, "generalAndAdministrativeExpenses": 5524000, "sellingAndMarketingExpenses": 0, "sellingGeneralAndAdministrativeExpenses": 5524000, "otherExpenses": 68385000, "operatingExpenses": 73909000, "costAndExpenses": 76484000, "interestIncome": 0, "interestExpense": 0, "depreciationAndAmortization": 64875000, "ebitda": 329605000, "ebitdaratio": 0.9662378856, "operatingIncome": 264638000, "operatingIncomeRatio": 0.7757869618, "totalOtherIncomeExpensesNet": 0, "incomeBeforeTax": 0, "incomeBeforeTaxRatio": 0, "incomeTaxExpense": 111181000, "netIncome": 153549000, "netIncomeRatio": 0.4501292793, "eps": 1.1, "epsdiluted": 1.1, "weightedAverageShsOut": 77181818, "weightedAverageShsOutDil": 77181818, "link": "", "finalLink": "", "calculatedOtherExpenses": 68385000, "calculatedOperatingExpenses": 73909000, "calculatedNetInterest": 0, "calculatedOtherIncome": -264638000, "calculatedIncomeNonControlling": -264730000, "calculatedEbitda": 329513000}, {"date": "1995-12-31", "symbol": "PSA", "reportedCurrency": "USD", "cik": "0001393311", "fillingDate": "1995-12-31", "acceptedDate": "1995-12-30 19:00:00", "calendarYear": "1995", "period": "FY", "revenue": 212650000, "costOfRevenue": 72699000, "grossProfit": 139951000, "grossProfitRatio": 0.65812838, "researchAndDevelopmentExpenses": 0, "generalAndAdministrativeExpenses": 3982000, "sellingAndMarketingExpenses": 0, "sellingGeneralAndAdministrativeExpenses": 3982000, "otherExpenses": 49938000, "operatingExpenses": 53920000, "costAndExpenses": 126619000, "interestIncome": 0, "interestExpense": 0, "depreciationAndAmortization": 40647000, "ebitda": 126791000, "ebitdaratio": 0.5962426522, "operatingIncome": 86031000, "operatingIncomeRatio": 0.4045661886, "totalOtherIncomeExpensesNet": 0, "incomeBeforeTax": 0, "incomeBeforeTaxRatio": 0, "incomeTaxExpense": 15758000, "netIncome": 70386000, "netIncomeRatio": 0.3309945921, "eps": 0.95, "epsdiluted": 0.95, "weightedAverageShsOut": 41171000, "weightedAverageShsOutDil": 41171000, "link": "", "finalLink": "", "calculatedOtherExpenses": 49938000, "calculatedOperatingExpenses": 53920000, "calculatedNetInterest": 0, "calculatedOtherIncome": -86031000, "calculatedIncomeNonControlling": -86144000, "calculatedEbitda": 126678000}, {"date": "1994-12-31", "symbol": "PSA", "reportedCurrency": "USD", "cik": "0001393311", "fillingDate": "1994-12-31", "acceptedDate": "1994-12-30 19:00:00", "calendarYear": "1994", "period": "FY", "revenue": 147196000, "costOfRevenue": 52816000, "grossProfit": 94380000, "grossProfitRatio": 0.6411859018, "researchAndDevelopmentExpenses": 0, "generalAndAdministrativeExpenses": 2631000, "sellingAndMarketingExpenses": 0, "sellingGeneralAndAdministrativeExpenses": 2631000, "otherExpenses": 33257000, "operatingExpenses": 35888000, "costAndExpenses": 88704000, "interestIncome": 0, "interestExpense": 0, "depreciationAndAmortization": 27581000, "ebitda": 86766000, "ebitdaratio": 0.5894589527, "operatingIncome": 58492000, "operatingIncomeRatio": 0.3973749287, "totalOtherIncomeExpensesNet": 0, "incomeBeforeTax": 0, "incomeBeforeTaxRatio": 0, "incomeTaxExpense": 17067000, "netIncome": 42118000, "netIncomeRatio": 0.2861354928, "eps": 1.05, "epsdiluted": 1.05, "weightedAverageShsOut": 24077055, "weightedAverageShsOutDil": 24077055, "link": "", "finalLink": "", "calculatedOtherExpenses": 33257000, "calculatedOperatingExpenses": 35888000, "calculatedNetInterest": 0, "calculatedOtherIncome": -58492000, "calculatedIncomeNonControlling": -59185000, "calculatedEbitda": 86073000}, {"date": "1993-12-31", "symbol": "PSA", "reportedCurrency": "USD", "cik": "0001393311", "fillingDate": "1993-12-31", "acceptedDate": "1993-12-30 19:00:00", "calendarYear": "1993", "period": "FY", "revenue": 114700000, "costOfRevenue": 0, "grossProfit": 114700000, "grossProfitRatio": 1, "researchAndDevelopmentExpenses": 0, "generalAndAdministrativeExpenses": 2500000, "sellingAndMarketingExpenses": 0, "sellingGeneralAndAdministrativeExpenses": 2500000, "otherExpenses": -73200000, "operatingExpenses": -70700000, "costAndExpenses": -70700000, "interestIncome": 0, "interestExpense": 0, "depreciationAndAmortization": 24200000, "ebitda": 209600000, "ebitdaratio": 1.8273757629, "operatingIncome": 185400000, "operatingIncomeRatio": 1.6163905841, "totalOtherIncomeExpensesNet": 0, "incomeBeforeTax": 0, "incomeBeforeTaxRatio": 0, "incomeTaxExpense": 157400000, "netIncome": 28000000, "netIncomeRatio": 0.2441150828, "eps": 0.98, "epsdiluted": 0.98, "weightedAverageShsOut": 18056000, "weightedAverageShsOutDil": 18056000, "link": "", "finalLink": "", "calculatedOtherExpenses": -73200000, "calculatedOperatingExpenses": -70700000, "calculatedNetInterest": 0, "calculatedOtherIncome": -185400000, "calculatedIncomeNonControlling": -185400000, "calculatedEbitda": 209600000}, {"date": "1992-12-31", "symbol": "PSA", "reportedCurrency": "USD", "cik": "0001393311", "fillingDate": "1992-12-31", "acceptedDate": "1992-12-30 19:00:00", "calendarYear": "1992", "period": "FY", "revenue": 70000000, "costOfRevenue": 0, "grossProfit": 70000000, "grossProfitRatio": 1, "researchAndDevelopmentExpenses": 0, "generalAndAdministrativeExpenses": 1400000, "sellingAndMarketingExpenses": 0, "sellingGeneralAndAdministrativeExpenses": 1400000, "otherExpenses": -43200000, "operatingExpenses": -41800000, "costAndExpenses": -41800000, "interestIncome": 0, "interestExpense": 0, "depreciationAndAmortization": 14300000, "ebitda": 125400000, "ebitdaratio": 1.7914285714, "operatingIncome": 111800000, "operatingIncomeRatio": 1.5971428571, "totalOtherIncomeExpensesNet": 700000, "incomeBeforeTax": 112500000, "incomeBeforeTaxRatio": 1.6071428571, "incomeTaxExpense": 96700000, "netIncome": 15100000, "netIncomeRatio": 0.2157142857, "eps": 0.9, "epsdiluted": 0.9, "weightedAverageShsOut": 16777778, "weightedAverageShsOutDil": 16777778, "link": "", "finalLink": "", "calculatedOtherExpenses": -43200000, "calculatedOperatingExpenses": -41800000, "calculatedNetInterest": 0, "calculatedOtherIncome": 700000, "calculatedIncomeNonControlling": 700000, "calculatedEbitda": 126100000}, {"date": "1991-12-31", "symbol": "PSA", "reportedCurrency": "USD", "cik": "0001393311", "fillingDate": "1991-12-31", "acceptedDate": "1991-12-30 19:00:00", "calendarYear": "1991", "period": "FY", "revenue": 50000000, "costOfRevenue": 0, "grossProfit": 50000000, "grossProfitRatio": 1, "researchAndDevelopmentExpenses": 0, "generalAndAdministrativeExpenses": 1400000, "sellingAndMarketingExpenses": 0, "sellingGeneralAndAdministrativeExpenses": 1400000, "otherExpenses": -27200000, "operatingExpenses": -25800000, "costAndExpenses": -25800000, "interestIncome": 0, "interestExpense": 0, "depreciationAndAmortization": 8900000, "ebitda": 84700000, "ebitdaratio": 1.694, "operatingIncome": 75800000, "operatingIncomeRatio": 1.516, "totalOtherIncomeExpensesNet": 0, "incomeBeforeTax": 0, "incomeBeforeTaxRatio": 0, "incomeTaxExpense": 63800000, "netIncome": 12000000, "netIncomeRatio": 0.24, "eps": 0.81, "epsdiluted": 0.81, "weightedAverageShsOut": 14814815, "weightedAverageShsOutDil": 14814815, "link": "", "finalLink": "", "calculatedOtherExpenses": -27200000, "calculatedOperatingExpenses": -25800000, "calculatedNetInterest": 0, "calculatedOtherIncome": -75800000, "calculatedIncomeNonControlling": -75800000, "calculatedEbitda": 84700000}, {"date": "1990-12-31", "symbol": "PSA", "reportedCurrency": "USD", "cik": "0001393311", "fillingDate": "1990-12-31", "acceptedDate": "1990-12-30 19:00:00", "calendarYear": "1990", "period": "FY", "revenue": 34500000, "costOfRevenue": 0, "grossProfit": 34500000, "grossProfitRatio": 1, "researchAndDevelopmentExpenses": 0, "generalAndAdministrativeExpenses": 1100000, "sellingAndMarketingExpenses": 0, "sellingGeneralAndAdministrativeExpenses": 1100000, "otherExpenses": -13800000, "operatingExpenses": -12700000, "costAndExpenses": -12700000, "interestIncome": 0, "interestExpense": 0, "depreciationAndAmortization": 3600000, "ebitda": 49700000, "ebitdaratio": 1.4405797101, "operatingIncome": 47200000, "operatingIncomeRatio": 1.368115942, "totalOtherIncomeExpensesNet": 1100000, "incomeBeforeTax": 48300000, "incomeBeforeTaxRatio": 1.4, "incomeTaxExpense": 35200000, "netIncome": 12000000, "netIncomeRatio": 0.347826087, "eps": 1.04, "epsdiluted": 1.04, "weightedAverageShsOut": 11538462, "weightedAverageShsOutDil": 11538462, "link": "", "finalLink": "", "calculatedOtherExpenses": -13800000, "calculatedOperatingExpenses": -12700000, "calculatedNetInterest": 0, "calculatedOtherIncome": 1100000, "calculatedIncomeNonControlling": 1100000, "calculatedEbitda": 50800000}, {"date": "1989-12-31", "symbol": "PSA", "reportedCurrency": "USD", "cik": "0001393311", "fillingDate": "1989-12-31", "acceptedDate": "1989-12-30 19:00:00", "calendarYear": "1989", "period": "FY", "revenue": 29700000, "costOfRevenue": 0, "grossProfit": 29700000, "grossProfitRatio": 1, "researchAndDevelopmentExpenses": 0, "generalAndAdministrativeExpenses": 1300000, "sellingAndMarketingExpenses": 0, "sellingGeneralAndAdministrativeExpenses": 1300000, "otherExpenses": -8800000, "operatingExpenses": -7500000, "costAndExpenses": -7500000, "interestIncome": 0, "interestExpense": 0, "depreciationAndAmortization": 1900000, "ebitda": 37300000, "ebitdaratio": 1.2558922559, "operatingIncome": 37200000, "operatingIncomeRatio": 1.2525252525, "totalOtherIncomeExpensesNet": 1800000, "incomeBeforeTax": 39000000, "incomeBeforeTaxRatio": 1.3131313131, "incomeTaxExpense": 26100000, "netIncome": 11100000, "netIncomeRatio": 0.3737373737, "eps": 1.01, "epsdiluted": 1.01, "weightedAverageShsOut": 10990099, "weightedAverageShsOutDil": 10990099, "link": "", "finalLink": "", "calculatedOtherExpenses": -8800000, "calculatedOperatingExpenses": -7500000, "calculatedNetInterest": 0, "calculatedOtherIncome": 1800000, "calculatedIncomeNonControlling": 1800000, "calculatedEbitda": 39100000}, {"date": "1988-12-31", "symbol": "PSA", "reportedCurrency": "USD", "cik": "0001393311", "fillingDate": "1988-12-31", "acceptedDate": "1988-12-30 19:00:00", "calendarYear": "1988", "period": "FY", "revenue": 29800000, "costOfRevenue": 0, "grossProfit": 29800000, "grossProfitRatio": 1, "researchAndDevelopmentExpenses": 0, "generalAndAdministrativeExpenses": 0, "sellingAndMarketingExpenses": 0, "sellingGeneralAndAdministrativeExpenses": 0, "otherExpenses": -9800000, "operatingExpenses": -9800000, "costAndExpenses": -9800000, "interestIncome": 0, "interestExpense": 0, "depreciationAndAmortization": 0, "ebitda": 39600000, "ebitdaratio": 1.3288590604, "operatingIncome": 39600000, "operatingIncomeRatio": 1.3288590604, "totalOtherIncomeExpensesNet": 0, "incomeBeforeTax": 0, "incomeBeforeTaxRatio": 0, "incomeTaxExpense": -11600000, "netIncome": 11600000, "netIncomeRatio": 0.389261745, "eps": 1.06, "epsdiluted": 1.06, "weightedAverageShsOut": 10943396, "weightedAverageShsOutDil": 10943396, "link": "", "finalLink": "", "calculatedOtherExpenses": -9800000, "calculatedOperatingExpenses": -9800000, "calculatedNetInterest": 0, "calculatedOtherIncome": -39600000, "calculatedIncomeNonControlling": 0, "calculatedEbitda": 39600000}, {"date": "1987-12-31", "symbol": "PSA", "reportedCurrency": "USD", "cik": "0001393311", "fillingDate": "1987-12-31", "acceptedDate": "1987-12-30 19:00:00", "calendarYear": "1987", "period": "FY", "revenue": 28400000, "costOfRevenue": 0, "grossProfit": 28400000, "grossProfitRatio": 1, "researchAndDevelopmentExpenses": 0, "generalAndAdministrativeExpenses": 0, "sellingAndMarketingExpenses": 0, "sellingGeneralAndAdministrativeExpenses": 0, "otherExpenses": -9200000, "operatingExpenses": -9200000, "costAndExpenses": -9200000, "interestIncome": 0, "interestExpense": 0, "depreciationAndAmortization": 0, "ebitda": 37600000, "ebitdaratio": 1.323943662, "operatingIncome": 37600000, "operatingIncomeRatio": 1.323943662, "totalOtherIncomeExpensesNet": 0, "incomeBeforeTax": 0, "incomeBeforeTaxRatio": 0, "incomeTaxExpense": -10500000, "netIncome": 10500000, "netIncomeRatio": 0.3697183099, "eps": 1, "epsdiluted": 1, "weightedAverageShsOut": 10500000, "weightedAverageShsOutDil": 10500000, "link": "", "finalLink": "", "calculatedOtherExpenses": -9200000, "calculatedOperatingExpenses": -9200000, "calculatedNetInterest": 0, "calculatedOtherIncome": -37600000, "calculatedIncomeNonControlling": 0, "calculatedEbitda": 37600000}, {"date": "1986-12-31", "symbol": "PSA", "reportedCurrency": "USD", "cik": "0001393311", "fillingDate": "1986-12-31", "acceptedDate": "1986-12-30 19:00:00", "calendarYear": "1986", "period": "FY", "revenue": 23200000, "costOfRevenue": 0, "grossProfit": 23200000, "grossProfitRatio": 1, "researchAndDevelopmentExpenses": 0, "generalAndAdministrativeExpenses": 0, "sellingAndMarketingExpenses": 0, "sellingGeneralAndAdministrativeExpenses": 0, "otherExpenses": -6600000, "operatingExpenses": -6600000, "costAndExpenses": -6600000, "interestIncome": 0, "interestExpense": 0, "depreciationAndAmortization": 0, "ebitda": 29800000, "ebitdaratio": 1.2844827586, "operatingIncome": 29800000, "operatingIncomeRatio": 1.2844827586, "totalOtherIncomeExpensesNet": 0, "incomeBeforeTax": 0, "incomeBeforeTaxRatio": 0, "incomeTaxExpense": -10000000, "netIncome": 10000000, "netIncomeRatio": 0.4310344828, "eps": 1.05, "epsdiluted": 1.05, "weightedAverageShsOut": 9523810, "weightedAverageShsOutDil": 9523810, "link": "", "finalLink": "", "calculatedOtherExpenses": -6600000, "calculatedOperatingExpenses": -6600000, "calculatedNetInterest": 0, "calculatedOtherIncome": -29800000, "calculatedIncomeNonControlling": 0, "calculatedEbitda": 29800000}, {"date": "1985-12-31", "symbol": "PSA", "reportedCurrency": "USD", "cik": "0001393311", "fillingDate": "1985-12-31", "acceptedDate": "1985-12-30 19:00:00", "calendarYear": "1985", "period": "FY", "revenue": 19300000, "costOfRevenue": 0, "grossProfit": 19300000, "grossProfitRatio": 1, "researchAndDevelopmentExpenses": 0, "generalAndAdministrativeExpenses": 0, "sellingAndMarketingExpenses": 0, "sellingGeneralAndAdministrativeExpenses": 0, "otherExpenses": -5800000, "operatingExpenses": -5800000, "costAndExpenses": -5800000, "interestIncome": 0, "interestExpense": 0, "depreciationAndAmortization": 0, "ebitda": 25100000, "ebitdaratio": 1.3005181347, "operatingIncome": 25100000, "operatingIncomeRatio": 1.3005181347, "totalOtherIncomeExpensesNet": 0, "incomeBeforeTax": 0, "incomeBeforeTaxRatio": 0, "incomeTaxExpense": -6700000, "netIncome": 6700000, "netIncomeRatio": 0.3471502591, "eps": 1.37, "epsdiluted": 1.37, "weightedAverageShsOut": 2500000, "weightedAverageShsOutDil": 2500000, "link": "", "finalLink": "", "calculatedOtherExpenses": -5800000, "calculatedOperatingExpenses": -5800000, "calculatedNetInterest": 0, "calculatedOtherIncome": -25100000, "calculatedIncomeNonControlling": 0, "calculatedEbitda": 25100000}, {"date": "1984-12-31", "symbol": "PSA", "reportedCurrency": "USD", "cik": "0001393311", "fillingDate": "1984-12-31", "acceptedDate": "1984-12-30 19:00:00", "calendarYear": "1984", "period": "FY", "revenue": 12500000, "costOfRevenue": 2200000, "grossProfit": 10300000, "grossProfitRatio": 0.824, "researchAndDevelopmentExpenses": 0, "generalAndAdministrativeExpenses": 1300000, "sellingAndMarketingExpenses": 0, "sellingGeneralAndAdministrativeExpenses": 1300000, "otherExpenses": 4599999, "operatingExpenses": 5899999, "costAndExpenses": 8099999, "interestIncome": 0, "interestExpense": 0, "depreciationAndAmortization": 0, "ebitda": 4400000, "ebitdaratio": 0.352, "operatingIncome": 4400000, "operatingIncomeRatio": 0.352, "totalOtherIncomeExpensesNet": 0, "incomeBeforeTax": 4400000, "incomeBeforeTaxRatio": 0.352, "incomeTaxExpense": 0, "netIncome": 4400000, "netIncomeRatio": 0.352, "eps": 1.07, "epsdiluted": 1.07, "weightedAverageShsOut": 4100000, "weightedAverageShsOutDil": 4100000, "link": "", "finalLink": "", "calculatedOtherExpenses": 4600000, "calculatedOperatingExpenses": 5900000, "calculatedNetInterest": 0, "calculatedOtherIncome": 0, "calculatedIncomeNonControlling": 0, "calculatedEbitda": 4400000}, {"date": "1983-12-31", "symbol": "PSA", "reportedCurrency": "USD", "cik": "0001393311", "fillingDate": "1983-12-31", "acceptedDate": "1983-12-30 19:00:00", "calendarYear": "1983", "period": "FY", "revenue": 8600000, "costOfRevenue": 2000000, "grossProfit": 6600000, "grossProfitRatio": 0.7674418605, "researchAndDevelopmentExpenses": 0, "generalAndAdministrativeExpenses": 1000000, "sellingAndMarketingExpenses": 0, "sellingGeneralAndAdministrativeExpenses": 1000000, "otherExpenses": 2800000, "operatingExpenses": 3800000, "costAndExpenses": 5800000, "interestIncome": 0, "interestExpense": 0, "depreciationAndAmortization": 0, "ebitda": 2800000, "ebitdaratio": 0.3255813953, "operatingIncome": 2800000, "operatingIncomeRatio": 0.3255813953, "totalOtherIncomeExpensesNet": 0, "incomeBeforeTax": 2800000, "incomeBeforeTaxRatio": 0.3255813953, "incomeTaxExpense": 0, "netIncome": 2800000, "netIncomeRatio": 0.3255813953, "eps": 1, "epsdiluted": 1, "weightedAverageShsOut": 2800000, "weightedAverageShsOutDil": 2800000, "link": "", "finalLink": "", "calculatedOtherExpenses": 2800000, "calculatedOperatingExpenses": 3800000, "calculatedNetInterest": 0, "calculatedOtherIncome": 0, "calculatedIncomeNonControlling": 0, "calculatedEbitda": 2800000}]}