{"originalCurrency": "USD", "convertedCurrency": "USD", "report": [{"date": "2023-06-30", "symbol": "PSEC", "reportedCurrency": "USD", "cik": "0001287032", "fillingDate": "2023-09-08", "acceptedDate": "2023-09-08 16:13:55", "calendarYear": "2023", "period": "FY", "revenue": 852213000, "costOfRevenue": 1673898000, "grossProfit": -821685000, "grossProfitRatio": -0.9641779696, "researchAndDevelopmentExpenses": 0, "generalAndAdministrativeExpenses": 40561000, "sellingAndMarketingExpenses": 0, "sellingGeneralAndAdministrativeExpenses": 40561000, "otherExpenses": 416700000, "operatingExpenses": 40741000, "costAndExpenses": 431284000, "interestIncome": 760785000, "interestExpense": 148204000, "depreciationAndAmortization": -431142000, "ebitda": -101641000, "ebitdaratio": -0.1192671316, "operatingIncome": 329501000, "operatingIncomeRatio": 0.3866416025, "totalOtherIncomeExpensesNet": -431142000, "incomeBeforeTax": -101641000, "incomeBeforeTaxRatio": -0.1192671316, "incomeTaxExpense": 0, "netIncome": -101641000, "netIncomeRatio": -0.1192671316, "eps": -0.26, "epsdiluted": -0.26, "weightedAverageShsOut": 398514965, "weightedAverageShsOutDil": 398514965, "link": "https://www.sec.gov/Archives/edgar/data/1287032/000128703223000283/0001287032-23-000283-index.htm", "finalLink": "https://www.sec.gov/Archives/edgar/data/1287032/000128703223000283/psec-20230630.htm", "calculatedOtherExpenses": -1191747000, "calculatedOperatingExpenses": -1151186000, "calculatedNetInterest": 612581000, "calculatedOtherIncome": -1043723000, "calculatedIncomeNonControlling": 0, "calculatedEbitda": -101641000}, {"date": "2022-06-30", "symbol": "PSEC", "reportedCurrency": "USD", "cik": "0001287032", "fillingDate": "2022-09-06", "acceptedDate": "2022-09-06 16:03:35", "calendarYear": "2022", "period": "FY", "revenue": 622468000, "costOfRevenue": 219861000, "grossProfit": 402607000, "grossProfitRatio": 0.6467914817, "researchAndDevelopmentExpenses": 0, "generalAndAdministrativeExpenses": 29727000, "sellingAndMarketingExpenses": 0, "sellingGeneralAndAdministrativeExpenses": 29727000, "otherExpenses": 10157000, "operatingExpenses": 39884000, "costAndExpenses": 52682000, "interestIncome": 584685000, "interestExpense": 117416000, "depreciationAndAmortization": 739884000, "ebitda": 687202000, "ebitdaratio": 1.1039957074, "operatingIncome": -52682000, "operatingIncomeRatio": -0.0846340695, "totalOtherIncomeExpensesNet": 635266000, "incomeBeforeTax": 582584000, "incomeBeforeTaxRatio": 0.9359260235, "incomeTaxExpense": -739884000, "netIncome": 1322468000, "netIncomeRatio": 2.1245558005, "eps": 3.39, "epsdiluted": 3.05, "weightedAverageShsOut": 390571648, "weightedAverageShsOutDil": 433791771, "link": "https://www.sec.gov/Archives/edgar/data/1287032/000128703222000278/0001287032-22-000278-index.htm", "finalLink": "https://www.sec.gov/Archives/edgar/data/1287032/000128703222000278/psec10-kq42022.htm", "calculatedOtherExpenses": 425562000, "calculatedOperatingExpenses": 455289000, "calculatedNetInterest": 467269000, "calculatedOtherIncome": 167997000, "calculatedIncomeNonControlling": 0, "calculatedEbitda": 687202000}, {"date": "2021-06-30", "symbol": "PSEC", "reportedCurrency": "USD", "cik": "0001287032", "fillingDate": "2021-08-25", "acceptedDate": "2021-08-24 17:39:49", "calendarYear": "2021", "period": "FY", "revenue": 1017081000, "costOfRevenue": 185849000, "grossProfit": 831232000, "grossProfitRatio": 0.817272174, "researchAndDevelopmentExpenses": 0, "generalAndAdministrativeExpenses": 29763000, "sellingAndMarketingExpenses": 0, "sellingGeneralAndAdministrativeExpenses": 29763000, "otherExpenses": 23511000, "operatingExpenses": 53274000, "costAndExpenses": 53274000, "interestIncome": 554263000, "interestExpense": 130618000, "depreciationAndAmortization": -416355000, "ebitda": 963807000, "ebitdaratio": 0.947620691, "operatingIncome": 963807000, "operatingIncomeRatio": 0.947620691, "totalOtherIncomeExpensesNet": -154129000, "incomeBeforeTax": 963807000, "incomeBeforeTaxRatio": 0.947620691, "incomeTaxExpense": 347000, "netIncome": 963807000, "netIncomeRatio": 0.947620691, "eps": 2.51, "epsdiluted": 2.5, "weightedAverageShsOut": 382705106, "weightedAverageShsOutDil": 385968567, "link": "https://www.sec.gov/Archives/edgar/data/1287032/000128703221000413/0001287032-21-000413-index.htm", "finalLink": "https://www.sec.gov/Archives/edgar/data/1287032/000128703221000413/psec10-kq42021.htm", "calculatedOtherExpenses": -162338000, "calculatedOperatingExpenses": -132575000, "calculatedNetInterest": 423645000, "calculatedOtherIncome": -423645000, "calculatedIncomeNonControlling": -347000, "calculatedEbitda": 547452000}, {"date": "2020-06-30", "symbol": "PSEC", "reportedCurrency": "USD", "cik": "0001287032", "fillingDate": "2020-08-26", "acceptedDate": "2020-08-26 16:11:43", "calendarYear": "2020", "period": "FY", "revenue": 18979000, "costOfRevenue": 176967000, "grossProfit": -157988000, "grossProfitRatio": -8.3243585015, "researchAndDevelopmentExpenses": 0, "generalAndAdministrativeExpenses": 32501000, "sellingAndMarketingExpenses": 0, "sellingGeneralAndAdministrativeExpenses": 32501000, "otherExpenses": 2702000, "operatingExpenses": 35203000, "costAndExpenses": 35203000, "interestIncome": 554376000, "interestExpense": 148368000, "depreciationAndAmortization": -414062000, "ebitda": -16224000, "ebitdaratio": -0.8548395595, "operatingIncome": -16224000, "operatingIncomeRatio": -0.8548395595, "totalOtherIncomeExpensesNet": -151070000, "incomeBeforeTax": -16224000, "incomeBeforeTaxRatio": -0.8548395595, "incomeTaxExpense": 260000, "netIncome": -16224000, "netIncomeRatio": -0.8548395595, "eps": -0.0441, "epsdiluted": -0.0441, "weightedAverageShsOut": 368094299, "weightedAverageShsOutDil": 368094299, "link": "https://www.sec.gov/Archives/edgar/data/1287032/000128703220000290/0001287032-20-000290-index.htm", "finalLink": "https://www.sec.gov/Archives/edgar/data/1287032/000128703220000290/psec10-kq42020.htm", "calculatedOtherExpenses": -174265000, "calculatedOperatingExpenses": -141764000, "calculatedNetInterest": 406008000, "calculatedOtherIncome": -406008000, "calculatedIncomeNonControlling": -260000, "calculatedEbitda": -430286000}, {"date": "2019-06-30", "symbol": "PSEC", "reportedCurrency": "USD", "cik": "0001287032", "fillingDate": "2019-08-27", "acceptedDate": "2019-08-27 16:12:28", "calendarYear": "2019", "period": "FY", "revenue": 186603000, "costOfRevenue": 200048000, "grossProfit": -13445000, "grossProfitRatio": -0.0720513604, "researchAndDevelopmentExpenses": 0, "generalAndAdministrativeExpenses": 33629000, "sellingAndMarketingExpenses": 0, "sellingGeneralAndAdministrativeExpenses": 33629000, "otherExpenses": 8487000, "operatingExpenses": 42116000, "costAndExpenses": 42116000, "interestIncome": 624116000, "interestExpense": 157231000, "depreciationAndAmortization": -470090000, "ebitda": 301718000, "ebitdaratio": 1.6168979063, "operatingIncome": 301718000, "operatingIncomeRatio": 1.6168979063, "totalOtherIncomeExpensesNet": -157231000, "incomeBeforeTax": 144487000, "incomeBeforeTaxRatio": 0.7743015922, "incomeTaxExpense": -1217000, "netIncome": 144487000, "netIncomeRatio": 0.7743015922, "eps": 0.39, "epsdiluted": 0.39, "weightedAverageShsOut": 365984541, "weightedAverageShsOutDil": 365984541, "link": "https://www.sec.gov/Archives/edgar/data/1287032/000128703219000284/0001287032-19-000284-index.htm", "finalLink": "https://www.sec.gov/Archives/edgar/data/1287032/000128703219000284/psec10-kq42019.htm", "calculatedOtherExpenses": -348792000, "calculatedOperatingExpenses": -315163000, "calculatedNetInterest": 466885000, "calculatedOtherIncome": -624116000, "calculatedIncomeNonControlling": 1217000, "calculatedEbitda": -168372000}, {"date": "2018-06-30", "symbol": "PSEC", "reportedCurrency": "USD", "cik": "0001287032", "fillingDate": "2018-08-28", "acceptedDate": "2018-08-28 16:23:18", "calendarYear": "2018", "period": "FY", "revenue": 333654000, "costOfRevenue": 0, "grossProfit": 333654000, "grossProfitRatio": 1, "researchAndDevelopmentExpenses": 0, "generalAndAdministrativeExpenses": 26197000, "sellingAndMarketingExpenses": 0, "sellingGeneralAndAdministrativeExpenses": 26197000, "otherExpenses": 28137000, "operatingExpenses": 33791000, "costAndExpenses": 54334000, "interestIncome": 607012000, "interestExpense": 155039000, "depreciationAndAmortization": 488693000, "ebitda": 434359000, "ebitdaratio": 1.3018246447, "operatingIncome": -54334000, "operatingIncomeRatio": -0.1628453428, "totalOtherIncomeExpensesNet": 299863000, "incomeBeforeTax": 299863000, "incomeBeforeTaxRatio": 0.8987244271, "incomeTaxExpense": -54334000, "netIncome": 299863000, "netIncomeRatio": 0.8987244271, "eps": 0.83, "epsdiluted": 0.83, "weightedAverageShsOut": 361456075, "weightedAverageShsOutDil": 361456075, "link": "https://www.sec.gov/Archives/edgar/data/1287032/000128703218000316/0001287032-18-000316-index.htm", "finalLink": "https://www.sec.gov/Archives/edgar/data/1287032/000128703218000316/psec10-kq42018.htm", "calculatedOtherExpenses": 361791000, "calculatedOperatingExpenses": 387988000, "calculatedNetInterest": 451973000, "calculatedOtherIncome": -97776000, "calculatedIncomeNonControlling": 54334000, "calculatedEbitda": 434359000}, {"date": "2017-06-30", "symbol": "PSEC", "reportedCurrency": "USD", "cik": "0001287032", "fillingDate": "2017-08-28", "acceptedDate": "2017-08-28 16:04:02", "calendarYear": "2017", "period": "FY", "revenue": 290639000, "costOfRevenue": 0, "grossProfit": 312399000, "grossProfitRatio": 1.074869511662234, "researchAndDevelopmentExpenses": 0, "generalAndAdministrativeExpenses": 31822000, "sellingAndMarketingExpenses": 0, "sellingGeneralAndAdministrativeExpenses": 31822000, "otherExpenses": 27671000, "operatingExpenses": 37733000, "costAndExpenses": 59493000, "interestIncome": 668717000, "interestExpense": 164848000, "depreciationAndAmortization": 455487000, "ebitda": 395994000, "ebitdaratio": 1.3624943659, "operatingIncome": -59493000, "operatingIncomeRatio": -0.2046972361, "totalOtherIncomeExpensesNet": 252906000, "incomeBeforeTax": 252906000, "incomeBeforeTaxRatio": 0.8701722756, "incomeTaxExpense": -59493000, "netIncome": 252906000, "netIncomeRatio": 0.8701722756, "eps": 0.7, "epsdiluted": 0.7, "weightedAverageShsOut": 358841714, "weightedAverageShsOutDil": 358841714, "link": "https://www.sec.gov/Archives/edgar/data/1287032/000128703217000232/0001287032-17-000232-index.htm", "finalLink": "https://www.sec.gov/Archives/edgar/data/1287032/000128703217000232/psec10-kq42017.htm", "calculatedOtherExpenses": 340070000, "calculatedOperatingExpenses": 371892000, "calculatedNetInterest": 503869000, "calculatedOtherIncome": -191470000, "calculatedIncomeNonControlling": 59493000, "calculatedEbitda": 395994000}, {"date": "2016-06-30", "symbol": "PSEC", "reportedCurrency": "USD", "cik": "0001287032", "fillingDate": "2016-08-29", "acceptedDate": "2016-08-29 17:04:22", "calendarYear": "2016", "period": "FY", "revenue": 157819000, "costOfRevenue": 0, "grossProfit": 157819000, "grossProfitRatio": 1, "researchAndDevelopmentExpenses": 0, "generalAndAdministrativeExpenses": 31526000, "sellingAndMarketingExpenses": 0, "sellingGeneralAndAdministrativeExpenses": 31526000, "otherExpenses": 22931000, "operatingExpenses": 54457000, "costAndExpenses": 54457000, "interestIncome": 731618000, "interestExpense": 146859000, "depreciationAndAmortization": 304678000, "ebitda": 250221000, "ebitdaratio": 1.5854935084, "operatingIncome": -54457000, "operatingIncomeRatio": -0.345059847, "totalOtherIncomeExpensesNet": 103362000, "incomeBeforeTax": 103362000, "incomeBeforeTaxRatio": 0.654940153, "incomeTaxExpense": -54457000, "netIncome": 103362000, "netIncomeRatio": 0.654940153, "eps": 0.29, "epsdiluted": 0.29, "weightedAverageShsOut": 356134297, "weightedAverageShsOutDil": 356134297, "link": "https://www.sec.gov/Archives/edgar/data/1287032/000128703216000596/0001287032-16-000596-index.htm", "finalLink": "https://www.sec.gov/Archives/edgar/data/1287032/000128703216000596/psec10-kq42016.htm", "calculatedOtherExpenses": 180750000, "calculatedOperatingExpenses": 212276000, "calculatedNetInterest": 584759000, "calculatedOtherIncome": -426940000, "calculatedIncomeNonControlling": 54457000, "calculatedEbitda": 250221000}, {"date": "2015-06-30", "symbol": "PSEC", "reportedCurrency": "USD", "cik": "0001287032", "fillingDate": "2015-08-26", "acceptedDate": "2015-08-26 16:42:47", "calendarYear": "2015", "period": "FY", "revenue": 382689000, "costOfRevenue": 0, "grossProfit": 382689000, "grossProfitRatio": 1, "researchAndDevelopmentExpenses": 0, "generalAndAdministrativeExpenses": 29895000, "sellingAndMarketingExpenses": 0, "sellingGeneralAndAdministrativeExpenses": 29895000, "otherExpenses": 6455000, "operatingExpenses": 36350000, "costAndExpenses": 36350000, "interestIncome": 748974000, "interestExpense": 170660000, "depreciationAndAmortization": 553349000, "ebitda": 516999000, "ebitdaratio": 1.3509638375, "operatingIncome": -36350000, "operatingIncomeRatio": -0.0949857456, "totalOtherIncomeExpensesNet": 346339000, "incomeBeforeTax": 346339000, "incomeBeforeTaxRatio": 0.9050142544, "incomeTaxExpense": -36350000, "netIncome": 346339000, "netIncomeRatio": 0.9050142544, "eps": 0.98, "epsdiluted": 0.98, "weightedAverageShsOut": 353648522, "weightedAverageShsOutDil": 353648522, "link": "https://www.sec.gov/Archives/edgar/data/1287032/000128703215000229/0001287032-15-000229-index.htm", "finalLink": "https://www.sec.gov/Archives/edgar/data/1287032/000128703215000229/psec10-kq42015.htm", "calculatedOtherExpenses": 389144000, "calculatedOperatingExpenses": 419039000, "calculatedNetInterest": 578314000, "calculatedOtherIncome": -195625000, "calculatedIncomeNonControlling": 36350000, "calculatedEbitda": 516999000}, {"date": "2014-06-30", "symbol": "PSEC", "reportedCurrency": "USD", "cik": "0001287032", "fillingDate": "2014-08-25", "acceptedDate": "2014-08-25 16:59:21", "calendarYear": "2014", "period": "FY", "revenue": 345689000, "costOfRevenue": 0, "grossProfit": 345689000, "grossProfitRatio": 1, "researchAndDevelopmentExpenses": 0, "generalAndAdministrativeExpenses": 30869000, "sellingAndMarketingExpenses": 0, "sellingGeneralAndAdministrativeExpenses": 30869000, "otherExpenses": 346836000, "operatingExpenses": 26669000, "costAndExpenses": 26669000, "interestIncome": 613741000, "interestExpense": 130103000, "depreciationAndAmortization": 475792000, "ebitda": 449123000, "ebitdaratio": 1.2992111406, "operatingIncome": -26669000, "operatingIncomeRatio": -0.0771473781, "totalOtherIncomeExpensesNet": 319020000, "incomeBeforeTax": 319020000, "incomeBeforeTaxRatio": 0.9228526219, "incomeTaxExpense": -26669000, "netIncome": 319020000, "netIncomeRatio": 0.9228526219, "eps": 1.06, "epsdiluted": 1.06, "weightedAverageShsOut": 300283941, "weightedAverageShsOutDil": 300283941, "link": "https://www.sec.gov/Archives/edgar/data/1287032/000128703214000128/0001287032-14-000128-index.htm", "finalLink": "https://www.sec.gov/Archives/edgar/data/1287032/000128703214000128/psec201410-k.htm", "calculatedOtherExpenses": 341489000, "calculatedOperatingExpenses": 372358000, "calculatedNetInterest": 483638000, "calculatedOtherIncome": -137949000, "calculatedIncomeNonControlling": 26669000, "calculatedEbitda": 449123000}, {"date": "2013-06-30", "symbol": "PSEC", "reportedCurrency": "USD", "cik": "0001287032", "fillingDate": "2013-08-21", "acceptedDate": "2013-08-21 16:02:25", "calendarYear": "2013", "period": "FY", "revenue": 244896000, "costOfRevenue": 0, "grossProfit": 244896000, "grossProfitRatio": 1, "researchAndDevelopmentExpenses": 0, "generalAndAdministrativeExpenses": 17540000, "sellingAndMarketingExpenses": 0, "sellingGeneralAndAdministrativeExpenses": 17540000, "otherExpenses": 6500000, "operatingExpenses": 24040000, "costAndExpenses": 24040000, "interestIncome": 435455000, "interestExpense": 76341000, "depreciationAndAmortization": 321237000, "ebitda": 297197000, "ebitdaratio": 1.2135641252, "operatingIncome": -24040000, "operatingIncomeRatio": -0.0981641186, "totalOtherIncomeExpensesNet": 220856000, "incomeBeforeTax": 220856000, "incomeBeforeTaxRatio": 0.9018358814, "incomeTaxExpense": -24040000, "netIncome": 220856000, "netIncomeRatio": 0.9018358814, "eps": 1.07, "epsdiluted": 1.07, "weightedAverageShsOut": 207069971, "weightedAverageShsOutDil": 207069971, "link": "https://www.sec.gov/Archives/edgar/data/1287032/000104746913008570/0001047469-13-008570-index.htm", "finalLink": "https://www.sec.gov/Archives/edgar/data/1287032/000104746913008570/a2216438z10-k.htm", "calculatedOtherExpenses": 251396000, "calculatedOperatingExpenses": 268936000, "calculatedNetInterest": 359114000, "calculatedOtherIncome": -114218000, "calculatedIncomeNonControlling": 24040000, "calculatedEbitda": 297197000}, {"date": "2012-06-30", "symbol": "PSEC", "reportedCurrency": "USD", "cik": "0001287032", "fillingDate": "2012-08-22", "acceptedDate": "2012-08-22 16:01:48", "calendarYear": "2012", "period": "FY", "revenue": 204089000, "costOfRevenue": 0, "grossProfit": 204089000, "grossProfitRatio": 1, "researchAndDevelopmentExpenses": 0, "generalAndAdministrativeExpenses": 13185000, "sellingAndMarketingExpenses": 0, "sellingGeneralAndAdministrativeExpenses": 13185000, "otherExpenses": 131423000, "operatingExpenses": 13185000, "costAndExpenses": 13185000, "interestIncome": 219536000, "interestExpense": 38534000, "depreciationAndAmortization": 242623000, "ebitda": 229438000, "ebitdaratio": 1.1242056162, "operatingIncome": -13185000, "operatingIncomeRatio": -0.0646041678, "totalOtherIncomeExpensesNet": 190904000, "incomeBeforeTax": 190904000, "incomeBeforeTaxRatio": 0.9353958322, "incomeTaxExpense": -13185000, "netIncome": 190904000, "netIncomeRatio": 0.9353958322, "eps": 1.67, "epsdiluted": 1.67, "weightedAverageShsOut": 114394554, "weightedAverageShsOutDil": 114394554, "link": "https://www.sec.gov/Archives/edgar/data/1287032/000104746912008467/0001047469-12-008467-index.htm", "finalLink": "https://www.sec.gov/Archives/edgar/data/1287032/000104746912008467/a2210797z10-k.htm", "calculatedOtherExpenses": 204089000, "calculatedOperatingExpenses": 217274000, "calculatedNetInterest": 181002000, "calculatedOtherIncome": 23087000, "calculatedIncomeNonControlling": 13185000, "calculatedEbitda": 229438000}, {"date": "2011-06-30", "symbol": "PSEC", "reportedCurrency": "USD", "cik": "0001287032", "fillingDate": "2011-08-29", "acceptedDate": "2011-08-29 16:03:15", "calendarYear": "2011", "period": "FY", "revenue": 129844000, "costOfRevenue": 0, "grossProfit": 129844000, "grossProfitRatio": 1.3052278118357414, "researchAndDevelopmentExpenses": 0, "generalAndAdministrativeExpenses": 11606000, "sellingAndMarketingExpenses": 0, "sellingGeneralAndAdministrativeExpenses": 11606000, "otherExpenses": 72098000, "operatingExpenses": 11606000, "costAndExpenses": 57657000, "interestIncome": 134454000, "interestExpense": 17598000, "depreciationAndAmortization": 41615000, "ebitda": 135836000, "ebitdaratio": 1.0461476849, "operatingIncome": 94221000, "operatingIncomeRatio": 0.7256477003, "totalOtherIncomeExpensesNet": 24017000, "incomeBeforeTax": 118238000, "incomeBeforeTaxRatio": 0.9106158159, "incomeTaxExpense": 0, "netIncome": 118238000, "netIncomeRatio": 0.9106158159, "eps": 1.38, "epsdiluted": 1.38, "weightedAverageShsOut": 85978757, "weightedAverageShsOutDil": 85978757, "link": "https://www.sec.gov/Archives/edgar/data/1287032/000104746911007720/0001047469-11-007720-index.htm", "finalLink": "https://www.sec.gov/Archives/edgar/data/1287032/000104746911007720/a2205453z10-k.htm", "calculatedOtherExpenses": 24017000, "calculatedOperatingExpenses": 35623000, "calculatedNetInterest": 116856000, "calculatedOtherIncome": -92839000, "calculatedIncomeNonControlling": 0, "calculatedEbitda": 135836000}, {"date": "2010-06-30", "symbol": "PSEC", "reportedCurrency": "USD", "cik": "0001287032", "fillingDate": "2010-08-30", "acceptedDate": "2010-08-30 16:01:54", "calendarYear": "2010", "period": "FY", "revenue": 27146000, "costOfRevenue": 0, "grossProfit": 27146000, "grossProfitRatio": 4.1860679289766445, "researchAndDevelopmentExpenses": 0, "generalAndAdministrativeExpenses": 7408000, "sellingAndMarketingExpenses": 0, "sellingGeneralAndAdministrativeExpenses": 7408000, "otherExpenses": 46063000, "operatingExpenses": 7408000, "costAndExpenses": 37950000, "interestIncome": 86518000, "interestExpense": 8382000, "depreciationAndAmortization": -39183000, "ebitda": 27268000, "ebitdaratio": 1.0044942165, "operatingIncome": 66451000, "operatingIncomeRatio": 2.4479112945, "totalOtherIncomeExpensesNet": -48417000, "incomeBeforeTax": 18886000, "incomeBeforeTaxRatio": 0.695719443, "incomeTaxExpense": -852000, "netIncome": 18886000, "netIncomeRatio": 0.695719443, "eps": 0.33, "epsdiluted": 0.33, "weightedAverageShsOut": 59429222, "weightedAverageShsOutDil": 59429222, "link": "https://www.sec.gov/Archives/edgar/data/1287032/000095012310082231/0000950123-10-082231-index.htm", "finalLink": "https://www.sec.gov/Archives/edgar/data/1287032/000095012310082231/c05477e10vk.htm", "calculatedOtherExpenses": -46713000, "calculatedOperatingExpenses": -39305000, "calculatedNetInterest": 78136000, "calculatedOtherIncome": -125701000, "calculatedIncomeNonControlling": 852000, "calculatedEbitda": 27268000}, {"date": "2009-06-30", "symbol": "PSEC", "reportedCurrency": "USD", "cik": "0001287032", "fillingDate": "2009-06-30", "acceptedDate": "2009-06-30 00:00:00", "calendarYear": "2009", "period": "FY", "revenue": 43556000, "costOfRevenue": 0, "grossProfit": 100481000, "grossProfitRatio": 2.3069381945082195, "researchAndDevelopmentExpenses": 0, "generalAndAdministrativeExpenses": 7919000, "sellingAndMarketingExpenses": 0, "sellingGeneralAndAdministrativeExpenses": 7919000, "otherExpenses": 533000, "operatingExpenses": 8452000, "costAndExpenses": 35157000, "interestIncome": 62926000, "interestExpense": 6161000, "depreciationAndAmortization": -17898000, "ebitda": 41265000, "ebitdaratio": 0.9474010469, "operatingIncome": 59163000, "operatingIncomeRatio": 1.3583203233, "totalOtherIncomeExpensesNet": -24059000, "incomeBeforeTax": 35104000, "incomeBeforeTaxRatio": 0.8059509597, "incomeTaxExpense": 0, "netIncome": 35104000, "netIncomeRatio": 0.8059509597, "eps": 1.11, "epsdiluted": 1.11, "weightedAverageShsOut": 31559905, "weightedAverageShsOutDil": 31559905, "link": null, "finalLink": null, "calculatedOtherExpenses": 33399000, "calculatedOperatingExpenses": 41318000, "calculatedNetInterest": 56765000, "calculatedOtherIncome": -80824000, "calculatedIncomeNonControlling": 0, "calculatedEbitda": 41265000}, {"date": "2008-06-30", "symbol": "PSEC", "reportedCurrency": "USD", "cik": "0001287032", "fillingDate": "2008-06-30", "acceptedDate": "2008-06-30 00:00:00", "calendarYear": "2008", "period": "FY", "revenue": 35363000, "costOfRevenue": 0, "grossProfit": 35363000, "grossProfitRatio": 1, "researchAndDevelopmentExpenses": 0, "generalAndAdministrativeExpenses": 7772000, "sellingAndMarketingExpenses": 0, "sellingGeneralAndAdministrativeExpenses": 7772000, "otherExpenses": 0, "operatingExpenses": 7772000, "costAndExpenses": 34289000, "interestIncome": 59033000, "interestExpense": 6318000, "depreciationAndAmortization": 727000, "ebitda": 34636000, "ebitdaratio": 0.9794417894, "operatingIncome": 45113000, "operatingIncomeRatio": 1.2757119023, "totalOtherIncomeExpensesNet": -17522000, "incomeBeforeTax": 27591000, "incomeBeforeTaxRatio": 0.7802222662, "incomeTaxExpense": -11204000, "netIncome": 27591000, "netIncomeRatio": 0.7802222662, "eps": 1.17, "epsdiluted": 1.17, "weightedAverageShsOut": 23626642, "weightedAverageShsOutDil": 23626642, "link": null, "finalLink": null, "calculatedOtherExpenses": -17522000, "calculatedOperatingExpenses": -9750000, "calculatedNetInterest": 52715000, "calculatedOtherIncome": -70237000, "calculatedIncomeNonControlling": 11204000, "calculatedEbitda": 45840000}, {"date": "2007-06-30", "symbol": "PSEC", "reportedCurrency": "USD", "cik": "0001287032", "fillingDate": "2007-06-30", "acceptedDate": "2007-06-30 00:00:00", "calendarYear": "2007", "period": "FY", "revenue": 21149000, "costOfRevenue": 0, "grossProfit": 21149000, "grossProfitRatio": 1, "researchAndDevelopmentExpenses": 0, "generalAndAdministrativeExpenses": 4421000, "sellingAndMarketingExpenses": 0, "sellingGeneralAndAdministrativeExpenses": 4421000, "otherExpenses": 0, "operatingExpenses": 4421000, "costAndExpenses": 15647000, "interestIncome": 30084000, "interestExpense": 1903000, "depreciationAndAmortization": 1264000, "ebitda": 19895000, "ebitdaratio": 0.9407064164, "operatingIncome": 25034000, "operatingIncomeRatio": 1.1836966287, "totalOtherIncomeExpensesNet": -8306000, "incomeBeforeTax": 16728000, "incomeBeforeTaxRatio": 0.7909593834, "incomeTaxExpense": -6403000, "netIncome": 16728000, "netIncomeRatio": 0.7909593834, "eps": 1.06, "epsdiluted": 1.06, "weightedAverageShsOut": 15724095, "weightedAverageShsOutDil": 15724095, "link": null, "finalLink": null, "calculatedOtherExpenses": -8306000, "calculatedOperatingExpenses": -3885000, "calculatedNetInterest": 28181000, "calculatedOtherIncome": -36487000, "calculatedIncomeNonControlling": 6403000, "calculatedEbitda": 26298000}, {"date": "2006-06-30", "symbol": "PSEC", "reportedCurrency": "USD", "cik": "0001287032", "fillingDate": "2006-06-30", "acceptedDate": "2006-06-30 00:00:00", "calendarYear": "2006", "period": "FY", "revenue": 16697000, "costOfRevenue": 0, "grossProfit": 16697000, "grossProfitRatio": 1, "researchAndDevelopmentExpenses": 0, "generalAndAdministrativeExpenses": 3801000, "sellingAndMarketingExpenses": 0, "sellingGeneralAndAdministrativeExpenses": 3801000, "otherExpenses": 0, "operatingExpenses": 3801000, "costAndExpenses": 8311000, "interestIncome": 12367000, "interestExpense": 642000, "depreciationAndAmortization": -910000, "ebitda": 12628000, "ebitdaratio": 0.7563035276, "operatingIncome": 8558000, "operatingIncomeRatio": 0.5125471642, "totalOtherIncomeExpensesNet": 4338000, "incomeBeforeTax": 12896000, "incomeBeforeTaxRatio": 0.7723543151, "incomeTaxExpense": 4980000, "netIncome": 12896000, "netIncomeRatio": 0.7723543151, "eps": 1.83, "epsdiluted": 1.83, "weightedAverageShsOut": 7056846, "weightedAverageShsOutDil": 7056846, "link": null, "finalLink": null, "calculatedOtherExpenses": 4338000, "calculatedOperatingExpenses": 8139000, "calculatedNetInterest": 11725000, "calculatedOtherIncome": -7387000, "calculatedIncomeNonControlling": -4980000, "calculatedEbitda": 7648000}, {"date": "2005-06-30", "symbol": "PSEC", "reportedCurrency": "USD", "cik": "0001287032", "fillingDate": "2005-06-30", "acceptedDate": "2005-06-30 00:00:00", "calendarYear": "2005", "period": "FY", "revenue": 8093000, "costOfRevenue": 0, "grossProfit": 8093000, "grossProfitRatio": 1, "researchAndDevelopmentExpenses": 0, "generalAndAdministrativeExpenses": 191000, "sellingAndMarketingExpenses": 0, "sellingGeneralAndAdministrativeExpenses": 191000, "otherExpenses": 5491000, "operatingExpenses": 5682000, "costAndExpenses": 5682000, "interestIncome": 0, "interestExpense": 0, "depreciationAndAmortization": 6340000, "ebitda": 8751000, "ebitdaratio": 1.0813048313, "operatingIncome": 2411000, "operatingIncomeRatio": 0.2979117756, "totalOtherIncomeExpensesNet": -2411000, "incomeBeforeTax": 8751000, "incomeBeforeTaxRatio": 1.0813048313, "incomeTaxExpense": -8751000, "netIncome": 8751000, "netIncomeRatio": 1.0813048313, "eps": 1.24, "epsdiluted": 1.24, "weightedAverageShsOut": 7055100, "weightedAverageShsOutDil": 7055100, "link": null, "finalLink": null, "calculatedOtherExpenses": 5491000, "calculatedOperatingExpenses": 5682000, "calculatedNetInterest": 0, "calculatedOtherIncome": 6340000, "calculatedIncomeNonControlling": 8751000, "calculatedEbitda": 8751000}]}