{"originalCurrency": "USD", "convertedCurrency": "USD", "report": [{"date": "2023-12-31", "symbol": "PSN", "reportedCurrency": "USD", "cik": "0000275880", "fillingDate": "2024-02-14", "acceptedDate": "2024-02-14 06:33:50", "calendarYear": "2023", "period": "FY", "revenue": 5442749000, "costOfRevenue": 4236735000, "grossProfit": 1206014000, "grossProfitRatio": 0.2215817779, "researchAndDevelopmentExpenses": 0, "generalAndAdministrativeExpenses": 36151000, "sellingAndMarketingExpenses": 833754000, "sellingGeneralAndAdministrativeExpenses": 869905000, "otherExpenses": 5001000, "operatingExpenses": 869905000, "costAndExpenses": 5106640000, "interestIncome": 2191000, "interestExpense": 31497000, "depreciationAndAmortization": 119973000, "ebitda": 415523000, "ebitdaratio": 0.0763443253, "operatingIncome": 288358000, "operatingIncomeRatio": 0.0529802128, "totalOtherIncomeExpensesNet": -42750000, "incomeBeforeTax": 264053000, "incomeBeforeTaxRatio": 0.0485146385, "incomeTaxExpense": 56138000, "netIncome": 161149000, "netIncomeRatio": 0.0296080161, "eps": 1.53, "epsdiluted": 1.42, "weightedAverageShsOut": 104992000, "weightedAverageShsOutDil": 115082000, "link": "https://www.sec.gov/Archives/edgar/data/275880/000095017024014927/0000950170-24-014927-index.htm", "finalLink": "https://www.sec.gov/Archives/edgar/data/275880/000095017024014927/psn-20231231.htm", "calculatedOtherExpenses": 47751000, "calculatedOperatingExpenses": 917656000, "calculatedNetInterest": -29306000, "calculatedOtherIncome": 5001000, "calculatedIncomeNonControlling": 46766000, "calculatedEbitda": 408331000}, {"date": "2022-12-31", "symbol": "PSN", "reportedCurrency": "USD", "cik": "0000275880", "fillingDate": "2023-02-17", "acceptedDate": "2023-02-17 06:34:43", "calendarYear": "2022", "period": "FY", "revenue": 4195272000, "costOfRevenue": 3248550000, "grossProfit": 946722000, "grossProfitRatio": 0.2256640332, "researchAndDevelopmentExpenses": 0, "generalAndAdministrativeExpenses": 24354000, "sellingAndMarketingExpenses": 753049000, "sellingGeneralAndAdministrativeExpenses": 777403000, "otherExpenses": 2775000, "operatingExpenses": 777403000, "costAndExpenses": 4025953000, "interestIncome": 966000, "interestExpense": 23185000, "depreciationAndAmortization": 124242000, "ebitda": 309908000, "ebitdaratio": 0.0738707764, "operatingIncome": 185666000, "operatingIncomeRatio": 0.0442560101, "totalOtherIncomeExpensesNet": -19444000, "incomeBeforeTax": 166222000, "incomeBeforeTaxRatio": 0.0396212689, "incomeTaxExpense": 39657000, "netIncome": 96664000, "netIncomeRatio": 0.0230411759, "eps": 0.93, "epsdiluted": 0.85, "weightedAverageShsOut": 103758000, "weightedAverageShsOutDil": 113483000, "link": "https://www.sec.gov/Archives/edgar/data/275880/000156459023002040/0001564590-23-002040-index.htm", "finalLink": "https://www.sec.gov/Archives/edgar/data/275880/000156459023002040/psn-10k_20221231.htm", "calculatedOtherExpenses": -16347000, "calculatedOperatingExpenses": 761056000, "calculatedNetInterest": -22219000, "calculatedOtherIncome": 2775000, "calculatedIncomeNonControlling": 29901000, "calculatedEbitda": 309908000}, {"date": "2021-12-31", "symbol": "PSN", "reportedCurrency": "USD", "cik": "0000275880", "fillingDate": "2022-02-23", "acceptedDate": "2022-02-23 06:37:29", "calendarYear": "2021", "period": "FY", "revenue": 3660771000, "costOfRevenue": 2807950000, "grossProfit": 852821000, "grossProfitRatio": 0.2329621274, "researchAndDevelopmentExpenses": 0, "generalAndAdministrativeExpenses": 757237000, "sellingAndMarketingExpenses": 0, "sellingGeneralAndAdministrativeExpenses": 757237000, "otherExpenses": -2557000, "operatingExpenses": 757237000, "costAndExpenses": 3565187000, "interestIncome": 396000, "interestExpense": 17697000, "depreciationAndAmortization": 142048000, "ebitda": 274494000, "ebitdaratio": 0.0749825651, "operatingIncome": 132446000, "operatingIncomeRatio": 0.0361798102, "totalOtherIncomeExpensesNet": -19858000, "incomeBeforeTax": 112588000, "incomeBeforeTaxRatio": 0.0307552699, "incomeTaxExpense": 23636000, "netIncome": 88952000, "netIncomeRatio": 0.0242987065, "eps": 0.87, "epsdiluted": 0.79, "weightedAverageShsOut": 102544000, "weightedAverageShsOutDil": 112127000, "link": "https://www.sec.gov/Archives/edgar/data/275880/000156459022006026/0001564590-22-006026-index.htm", "finalLink": "https://www.sec.gov/Archives/edgar/data/275880/000156459022006026/psn-10k_20211231.htm", "calculatedOtherExpenses": -36862000, "calculatedOperatingExpenses": 720375000, "calculatedNetInterest": -17301000, "calculatedOtherIncome": -2557000, "calculatedIncomeNonControlling": 0, "calculatedEbitda": 274494000}, {"date": "2020-12-31", "symbol": "PSN", "reportedCurrency": "USD", "cik": "0000275880", "fillingDate": "2021-02-24", "acceptedDate": "2021-02-24 06:36:34", "calendarYear": "2020", "period": "FY", "revenue": 3918946000, "costOfRevenue": 3042087000, "grossProfit": 876859000, "grossProfitRatio": 0.2237486814, "researchAndDevelopmentExpenses": 0, "generalAndAdministrativeExpenses": 729103000, "sellingAndMarketingExpenses": 0, "sellingGeneralAndAdministrativeExpenses": 729103000, "otherExpenses": 3767000, "operatingExpenses": 729103000, "costAndExpenses": 3771190000, "interestIncome": 787000, "interestExpense": 20956000, "depreciationAndAmortization": 132534000, "ebitda": 310349000, "ebitdaratio": 0.0791919562, "operatingIncome": 177815000, "operatingIncomeRatio": 0.0453731692, "totalOtherIncomeExpensesNet": -16402000, "incomeBeforeTax": 161413000, "incomeBeforeTaxRatio": 0.0411878602, "incomeTaxExpense": 42492000, "netIncome": 98541000, "netIncomeRatio": 0.0251447711, "eps": 0.98, "epsdiluted": 0.97, "weightedAverageShsOut": 100848000, "weightedAverageShsOutDil": 101205000, "link": "https://www.sec.gov/Archives/edgar/data/275880/000156459021007800/0001564590-21-007800-index.htm", "finalLink": "https://www.sec.gov/Archives/edgar/data/275880/000156459021007800/psn-10k_20201231.htm", "calculatedOtherExpenses": -30059000, "calculatedOperatingExpenses": 699044000, "calculatedNetInterest": -20169000, "calculatedOtherIncome": 3767000, "calculatedIncomeNonControlling": 20380000, "calculatedEbitda": 310349000}, {"date": "2019-12-31", "symbol": "PSN", "reportedCurrency": "USD", "cik": "0000275880", "fillingDate": "2020-03-10", "acceptedDate": "2020-03-10 17:05:10", "calendarYear": "2019", "period": "FY", "revenue": 3954812000, "costOfRevenue": 3123062000, "grossProfit": 831750000, "grossProfitRatio": 0.2103134106, "researchAndDevelopmentExpenses": 0, "generalAndAdministrativeExpenses": 781408000, "sellingAndMarketingExpenses": 0, "sellingGeneralAndAdministrativeExpenses": 781408000, "otherExpenses": -2392000, "operatingExpenses": 781408000, "costAndExpenses": 3904470000, "interestIncome": 1300000, "interestExpense": 23729000, "depreciationAndAmortization": 124608000, "ebitda": 216671000, "ebitdaratio": 0.0547866751, "operatingIncome": 92063000, "operatingIncomeRatio": 0.0232787298, "totalOtherIncomeExpensesNet": -24821000, "incomeBeforeTax": 67242000, "incomeBeforeTaxRatio": 0.0170025781, "incomeTaxExpense": -69886000, "netIncome": 120534000, "netIncomeRatio": 0.0304778078, "eps": 1.3, "epsdiluted": 1.3, "weightedAverageShsOut": 92419000, "weightedAverageShsOutDil": 92753000, "link": "https://www.sec.gov/Archives/edgar/data/275880/000156459020009791/0001564590-20-009791-index.htm", "finalLink": "https://www.sec.gov/Archives/edgar/data/275880/000156459020009791/psn-10k_20191231.htm", "calculatedOtherExpenses": -41721000, "calculatedOperatingExpenses": 739687000, "calculatedNetInterest": -22429000, "calculatedOtherIncome": -2392000, "calculatedIncomeNonControlling": 16594000, "calculatedEbitda": 216671000}, {"date": "2018-12-31", "symbol": "PSN", "reportedCurrency": "USD", "cik": "0000275880", "fillingDate": "2018-12-31", "acceptedDate": "2018-12-30 19:00:00", "calendarYear": "2018", "period": "FY", "revenue": 3560508000, "costOfRevenue": 2795005000, "grossProfit": 765503000, "grossProfitRatio": 0.2149982531, "researchAndDevelopmentExpenses": 0, "generalAndAdministrativeExpenses": 597410000, "sellingAndMarketingExpenses": 0, "sellingGeneralAndAdministrativeExpenses": 597410000, "otherExpenses": -1651000, "operatingExpenses": 597410000, "costAndExpenses": 3392415000, "interestIncome": 2710000, "interestExpense": 20842000, "depreciationAndAmortization": 69869000, "ebitda": 275936000, "ebitdaratio": 0.0774990535, "operatingIncome": 205008000, "operatingIncomeRatio": 0.0575783006, "totalOtherIncomeExpensesNet": 109842000, "incomeBeforeTax": 259803000, "incomeBeforeTaxRatio": 0.0729679585, "incomeTaxExpense": 74755000, "netIncome": 167949000, "netIncomeRatio": 0.0471699544, "eps": 2.1, "epsdiluted": 2.1, "weightedAverageShsOut": 80014000, "weightedAverageShsOutDil": 80014000, "link": "", "finalLink": "", "calculatedOtherExpenses": -36915000, "calculatedOperatingExpenses": 560495000, "calculatedNetInterest": -18132000, "calculatedOtherIncome": 72927000, "calculatedIncomeNonControlling": 17099000, "calculatedEbitda": 274877000}, {"date": "2017-12-31", "symbol": "PSN", "reportedCurrency": "USD", "cik": "0000275880", "fillingDate": "2017-12-29", "acceptedDate": "2017-12-28 19:00:00", "calendarYear": "2017", "period": "FY", "revenue": 3017011000, "costOfRevenue": 2400140000, "grossProfit": 616871000, "grossProfitRatio": 0.204464286, "researchAndDevelopmentExpenses": 0, "generalAndAdministrativeExpenses": 506255000, "sellingAndMarketingExpenses": 0, "sellingGeneralAndAdministrativeExpenses": 506255000, "otherExpenses": 5658000, "operatingExpenses": 506255000, "costAndExpenses": 2906395000, "interestIncome": 2465000, "interestExpense": 15798000, "depreciationAndAmortization": 35198000, "ebitda": 194023000, "ebitdaratio": 0.064309676, "operatingIncome": 150702000, "operatingIncomeRatio": 0.0499507625, "totalOtherIncomeExpensesNet": 35718000, "incomeBeforeTax": 133001000, "incomeBeforeTaxRatio": 0.0440836974, "incomeTaxExpense": 21464000, "netIncome": 97326000, "netIncomeRatio": 0.0322590803, "eps": 1.22, "epsdiluted": 1.22, "weightedAverageShsOut": 80014000, "weightedAverageShsOutDil": 80014000, "link": "", "finalLink": "", "calculatedOtherExpenses": -40086000, "calculatedOperatingExpenses": 466169000, "calculatedNetInterest": -13333000, "calculatedOtherIncome": -4368000, "calculatedIncomeNonControlling": 14211000, "calculatedEbitda": 185900000}, {"date": "2016-12-31", "symbol": "PSN", "reportedCurrency": "USD", "cik": "0000275880", "fillingDate": "2016-12-30", "acceptedDate": "2016-12-29 19:00:00", "calendarYear": "2016", "period": "FY", "revenue": 3039191000, "costOfRevenue": 2431193000, "grossProfit": 607998000, "grossProfitRatio": 0.2000525798, "researchAndDevelopmentExpenses": 0, "generalAndAdministrativeExpenses": 522920000, "sellingAndMarketingExpenses": 0, "sellingGeneralAndAdministrativeExpenses": 522920000, "otherExpenses": 1340000, "operatingExpenses": 522920000, "costAndExpenses": 2954113000, "interestIncome": 1190000, "interestExpense": 16509000, "depreciationAndAmortization": 42156000, "ebitda": 165226000, "ebitdaratio": 0.0543651255, "operatingIncome": 35407000, "operatingIncomeRatio": 0.0116501398, "totalOtherIncomeExpensesNet": -57753000, "incomeBeforeTax": 12006000, "incomeBeforeTaxRatio": 0.0039503934, "incomeTaxExpense": 13992000, "netIncome": -13147000, "netIncomeRatio": -0.0043258222, "eps": -0.16, "epsdiluted": -0.16, "weightedAverageShsOut": 80014000, "weightedAverageShsOutDil": 80014000, "link": "", "finalLink": "", "calculatedOtherExpenses": 49671000, "calculatedOperatingExpenses": 572591000, "calculatedNetInterest": -15319000, "calculatedOtherIncome": -8082000, "calculatedIncomeNonControlling": 11161000, "calculatedEbitda": 77563000}, {"date": "2015-12-25", "symbol": "PSN", "reportedCurrency": "USD", "cik": "0000275880", "fillingDate": "2015-12-25", "acceptedDate": "2015-12-24 19:00:00", "calendarYear": "2015", "period": "FY", "revenue": 3218616000, "costOfRevenue": 2535504000, "grossProfit": 683112000, "grossProfitRatio": 0.2122378066, "researchAndDevelopmentExpenses": 0, "generalAndAdministrativeExpenses": 542066000, "sellingAndMarketingExpenses": 0, "sellingGeneralAndAdministrativeExpenses": 542066000, "otherExpenses": -5415999.999999881, "operatingExpenses": 536650000.0000001, "costAndExpenses": 3072154000, "interestIncome": 0, "interestExpense": -15645000, "depreciationAndAmortization": -60061000, "ebitda": 86401000, "ebitdaratio": 0.0268441467, "operatingIncome": 146462000, "operatingIncomeRatio": 0.0455046517, "totalOtherIncomeExpensesNet": -18318000, "incomeBeforeTax": 128144000, "incomeBeforeTaxRatio": 0.0398133856, "incomeTaxExpense": 13790000, "netIncome": 88256000, "netIncomeRatio": 0.0274204813, "eps": 0.91, "epsdiluted": 0.91, "weightedAverageShsOut": 96657330, "weightedAverageShsOutDil": 96657330, "link": "", "finalLink": "", "calculatedOtherExpenses": -5416000, "calculatedOperatingExpenses": 536650000, "calculatedNetInterest": 15645000, "calculatedOtherIncome": -33963000, "calculatedIncomeNonControlling": 26098000, "calculatedEbitda": 86401000}, {"date": "2014-12-26", "symbol": "PSN", "reportedCurrency": "USD", "cik": "0000275880", "fillingDate": "2014-12-26", "acceptedDate": "2014-12-25 19:00:00", "calendarYear": "2014", "period": "FY", "revenue": 3097615000, "costOfRevenue": 2441935000, "grossProfit": 655680000, "grossProfitRatio": 0.2116725287, "researchAndDevelopmentExpenses": 0, "generalAndAdministrativeExpenses": 501996000, "sellingAndMarketingExpenses": 0, "sellingGeneralAndAdministrativeExpenses": 501996000, "otherExpenses": -8682000.000000179, "operatingExpenses": 493313999.9999998, "costAndExpenses": 2935249000, "interestIncome": 0, "interestExpense": -9269000, "depreciationAndAmortization": -64512000, "ebitda": 97854000, "ebitdaratio": 0.0315901105, "operatingIncome": 162366000, "operatingIncomeRatio": 0.0524164559, "totalOtherIncomeExpensesNet": -17950000, "incomeBeforeTax": 144416000, "incomeBeforeTaxRatio": 0.0466216751, "incomeTaxExpense": 10833000, "netIncome": 96290000, "netIncomeRatio": 0.0310852059, "eps": 1, "epsdiluted": 1, "weightedAverageShsOut": 96657330, "weightedAverageShsOutDil": 96657330, "link": "", "finalLink": "", "calculatedOtherExpenses": -8682000, "calculatedOperatingExpenses": 493314000, "calculatedNetInterest": 9269000, "calculatedOtherIncome": -27219000, "calculatedIncomeNonControlling": 37293000, "calculatedEbitda": 97854000}]}