{"originalCurrency": "USD", "convertedCurrency": "USD", "report": [{"date": "2023-12-31", "symbol": "PSX", "reportedCurrency": "USD", "cik": "0001534701", "fillingDate": "2024-02-21", "acceptedDate": "2024-02-21 17:09:50", "calendarYear": "2023", "period": "FY", "revenue": 147399000000, "costOfRevenue": 136246000000, "grossProfit": 11153000000, "grossProfitRatio": 0.0756653709, "researchAndDevelopmentExpenses": 27000000, "generalAndAdministrativeExpenses": 0, "sellingAndMarketingExpenses": 0, "sellingGeneralAndAdministrativeExpenses": 2525000000, "otherExpenses": -707000000, "operatingExpenses": 3232000000, "costAndExpenses": 139478000000, "interestIncome": 269000000, "interestExpense": 928000000, "depreciationAndAmortization": 2006000000, "ebitda": 9927000000, "ebitdaratio": 0.067347811, "operatingIncome": 7921000000, "operatingIncomeRatio": 0.0537384921, "totalOtherIncomeExpensesNet": 1548000000, "incomeBeforeTax": 9469000000, "incomeBeforeTaxRatio": 0.0642405986, "incomeTaxExpense": 2230000000, "netIncome": 7015000000, "netIncomeRatio": 0.0475919104, "eps": 15.56, "epsdiluted": 15.48, "weightedAverageShsOut": 450136000, "weightedAverageShsOutDil": 453210000, "link": "https://www.sec.gov/Archives/edgar/data/1534701/000153470124000078/0001534701-24-000078-index.htm", "finalLink": "https://www.sec.gov/Archives/edgar/data/1534701/000153470124000078/psx-20231231.htm", "calculatedOtherExpenses": 680000000, "calculatedOperatingExpenses": 3232000000, "calculatedNetInterest": -659000000, "calculatedOtherIncome": 2207000000, "calculatedIncomeNonControlling": 224000000, "calculatedEbitda": 9927000000}, {"date": "2022-12-31", "symbol": "PSX", "reportedCurrency": "USD", "cik": "0001534701", "fillingDate": "2023-02-22", "acceptedDate": "2023-02-22 17:00:31", "calendarYear": "2022", "period": "FY", "revenue": 169990000000, "costOfRevenue": 151561000000, "grossProfit": 18429000000, "grossProfitRatio": 0.1084122595, "researchAndDevelopmentExpenses": 42000000, "generalAndAdministrativeExpenses": 0, "sellingAndMarketingExpenses": 0, "sellingGeneralAndAdministrativeExpenses": 2168000000, "otherExpenses": 6641000000, "operatingExpenses": 8809000000, "costAndExpenses": 160370000000, "interestIncome": 82000000, "interestExpense": 642000000, "depreciationAndAmortization": 1629000000, "ebitda": 14374000000, "ebitdaratio": 0.0845579152, "operatingIncome": 12745000000, "operatingIncomeRatio": 0.0749749985, "totalOtherIncomeExpensesNet": 1894000000, "incomeBeforeTax": 14639000000, "incomeBeforeTaxRatio": 0.0861168304, "incomeTaxExpense": 3248000000, "netIncome": 11024000000, "netIncomeRatio": 0.0648508736, "eps": 23.36, "epsdiluted": 23.27, "weightedAverageShsOut": 471497000, "weightedAverageShsOutDil": 473731000, "link": "https://www.sec.gov/Archives/edgar/data/1534701/000153470123000053/0001534701-23-000053-index.htm", "finalLink": "https://www.sec.gov/Archives/edgar/data/1534701/000153470123000053/psx-20221231.htm", "calculatedOtherExpenses": 3474000000, "calculatedOperatingExpenses": 5684000000, "calculatedNetInterest": -560000000, "calculatedOtherIncome": 2454000000, "calculatedIncomeNonControlling": 367000000, "calculatedEbitda": 14374000000}, {"date": "2021-12-31", "symbol": "PSX", "reportedCurrency": "USD", "cik": "0001534701", "fillingDate": "2022-02-18", "acceptedDate": "2022-02-18 16:16:05", "calendarYear": "2021", "period": "FY", "revenue": 111476000000, "costOfRevenue": 103707000000, "grossProfit": 7769000000, "grossProfitRatio": 0.069692131, "researchAndDevelopmentExpenses": 47000000, "generalAndAdministrativeExpenses": 0, "sellingAndMarketingExpenses": 0, "sellingGeneralAndAdministrativeExpenses": 1744000000, "otherExpenses": 5557000000, "operatingExpenses": 7301000000, "costAndExpenses": 111008000000, "interestIncome": 11000000, "interestExpense": 605000000, "depreciationAndAmortization": 1605000000, "ebitda": 5431000000, "ebitdaratio": 0.0487190068, "operatingIncome": 3826000000, "operatingIncomeRatio": 0.0343212889, "totalOtherIncomeExpensesNet": -2086000000, "incomeBeforeTax": 1740000000, "incomeBeforeTaxRatio": 0.0156087409, "incomeTaxExpense": 146000000, "netIncome": 1315000000, "netIncomeRatio": 0.0117962611, "eps": 2.97, "epsdiluted": 2.97, "weightedAverageShsOut": 440028000, "weightedAverageShsOutDil": 440364000, "link": "https://www.sec.gov/Archives/edgar/data/1534701/000153470122000078/0001534701-22-000078-index.htm", "finalLink": "https://www.sec.gov/Archives/edgar/data/1534701/000153470122000078/psx-20211231.htm", "calculatedOtherExpenses": 2152000000, "calculatedOperatingExpenses": 3943000000, "calculatedNetInterest": -594000000, "calculatedOtherIncome": -1492000000, "calculatedIncomeNonControlling": 279000000, "calculatedEbitda": 5431000000}, {"date": "2020-12-31", "symbol": "PSX", "reportedCurrency": "USD", "cik": "0001534701", "fillingDate": "2021-02-24", "acceptedDate": "2021-02-24 14:54:14", "calendarYear": "2020", "period": "FY", "revenue": 64129000000, "costOfRevenue": 59102000000, "grossProfit": 5027000000, "grossProfitRatio": 0.0783888724, "researchAndDevelopmentExpenses": 48000000, "generalAndAdministrativeExpenses": 0, "sellingAndMarketingExpenses": 0, "sellingGeneralAndAdministrativeExpenses": 1544000000, "otherExpenses": 5027000000, "operatingExpenses": 6571000000, "costAndExpenses": 65673000000, "interestIncome": 14000000, "interestExpense": 521000000, "depreciationAndAmortization": 1395000000, "ebitda": 1108000000, "ebitdaratio": 0.0172776747, "operatingIncome": -287000000, "operatingIncomeRatio": -0.0044753544, "totalOtherIncomeExpensesNet": -4677000000, "incomeBeforeTax": -4964000000, "incomeBeforeTaxRatio": -0.0774064776, "incomeTaxExpense": -1250000000, "netIncome": -3714000000, "netIncomeRatio": -0.0579145161, "eps": -8.45, "epsdiluted": -8.45, "weightedAverageShsOut": 439530000, "weightedAverageShsOutDil": 439530000, "link": "https://www.sec.gov/Archives/edgar/data/1534701/000153470121000074/0001534701-21-000074-index.htm", "finalLink": "https://www.sec.gov/Archives/edgar/data/1534701/000153470121000074/psx-20201231.htm", "calculatedOtherExpenses": 3722000000, "calculatedOperatingExpenses": 5314000000, "calculatedNetInterest": -507000000, "calculatedOtherIncome": -4170000000, "calculatedIncomeNonControlling": 0, "calculatedEbitda": 1108000000}, {"date": "2019-12-31", "symbol": "PSX", "reportedCurrency": "USD", "cik": "0001534701", "fillingDate": "2020-02-21", "acceptedDate": "2020-02-21 15:05:37", "calendarYear": "2019", "period": "FY", "revenue": 107293000000, "costOfRevenue": 96870000000, "grossProfit": 10423000000, "grossProfitRatio": 0.0971452005, "researchAndDevelopmentExpenses": 54000000, "generalAndAdministrativeExpenses": 0, "sellingAndMarketingExpenses": 0, "sellingGeneralAndAdministrativeExpenses": 1681000000, "otherExpenses": 5483000000, "operatingExpenses": 7164000000, "costAndExpenses": 104034000000, "interestIncome": 43000000, "interestExpense": 481000000, "depreciationAndAmortization": 1341000000, "ebitda": 6846000000, "ebitdaratio": 0.0638065857, "operatingIncome": 5505000000, "operatingIncomeRatio": 0.0513081002, "totalOtherIncomeExpensesNet": -1327000000, "incomeBeforeTax": 4178000000, "incomeBeforeTaxRatio": 0.0389400986, "incomeTaxExpense": 801000000, "netIncome": 3076000000, "netIncomeRatio": 0.0286691583, "eps": 6.8, "epsdiluted": 6.77, "weightedAverageShsOut": 451364000, "weightedAverageShsOutDil": 453888000, "link": "https://www.sec.gov/Archives/edgar/data/1534701/000153470120000070/0001534701-20-000070-index.htm", "finalLink": "https://www.sec.gov/Archives/edgar/data/1534701/000153470120000070/psx-2019123110k.htm", "calculatedOtherExpenses": 3183000000, "calculatedOperatingExpenses": 4918000000, "calculatedNetInterest": -438000000, "calculatedOtherIncome": -889000000, "calculatedIncomeNonControlling": 301000000, "calculatedEbitda": 6846000000}, {"date": "2018-12-31", "symbol": "PSX", "reportedCurrency": "USD", "cik": "0001534701", "fillingDate": "2019-02-22", "acceptedDate": "2019-02-22 13:29:34", "calendarYear": "2018", "period": "FY", "revenue": 111461000000, "costOfRevenue": 99286000000, "grossProfit": 12175000000, "grossProfitRatio": 0.1092310315, "researchAndDevelopmentExpenses": 55000000, "generalAndAdministrativeExpenses": 1677000000, "sellingAndMarketingExpenses": 0, "sellingGeneralAndAdministrativeExpenses": 1677000000, "otherExpenses": 61000000, "operatingExpenses": 6982000000, "costAndExpenses": 106268000000, "interestIncome": 45000000, "interestExpense": 527000000, "depreciationAndAmortization": 1356000000, "ebitda": 9286000000, "ebitdaratio": 0.0833116516, "operatingIncome": 5193000000, "operatingIncomeRatio": 0.0465902872, "totalOtherIncomeExpensesNet": 2779000000, "incomeBeforeTax": 7445000000, "incomeBeforeTaxRatio": 0.0667946636, "incomeTaxExpense": 1572000000, "netIncome": 5595000000, "netIncomeRatio": 0.0501969299, "eps": 11.89, "epsdiluted": 11.8, "weightedAverageShsOut": 470708000, "weightedAverageShsOutDil": 474047000, "link": "https://www.sec.gov/Archives/edgar/data/1534701/000153470119000063/0001534701-19-000063-index.htm", "finalLink": "https://www.sec.gov/Archives/edgar/data/1534701/000153470119000063/psx-20181231_10k.htm", "calculatedOtherExpenses": 5250000000, "calculatedOperatingExpenses": 6982000000, "calculatedNetInterest": -482000000, "calculatedOtherIncome": 2734000000, "calculatedIncomeNonControlling": 278000000, "calculatedEbitda": 6549000000}, {"date": "2017-12-31", "symbol": "PSX", "reportedCurrency": "USD", "cik": "0001534701", "fillingDate": "2018-02-23", "acceptedDate": "2018-02-23 12:22:21", "calendarYear": "2017", "period": "FY", "revenue": 102354000000, "costOfRevenue": 80727000000, "grossProfit": 21627000000, "grossProfitRatio": 0.21129609, "researchAndDevelopmentExpenses": 60000000, "generalAndAdministrativeExpenses": 1695000000, "sellingAndMarketingExpenses": 0, "sellingGeneralAndAdministrativeExpenses": 1695000000, "otherExpenses": 521000000, "operatingExpenses": 19856000000, "costAndExpenses": 100583000000, "interestIncome": 31000000, "interestExpense": 460000000, "depreciationAndAmortization": 1318000000, "ebitda": 5342000000, "ebitdaratio": 0.0521914141, "operatingIncome": 1771000000, "operatingIncomeRatio": 0.0173026946, "totalOtherIncomeExpensesNet": 2244000000, "incomeBeforeTax": 3555000000, "incomeBeforeTaxRatio": 0.0347323993, "incomeTaxExpense": -1693000000, "netIncome": 5106000000, "netIncomeRatio": 0.0498856908, "eps": 9.9, "epsdiluted": 9.85, "weightedAverageShsOut": 515090000, "weightedAverageShsOutDil": 518508000, "link": "https://www.sec.gov/Archives/edgar/data/1534701/000153470118000065/0001534701-18-000065-index.htm", "finalLink": "https://www.sec.gov/Archives/edgar/data/1534701/000153470118000065/psx-20171231_10k.htm", "calculatedOtherExpenses": 18101000000, "calculatedOperatingExpenses": 19856000000, "calculatedNetInterest": -429000000, "calculatedOtherIncome": 2213000000, "calculatedIncomeNonControlling": 142000000, "calculatedEbitda": 3089000000}, {"date": "2016-12-31", "symbol": "PSX", "reportedCurrency": "USD", "cik": "0001534701", "fillingDate": "2017-02-17", "acceptedDate": "2017-02-17 12:47:19", "calendarYear": "2016", "period": "FY", "revenue": 84279000000, "costOfRevenue": 63636000000, "grossProfit": 20643000000, "grossProfitRatio": 0.244936461, "researchAndDevelopmentExpenses": 60000000, "generalAndAdministrativeExpenses": 1638000000, "sellingAndMarketingExpenses": 0, "sellingGeneralAndAdministrativeExpenses": 1638000000, "otherExpenses": 74000000, "operatingExpenses": 19601000000, "costAndExpenses": 83237000000, "interestIncome": 18000000, "interestExpense": 359000000, "depreciationAndAmortization": 1168000000, "ebitda": 3698000000, "ebitdaratio": 0.0438780716, "operatingIncome": 1042000000, "operatingIncomeRatio": 0.0123636968, "totalOtherIncomeExpensesNet": 1508000000, "incomeBeforeTax": 2191000000, "incomeBeforeTaxRatio": 0.0259969862, "incomeTaxExpense": 547000000, "netIncome": 1555000000, "netIncomeRatio": 0.0184506223, "eps": 2.94, "epsdiluted": 2.92, "weightedAverageShsOut": 527531000, "weightedAverageShsOutDil": 530066000, "link": "https://www.sec.gov/Archives/edgar/data/1534701/000153470117000051/0001534701-17-000051-index.htm", "finalLink": "https://www.sec.gov/Archives/edgar/data/1534701/000153470117000051/psx-20161231_10k.htm", "calculatedOtherExpenses": 17903000000, "calculatedOperatingExpenses": 19601000000, "calculatedNetInterest": -341000000, "calculatedOtherIncome": 1490000000, "calculatedIncomeNonControlling": 89000000, "calculatedEbitda": 2210000000}, {"date": "2015-12-31", "symbol": "PSX", "reportedCurrency": "USD", "cik": "0001534701", "fillingDate": "2016-02-19", "acceptedDate": "2016-02-19 15:39:55", "calendarYear": "2015", "period": "FY", "revenue": 98975000000, "costOfRevenue": 74477000000, "grossProfit": 24498000000, "grossProfitRatio": 0.2475170498, "researchAndDevelopmentExpenses": 65000000, "generalAndAdministrativeExpenses": 1670000000, "sellingAndMarketingExpenses": 0, "sellingGeneralAndAdministrativeExpenses": 1670000000, "otherExpenses": 118000000, "operatingExpenses": 20041000000, "costAndExpenses": 94518000000, "interestIncome": 27000000, "interestExpense": 331000000, "depreciationAndAmortization": 1078000000, "ebitda": 7226000000, "ebitdaratio": 0.0730083354, "operatingIncome": 4457000000, "operatingIncomeRatio": 0.0450315736, "totalOtherIncomeExpensesNet": 1918000000, "incomeBeforeTax": 6044000000, "incomeBeforeTaxRatio": 0.0610659257, "incomeTaxExpense": 1764000000, "netIncome": 4227000000, "netIncomeRatio": 0.0427077545, "eps": 7.78, "epsdiluted": 7.73, "weightedAverageShsOut": 542355000, "weightedAverageShsOutDil": 546977000, "link": "https://www.sec.gov/Archives/edgar/data/1534701/000153470116000119/0001534701-16-000119-index.htm", "finalLink": "https://www.sec.gov/Archives/edgar/data/1534701/000153470116000119/psx-20151231_10k.htm", "calculatedOtherExpenses": 18306000000, "calculatedOperatingExpenses": 20041000000, "calculatedNetInterest": -304000000, "calculatedOtherIncome": 1891000000, "calculatedIncomeNonControlling": 53000000, "calculatedEbitda": 5535000000}, {"date": "2014-12-31", "symbol": "PSX", "reportedCurrency": "USD", "cik": "0001534701", "fillingDate": "2015-02-20", "acceptedDate": "2015-02-20 11:58:29", "calendarYear": "2014", "period": "FY", "revenue": 161212000000, "costOfRevenue": 136743000000, "grossProfit": 24469000000, "grossProfitRatio": 0.1517815051, "researchAndDevelopmentExpenses": 62000000, "generalAndAdministrativeExpenses": 1663000000, "sellingAndMarketingExpenses": 0, "sellingGeneralAndAdministrativeExpenses": 1663000000, "otherExpenses": 120000000, "operatingExpenses": 21138000000, "costAndExpenses": 157881000000, "interestIncome": 21000000, "interestExpense": 291000000, "depreciationAndAmortization": 995000000, "ebitda": 6912000000, "ebitdaratio": 0.0428752202, "operatingIncome": 3331000000, "operatingIncomeRatio": 0.0206622336, "totalOtherIncomeExpensesNet": 2705000000, "incomeBeforeTax": 5745000000, "incomeBeforeTaxRatio": 0.035636305, "incomeTaxExpense": 1654000000, "netIncome": 4762000000, "netIncomeRatio": 0.029538744, "eps": 8.4, "epsdiluted": 8.33, "weightedAverageShsOut": 565902000, "weightedAverageShsOutDil": 571504000, "link": "https://www.sec.gov/Archives/edgar/data/1534701/000153470115000038/0001534701-15-000038-index.htm", "finalLink": "https://www.sec.gov/Archives/edgar/data/1534701/000153470115000038/psx-20141231_10k.htm", "calculatedOtherExpenses": 19413000000, "calculatedOperatingExpenses": 21138000000, "calculatedNetInterest": -270000000, "calculatedOtherIncome": 2684000000, "calculatedIncomeNonControlling": -671000000, "calculatedEbitda": 4326000000}, {"date": "2013-12-31", "symbol": "PSX", "reportedCurrency": "USD", "cik": "0001534701", "fillingDate": "2014-02-21", "acceptedDate": "2014-02-21 13:27:26", "calendarYear": "2013", "period": "FY", "revenue": 171596000000, "costOfRevenue": 149192000000, "grossProfit": 22404000000, "grossProfitRatio": 0.130562484, "researchAndDevelopmentExpenses": 57000, "generalAndAdministrativeExpenses": 1478000000, "sellingAndMarketingExpenses": 0, "sellingGeneralAndAdministrativeExpenses": 1478000000, "otherExpenses": 85000000, "operatingExpenses": 19803000000, "costAndExpenses": 168995000000, "interestIncome": 20000000, "interestExpense": 299000000, "depreciationAndAmortization": 947000000, "ebitda": 6706000000, "ebitdaratio": 0.039080165, "operatingIncome": 2601000000, "operatingIncomeRatio": 0.015157696, "totalOtherIncomeExpensesNet": 3224000000, "incomeBeforeTax": 5526000000, "incomeBeforeTaxRatio": 0.0322035479, "incomeTaxExpense": 1844000000, "netIncome": 3726000000, "netIncomeRatio": 0.0217137929, "eps": 6.07, "epsdiluted": 6.02, "weightedAverageShsOut": 612918000, "weightedAverageShsOutDil": 618989000, "link": "https://www.sec.gov/Archives/edgar/data/1534701/000153470114000042/0001534701-14-000042-index.htm", "finalLink": "https://www.sec.gov/Archives/edgar/data/1534701/000153470114000042/psx-20131231x10k.htm", "calculatedOtherExpenses": 18324943000, "calculatedOperatingExpenses": 19803000000, "calculatedNetInterest": -279000000, "calculatedOtherIncome": 3204000000, "calculatedIncomeNonControlling": -44000000, "calculatedEbitda": 3548000000}, {"date": "2012-12-31", "symbol": "PSX", "reportedCurrency": "USD", "cik": "0001534701", "fillingDate": "2013-02-22", "acceptedDate": "2013-02-22 13:23:14", "calendarYear": "2012", "period": "FY", "revenue": 179460000000, "costOfRevenue": 155396000000, "grossProfit": 24064000000, "grossProfitRatio": 0.1340911624, "researchAndDevelopmentExpenses": 70000000, "generalAndAdministrativeExpenses": 1722000000, "sellingAndMarketingExpenses": 0, "sellingGeneralAndAdministrativeExpenses": 1722000000, "otherExpenses": 135000000, "operatingExpenses": 19495000000, "costAndExpenses": 174891000000, "interestIncome": 18000000, "interestExpense": 271000000, "depreciationAndAmortization": 913000000, "ebitda": 8751000000, "ebitdaratio": 0.0487629555, "operatingIncome": 4569000000, "operatingIncomeRatio": 0.0254597125, "totalOtherIncomeExpensesNet": 2333000000, "incomeBeforeTax": 6631000000, "incomeBeforeTaxRatio": 0.0369497381, "incomeTaxExpense": 2500000000, "netIncome": 4124000000, "netIncomeRatio": 0.0229800513, "eps": 6.55, "epsdiluted": 6.48, "weightedAverageShsOut": 628835000, "weightedAverageShsOutDil": 636764000, "link": "https://www.sec.gov/Archives/edgar/data/1534701/000153470113000006/0001534701-13-000006-index.htm", "finalLink": "https://www.sec.gov/Archives/edgar/data/1534701/000153470113000006/psx_20121231-10k.htm", "calculatedOtherExpenses": 17703000000, "calculatedOperatingExpenses": 19495000000, "calculatedNetInterest": -253000000, "calculatedOtherIncome": 2315000000, "calculatedIncomeNonControlling": 7000000, "calculatedEbitda": 5482000000}, {"date": "2011-12-31", "symbol": "PSX", "reportedCurrency": "USD", "cik": "0001534701", "fillingDate": "2011-12-31", "acceptedDate": "2011-12-30 19:00:00", "calendarYear": "2011", "period": "FY", "revenue": 197771000000, "costOfRevenue": 176909000000, "grossProfit": 20862000000, "grossProfitRatio": 0.1054856374, "researchAndDevelopmentExpenses": 0, "generalAndAdministrativeExpenses": 1409000000, "sellingAndMarketingExpenses": 0, "sellingGeneralAndAdministrativeExpenses": 1409000000, "otherExpenses": 15217000000, "operatingExpenses": 16626000000, "costAndExpenses": 193535000000, "interestIncome": 0, "interestExpense": 17000000, "depreciationAndAmortization": 908000000, "ebitda": 7987000000, "ebitdaratio": 0.0403850918, "operatingIncome": 4236000000, "operatingIncomeRatio": 0.0214187115, "totalOtherIncomeExpensesNet": 2405000000, "incomeBeforeTax": 6624000000, "incomeBeforeTaxRatio": 0.0334932826, "incomeTaxExpense": 1844000000, "netIncome": 4775000000, "netIncomeRatio": 0.0241440858, "eps": 7.46, "epsdiluted": 7.46, "weightedAverageShsOut": 640000000, "weightedAverageShsOutDil": 640000000, "link": "", "finalLink": "", "calculatedOtherExpenses": 15217000000, "calculatedOperatingExpenses": 16626000000, "calculatedNetInterest": -17000000, "calculatedOtherIncome": 2405000000, "calculatedIncomeNonControlling": 5000000, "calculatedEbitda": 5144000000}, {"date": "2010-12-31", "symbol": "PSX", "reportedCurrency": "USD", "cik": "0001534701", "fillingDate": "2010-12-31", "acceptedDate": "2010-12-30 19:00:00", "calendarYear": "2010", "period": "FY", "revenue": 146849000000, "costOfRevenue": 129281000000, "grossProfit": 17568000000, "grossProfitRatio": 0.1196330925, "researchAndDevelopmentExpenses": 0, "generalAndAdministrativeExpenses": 0, "sellingAndMarketingExpenses": 0, "sellingGeneralAndAdministrativeExpenses": 1384000000, "otherExpenses": 16271000000, "operatingExpenses": 16271000000, "costAndExpenses": 145552000000, "interestIncome": 42000000, "interestExpense": 1000000, "depreciationAndAmortization": 880000000, "ebitda": 3984000000, "ebitdaratio": 0.027129909, "operatingIncome": 1297000000, "operatingIncomeRatio": 0.0088322018, "totalOtherIncomeExpensesNet": -19000000, "incomeBeforeTax": 1319000000, "incomeBeforeTaxRatio": 0.0089820155, "incomeTaxExpense": 579000000, "netIncome": 735000000, "netIncomeRatio": 0.0050051413, "eps": 1.15, "epsdiluted": 1.15, "weightedAverageShsOut": 640000000, "weightedAverageShsOutDil": 640000000, "link": "", "finalLink": "", "calculatedOtherExpenses": 14887000000, "calculatedOperatingExpenses": 16271000000, "calculatedNetInterest": 41000000, "calculatedOtherIncome": -19000000, "calculatedIncomeNonControlling": 5000000, "calculatedEbitda": 2177000000}, {"date": "2009-12-31", "symbol": "PSX", "reportedCurrency": "USD", "cik": "0001534701", "fillingDate": "2009-12-31", "acceptedDate": "2009-12-30 19:00:00", "calendarYear": "2009", "period": "FY", "revenue": 112859000000, "costOfRevenue": 97253000000, "grossProfit": 15606000000, "grossProfitRatio": 0.1382787372, "researchAndDevelopmentExpenses": 0, "generalAndAdministrativeExpenses": 0, "sellingAndMarketingExpenses": 0, "sellingGeneralAndAdministrativeExpenses": 1314000000, "otherExpenses": 15837000000, "operatingExpenses": 15837000000, "costAndExpenses": 113090000000, "interestIncome": 0, "interestExpense": 1000000, "depreciationAndAmortization": 879000000, "ebitda": 1740000000, "ebitdaratio": 0.0154174678, "operatingIncome": -231000000, "operatingIncomeRatio": -0.0020468018, "totalOtherIncomeExpensesNet": 1079000000, "incomeBeforeTax": 847000000, "incomeBeforeTaxRatio": 0.0075049398, "incomeTaxExpense": 368000000, "netIncome": 476000000, "netIncomeRatio": 0.0042176521, "eps": 0.74, "epsdiluted": 0.74, "weightedAverageShsOut": 640000000, "weightedAverageShsOutDil": 640000000, "link": "", "finalLink": "", "calculatedOtherExpenses": 14523000000, "calculatedOperatingExpenses": 15837000000, "calculatedNetInterest": -1000000, "calculatedOtherIncome": 1079000000, "calculatedIncomeNonControlling": 3000000, "calculatedEbitda": 648000000}]}