{"originalCurrency": "USD", "convertedCurrency": "USD", "report": [{"date": "2023-09-30", "symbol": "PTC", "reportedCurrency": "USD", "cik": "0000857005", "fillingDate": "2023-11-20", "acceptedDate": "2023-11-17 18:09:10", "calendarYear": "2023", "period": "FY", "revenue": 2097053000, "costOfRevenue": 441006000, "grossProfit": 1656047000, "grossProfitRatio": 0.7897020247, "researchAndDevelopmentExpenses": 394370000, "generalAndAdministrativeExpenses": 233516000, "sellingAndMarketingExpenses": 530125000, "sellingGeneralAndAdministrativeExpenses": 763641000, "otherExpenses": -125908000, "operatingExpenses": 1198033000, "costAndExpenses": 1639039000, "interestIncome": 5400000, "interestExpense": -129417000, "depreciationAndAmortization": 137162000, "ebitda": 594716000, "ebitdaratio": 0.2835960751, "operatingIncome": 458474000, "operatingIncomeRatio": 0.21862776, "totalOtherIncomeExpensesNet": -125448000, "incomeBeforeTax": 332566000, "incomeBeforeTaxRatio": 0.1585873128, "incomeTaxExpense": 87026000, "netIncome": 245540000, "netIncomeRatio": 0.1170881232, "eps": 2.07, "epsdiluted": 2.06, "weightedAverageShsOut": 118341000, "weightedAverageShsOutDil": 119334000, "link": "https://www.sec.gov/Archives/edgar/data/857005/000095012323011049/0000950123-23-011049-index.htm", "finalLink": "https://www.sec.gov/Archives/edgar/data/857005/000095012323011049/ptc-20230930.htm", "calculatedOtherExpenses": 39562000, "calculatedOperatingExpenses": 1197573000, "calculatedNetInterest": 134817000, "calculatedOtherIncome": -260725000, "calculatedIncomeNonControlling": 0, "calculatedEbitda": 595636000}, {"date": "2022-09-30", "symbol": "PTC", "reportedCurrency": "USD", "cik": "0000857005", "fillingDate": "2022-11-15", "acceptedDate": "2022-11-15 17:30:05", "calendarYear": "2022", "period": "FY", "revenue": 1933347000, "costOfRevenue": 385980000, "grossProfit": 1547367000, "grossProfitRatio": 0.8003565837, "researchAndDevelopmentExpenses": 338822000, "generalAndAdministrativeExpenses": 204732000, "sellingAndMarketingExpenses": 485247000, "sellingGeneralAndAdministrativeExpenses": 689979000, "otherExpenses": 34970000, "operatingExpenses": 1063771000, "costAndExpenses": 1449751000, "interestIncome": 2500000, "interestExpense": 54268000, "depreciationAndAmortization": 194508000, "ebitda": 641870000, "ebitdaratio": 0.3319993772, "operatingIncome": 447362000, "operatingIncomeRatio": 0.2313925022, "totalOtherIncomeExpensesNet": -50264000, "incomeBeforeTax": 397098000, "incomeBeforeTaxRatio": 0.2053940653, "incomeTaxExpense": 84017000, "netIncome": 313081000, "netIncomeRatio": 0.1619373035, "eps": 2.67, "epsdiluted": 2.65, "weightedAverageShsOut": 117194000, "weightedAverageShsOutDil": 118233000, "link": "https://www.sec.gov/Archives/edgar/data/857005/000095017022025211/0000950170-22-025211-index.htm", "finalLink": "https://www.sec.gov/Archives/edgar/data/857005/000095017022025211/ptc-20220930.htm", "calculatedOtherExpenses": 71204000, "calculatedOperatingExpenses": 1100005000, "calculatedNetInterest": -51768000, "calculatedOtherIncome": 1504000, "calculatedIncomeNonControlling": 0, "calculatedEbitda": 641870000}, {"date": "2021-09-30", "symbol": "PTC", "reportedCurrency": "USD", "cik": "0000857005", "fillingDate": "2021-11-22", "acceptedDate": "2021-11-19 20:10:15", "calendarYear": "2021", "period": "FY", "revenue": 1807159000, "costOfRevenue": 371102000, "grossProfit": 1436057000, "grossProfitRatio": 0.794648949, "researchAndDevelopmentExpenses": 299917000, "generalAndAdministrativeExpenses": 206006000, "sellingAndMarketingExpenses": 517779000, "sellingGeneralAndAdministrativeExpenses": 723785000, "otherExpenses": 29396000, "operatingExpenses": 1053098000, "costAndExpenses": 1424200000, "interestIncome": 1800000, "interestExpense": 50478000, "depreciationAndAmortization": 126956000, "ebitda": 507704000, "ebitdaratio": 0.2809404153, "operatingIncome": 380748000, "operatingIncomeRatio": 0.2106887108, "totalOtherIncomeExpensesNet": 11007000, "incomeBeforeTax": 391755000, "incomeBeforeTaxRatio": 0.2167794865, "incomeTaxExpense": -85168000, "netIncome": 476923000, "netIncomeRatio": 0.263907603, "eps": 4.08, "epsdiluted": 4.03, "weightedAverageShsOut": 116836000, "weightedAverageShsOutDil": 118367000, "link": "https://www.sec.gov/Archives/edgar/data/857005/000156459021057806/0001564590-21-057806-index.htm", "finalLink": "https://www.sec.gov/Archives/edgar/data/857005/000156459021057806/ptc-10k_20210930.htm", "calculatedOtherExpenses": 31607000, "calculatedOperatingExpenses": 1055309000, "calculatedNetInterest": -48678000, "calculatedOtherIncome": 59685000, "calculatedIncomeNonControlling": 0, "calculatedEbitda": 507704000}, {"date": "2020-09-30", "symbol": "PTC", "reportedCurrency": "USD", "cik": "0000857005", "fillingDate": "2020-11-20", "acceptedDate": "2020-11-20 16:46:16", "calendarYear": "2020", "period": "FY", "revenue": 1458415000, "costOfRevenue": 334271000, "grossProfit": 1124144000, "grossProfitRatio": 0.7707984353, "researchAndDevelopmentExpenses": 256575000, "generalAndAdministrativeExpenses": 159826000, "sellingAndMarketingExpenses": 435451000, "sellingGeneralAndAdministrativeExpenses": 595277000, "otherExpenses": 28713000, "operatingExpenses": 880565000, "costAndExpenses": 1214836000, "interestIncome": 3800000, "interestExpense": 76428000, "depreciationAndAmortization": 152491000, "ebitda": 363354000, "ebitdaratio": 0.2491430766, "operatingIncome": 210863000, "operatingIncomeRatio": 0.1445836747, "totalOtherIncomeExpensesNet": -76157000, "incomeBeforeTax": 134706000, "incomeBeforeTaxRatio": 0.0923646562, "incomeTaxExpense": 4011000, "netIncome": 130695000, "netIncomeRatio": 0.0896144102, "eps": 1.13, "epsdiluted": 1.12, "weightedAverageShsOut": 115663000, "weightedAverageShsOutDil": 116267000, "link": "https://www.sec.gov/Archives/edgar/data/857005/000156459020054803/0001564590-20-054803-index.htm", "finalLink": "https://www.sec.gov/Archives/edgar/data/857005/000156459020054803/ptc-10k_20200930.htm", "calculatedOtherExpenses": 61429000, "calculatedOperatingExpenses": 913281000, "calculatedNetInterest": -72628000, "calculatedOtherIncome": -3529000, "calculatedIncomeNonControlling": 0, "calculatedEbitda": 363354000}, {"date": "2019-09-30", "symbol": "PTC", "reportedCurrency": "USD", "cik": "0000857005", "fillingDate": "2019-11-18", "acceptedDate": "2019-11-15 19:51:01", "calendarYear": "2019", "period": "FY", "revenue": 1255631000, "costOfRevenue": 325378000, "grossProfit": 930253000, "grossProfitRatio": 0.7408649516, "researchAndDevelopmentExpenses": 246888000, "generalAndAdministrativeExpenses": 127919000, "sellingAndMarketingExpenses": 417449000, "sellingGeneralAndAdministrativeExpenses": 545368000, "otherExpenses": 23841000, "operatingExpenses": 816097000, "costAndExpenses": 1141475000, "interestIncome": 4100000, "interestExpense": 43047000, "depreciationAndAmortization": 77824000, "ebitda": 195485000, "ebitdaratio": 0.1556866627, "operatingIncome": 117661000, "operatingIncomeRatio": 0.0937066702, "totalOtherIncomeExpensesNet": -97361000, "incomeBeforeTax": 20300000, "incomeBeforeTaxRatio": 0.0161671701, "incomeTaxExpense": 47760000, "netIncome": -27460000, "netIncomeRatio": -0.0218694824, "eps": -0.23, "epsdiluted": -0.23, "weightedAverageShsOut": 117724000, "weightedAverageShsOutDil": 117724000, "link": "https://www.sec.gov/Archives/edgar/data/857005/000085700519000040/0000857005-19-000040-index.htm", "finalLink": "https://www.sec.gov/Archives/edgar/data/857005/000085700519000040/ptc9-30x1910xk.htm", "calculatedOtherExpenses": 20336000, "calculatedOperatingExpenses": 812592000, "calculatedNetInterest": -38947000, "calculatedOtherIncome": -58414000, "calculatedIncomeNonControlling": 0, "calculatedEbitda": 195485000}, {"date": "2018-09-30", "symbol": "PTC", "reportedCurrency": "USD", "cik": "0000857005", "fillingDate": "2018-11-16", "acceptedDate": "2018-11-15 18:56:03", "calendarYear": "2018", "period": "FY", "revenue": 1241824000, "costOfRevenue": 326194000, "grossProfit": 915630000, "grossProfitRatio": 0.7373267065, "researchAndDevelopmentExpenses": 249774000, "generalAndAdministrativeExpenses": 142981000, "sellingAndMarketingExpenses": 414524000, "sellingGeneralAndAdministrativeExpenses": 557505000, "otherExpenses": 255000, "operatingExpenses": 838629000, "costAndExpenses": 1164823000, "interestIncome": 3819000, "interestExpense": 41673000, "depreciationAndAmortization": 87408000, "ebitda": 168483000, "ebitdaratio": 0.1356738153, "operatingIncome": 73237000, "operatingIncomeRatio": 0.0589753459, "totalOtherIncomeExpensesNet": -10491000, "incomeBeforeTax": 28656000, "incomeBeforeTaxRatio": 0.0230757338, "incomeTaxExpense": -23331000, "netIncome": 51987000, "netIncomeRatio": 0.0418634203, "eps": 0.45, "epsdiluted": 0.44, "weightedAverageShsOut": 116390000, "weightedAverageShsOutDil": 118158000, "link": "https://www.sec.gov/Archives/edgar/data/857005/000085700518000025/0000857005-18-000025-index.htm", "finalLink": "https://www.sec.gov/Archives/edgar/data/857005/000085700518000025/ptc9-30x1810xk.htm", "calculatedOtherExpenses": 35114000, "calculatedOperatingExpenses": 842393000, "calculatedNetInterest": -37854000, "calculatedOtherIncome": -6727000, "calculatedIncomeNonControlling": 0, "calculatedEbitda": 160645000}, {"date": "2017-09-30", "symbol": "PTC", "reportedCurrency": "USD", "cik": "0000857005", "fillingDate": "2017-11-29", "acceptedDate": "2017-11-29 17:18:44", "calendarYear": "2017", "period": "FY", "revenue": 1164039000, "costOfRevenue": 329019000, "grossProfit": 835020000, "grossProfitRatio": 0.7173470992, "researchAndDevelopmentExpenses": 236059000, "generalAndAdministrativeExpenses": 145067000, "sellingAndMarketingExpenses": 372946000, "sellingGeneralAndAdministrativeExpenses": 518013000, "otherExpenses": -42304000, "operatingExpenses": 786180000, "costAndExpenses": 1115199000, "interestIncome": 3249000, "interestExpense": 42400000, "depreciationAndAmortization": 86742000, "ebitda": 143524000, "ebitdaratio": 0.1232982744, "operatingIncome": 40898000, "operatingIncomeRatio": 0.0351345616, "totalOtherIncomeExpensesNet": -50246000, "incomeBeforeTax": -1406000, "incomeBeforeTaxRatio": -0.0012078633, "incomeTaxExpense": -7645000, "netIncome": 6239000, "netIncomeRatio": 0.0053597861, "eps": 0.0532, "epsdiluted": 0.0532, "weightedAverageShsOut": 115523000, "weightedAverageShsOutDil": 117356000, "link": "https://www.sec.gov/Archives/edgar/data/857005/000085700517000021/0000857005-17-000021-index.htm", "finalLink": "https://www.sec.gov/Archives/edgar/data/857005/000085700517000021/ptc9-30x1710xk.htm", "calculatedOtherExpenses": 40050000, "calculatedOperatingExpenses": 794122000, "calculatedNetInterest": -39151000, "calculatedOtherIncome": -3153000, "calculatedIncomeNonControlling": 0, "calculatedEbitda": 127640000}, {"date": "2016-09-30", "symbol": "PTC", "reportedCurrency": "USD", "cik": "0000857005", "fillingDate": "2016-11-18", "acceptedDate": "2016-11-18 17:04:55", "calendarYear": "2016", "period": "FY", "revenue": 1140533000, "costOfRevenue": 325665000, "grossProfit": 814868000, "grossProfitRatio": 0.7144624487, "researchAndDevelopmentExpenses": 229331000, "generalAndAdministrativeExpenses": 145615000, "sellingAndMarketingExpenses": 367465000, "sellingGeneralAndAdministrativeExpenses": 513080000, "otherExpenses": -30178000, "operatingExpenses": 775609000, "costAndExpenses": 1101274000, "interestIncome": 3437000, "interestExpense": 29882000, "depreciationAndAmortization": 86554000, "ebitda": 202086000, "ebitdaratio": 0.177185579, "operatingIncome": -37014000, "operatingIncomeRatio": -0.0324532477, "totalOtherIncomeExpensesNet": -106451000, "incomeBeforeTax": -67192000, "incomeBeforeTaxRatio": -0.0589128066, "incomeTaxExpense": -12727000, "netIncome": -54465000, "netIncomeRatio": -0.0477539887, "eps": -0.48, "epsdiluted": -0.48, "weightedAverageShsOut": 113468750, "weightedAverageShsOutDil": 114612000, "link": "https://www.sec.gov/Archives/edgar/data/857005/000085700516000071/0000857005-16-000071-index.htm", "finalLink": "https://www.sec.gov/Archives/edgar/data/857005/000085700516000071/ptc9-30x1610xk.htm", "calculatedOtherExpenses": 109471000, "calculatedOperatingExpenses": 851882000, "calculatedNetInterest": -26445000, "calculatedOtherIncome": -3733000, "calculatedIncomeNonControlling": 0, "calculatedEbitda": 49540000}, {"date": "2015-09-30", "symbol": "PTC", "reportedCurrency": "USD", "cik": "0000857005", "fillingDate": "2015-11-23", "acceptedDate": "2015-11-23 17:24:04", "calendarYear": "2015", "period": "FY", "revenue": 1255242000, "costOfRevenue": 334734000, "grossProfit": 920508000, "grossProfitRatio": 0.7333311027, "researchAndDevelopmentExpenses": 227513000, "generalAndAdministrativeExpenses": 218524000, "sellingAndMarketingExpenses": 338777000, "sellingGeneralAndAdministrativeExpenses": 557301000, "otherExpenses": -15091000, "operatingExpenses": 820943000, "costAndExpenses": 1155677000, "interestIncome": 3697000, "interestExpense": 14742000, "depreciationAndAmortization": 84433000, "ebitda": 227407000, "ebitdaratio": 0.1811658628, "operatingIncome": 56156000, "operatingIncomeRatio": 0.0447371901, "totalOtherIncomeExpensesNet": -58500000, "incomeBeforeTax": 41065000, "incomeBeforeTaxRatio": 0.0327148072, "incomeTaxExpense": -21032000, "netIncome": 62097000, "netIncomeRatio": 0.049470142, "eps": 0.54, "epsdiluted": 0.54, "weightedAverageShsOut": 115992682, "weightedAverageShsOutDil": 116012000, "link": "https://www.sec.gov/Archives/edgar/data/857005/000085700515000042/0000857005-15-000042-index.htm", "finalLink": "https://www.sec.gov/Archives/edgar/data/857005/000085700515000042/ptc9-30x1510xk.htm", "calculatedOtherExpenses": 79538000, "calculatedOperatingExpenses": 864352000, "calculatedNetInterest": -11045000, "calculatedOtherIncome": -4046000, "calculatedIncomeNonControlling": 0, "calculatedEbitda": 140589000}, {"date": "2014-09-30", "symbol": "PTC", "reportedCurrency": "USD", "cik": "0000857005", "fillingDate": "2014-11-26", "acceptedDate": "2014-11-26 17:17:59", "calendarYear": "2014", "period": "FY", "revenue": 1356967000, "costOfRevenue": 373683000, "grossProfit": 983284000, "grossProfitRatio": 0.724618948, "researchAndDevelopmentExpenses": 226496000, "generalAndAdministrativeExpenses": 142232000, "sellingAndMarketingExpenses": 357447000, "sellingGeneralAndAdministrativeExpenses": 499679000, "otherExpenses": -10464000, "operatingExpenses": 758302000, "costAndExpenses": 1131985000, "interestIncome": 3117000, "interestExpense": 8155000, "depreciationAndAmortization": 77307000, "ebitda": 330695000, "ebitdaratio": 0.2437015786, "operatingIncome": 196576000, "operatingIncomeRatio": 0.144864245, "totalOtherIncomeExpensesNet": -38870000, "incomeBeforeTax": 186112000, "incomeBeforeTaxRatio": 0.13715293, "incomeTaxExpense": 25918000, "netIncome": 160194000, "netIncomeRatio": 0.1180529814, "eps": 1.34, "epsdiluted": 1.34, "weightedAverageShsOut": 119547761, "weightedAverageShsOutDil": 119984000, "link": "https://www.sec.gov/Archives/edgar/data/857005/000085700514000032/0000857005-14-000032-index.htm", "finalLink": "https://www.sec.gov/Archives/edgar/data/857005/000085700514000032/ptc9-30x1410xk.htm", "calculatedOtherExpenses": 60533000, "calculatedOperatingExpenses": 786708000, "calculatedNetInterest": -5038000, "calculatedOtherIncome": -5426000, "calculatedIncomeNonControlling": 0, "calculatedEbitda": 273883000}, {"date": "2013-09-30", "symbol": "PTC", "reportedCurrency": "USD", "cik": "0000857005", "fillingDate": "2013-11-22", "acceptedDate": "2013-11-22 16:51:32", "calendarYear": "2013", "period": "FY", "revenue": 1293541000, "costOfRevenue": 373039000, "grossProfit": 920502000, "grossProfitRatio": 0.7116140888, "researchAndDevelopmentExpenses": 221918000, "generalAndAdministrativeExpenses": 131937000, "sellingAndMarketingExpenses": 360640000, "sellingGeneralAndAdministrativeExpenses": 492577000, "otherExpenses": -1090000, "operatingExpenses": 740981000, "costAndExpenses": 1114020000, "interestIncome": 2862000, "interestExpense": 6976000, "depreciationAndAmortization": 76551000, "ebitda": 308269000, "ebitdaratio": 0.2383140542, "operatingIncome": 127324000, "operatingIncomeRatio": 0.098430587, "totalOtherIncomeExpensesNet": -53287000, "incomeBeforeTax": 126234000, "incomeBeforeTaxRatio": 0.0975879388, "incomeTaxExpense": -17535000, "netIncome": 143769000, "netIncomeRatio": 0.1111437519, "eps": 1.19, "epsdiluted": 1.19, "weightedAverageShsOut": 120814285, "weightedAverageShsOutDil": 121240000, "link": "https://www.sec.gov/Archives/edgar/data/857005/000085700513000038/0000857005-13-000038-index.htm", "finalLink": "https://www.sec.gov/Archives/edgar/data/857005/000085700513000038/ptc9-30x1310xk.htm", "calculatedOtherExpenses": 78683000, "calculatedOperatingExpenses": 793178000, "calculatedNetInterest": -4114000, "calculatedOtherIncome": 3024000, "calculatedIncomeNonControlling": 0, "calculatedEbitda": 203875000}, {"date": "2012-09-30", "symbol": "PTC", "reportedCurrency": "USD", "cik": "0000857005", "fillingDate": "2012-11-16", "acceptedDate": "2012-11-16 17:29:10", "calendarYear": "2012", "period": "FY", "revenue": 1255679000, "costOfRevenue": 372128000, "grossProfit": 883551000, "grossProfitRatio": 0.7036440046, "researchAndDevelopmentExpenses": 214960000, "generalAndAdministrativeExpenses": 117468000, "sellingAndMarketingExpenses": 377796000, "sellingGeneralAndAdministrativeExpenses": 495264000, "otherExpenses": 20303000, "operatingExpenses": 730527000, "costAndExpenses": 1102655000, "interestIncome": 2920000, "interestExpense": 4746000, "depreciationAndAmortization": 66471000, "ebitda": 251783000, "ebitdaratio": 0.2005154184, "operatingIncome": 128096000, "operatingIncomeRatio": 0.102013333, "totalOtherIncomeExpensesNet": -32288000, "incomeBeforeTax": 120736000, "incomeBeforeTaxRatio": 0.0961519624, "incomeTaxExpense": 156134000, "netIncome": -35398000, "netIncomeRatio": -0.0281903257, "eps": -0.3, "epsdiluted": -0.3, "weightedAverageShsOut": 118705000, "weightedAverageShsOutDil": 118705000, "link": "https://www.sec.gov/Archives/edgar/data/857005/000085700512000031/0000857005-12-000031-index.htm", "finalLink": "https://www.sec.gov/Archives/edgar/data/857005/000085700512000031/ptc9-30x1210xk.htm", "calculatedOtherExpenses": 45231000, "calculatedOperatingExpenses": 755455000, "calculatedNetInterest": -1826000, "calculatedOtherIncome": -5534000, "calculatedIncomeNonControlling": 0, "calculatedEbitda": 194567000}, {"date": "2011-09-30", "symbol": "PTC", "reportedCurrency": "USD", "cik": "0000857005", "fillingDate": "2011-11-23", "acceptedDate": "2011-11-22 17:58:43", "calendarYear": "2011", "period": "FY", "revenue": 1166949000, "costOfRevenue": 356768000, "grossProfit": 810181000, "grossProfitRatio": 0.6942728431, "researchAndDevelopmentExpenses": 211406000, "generalAndAdministrativeExpenses": 110291000, "sellingAndMarketingExpenses": 353051000, "sellingGeneralAndAdministrativeExpenses": 463342000, "otherExpenses": 18319000, "operatingExpenses": 693067000, "costAndExpenses": 1049835000, "interestIncome": 3844000, "interestExpense": 3310000, "depreciationAndAmortization": 62394000, "ebitda": 183352000, "ebitdaratio": 0.1571208339, "operatingIncome": 117114000, "operatingIncomeRatio": 0.1003591417, "totalOtherIncomeExpensesNet": -13100000, "incomeBeforeTax": 104548000, "incomeBeforeTaxRatio": 0.0895908904, "incomeTaxExpense": 19124000, "netIncome": 85424000, "netIncomeRatio": 0.0732028563, "eps": 0.73, "epsdiluted": 0.71, "weightedAverageShsOut": 117579000, "weightedAverageShsOutDil": 120974000, "link": "https://www.sec.gov/Archives/edgar/data/857005/000119312511320097/0001193125-11-320097-index.htm", "finalLink": "https://www.sec.gov/Archives/edgar/data/857005/000119312511320097/d230140d10k.htm", "calculatedOtherExpenses": 18319000, "calculatedOperatingExpenses": 693067000, "calculatedNetInterest": 534000, "calculatedOtherIncome": -13100000, "calculatedIncomeNonControlling": 0, "calculatedEbitda": 179508000}, {"date": "2010-09-30", "symbol": "PTC", "reportedCurrency": "USD", "cik": "0000857005", "fillingDate": "2010-11-23", "acceptedDate": "2010-11-23 13:06:46", "calendarYear": "2010", "period": "FY", "revenue": 1010049000, "costOfRevenue": 307695000, "grossProfit": 702354000, "grossProfitRatio": 0.6953662644, "researchAndDevelopmentExpenses": 201567000, "generalAndAdministrativeExpenses": 92875000, "sellingAndMarketingExpenses": 317532000, "sellingGeneralAndAdministrativeExpenses": 410407000, "otherExpenses": 15605000, "operatingExpenses": 627579000, "costAndExpenses": 935274000, "interestIncome": 3009000, "interestExpense": 1526000, "depreciationAndAmortization": 62182000, "ebitda": 129596000, "ebitdaratio": 0.1283066465, "operatingIncome": 74775000, "operatingIncomeRatio": 0.0740310619, "totalOtherIncomeExpensesNet": 7361000, "incomeBeforeTax": 82136000, "incomeBeforeTaxRatio": 0.0813188271, "incomeTaxExpense": 57768000, "netIncome": 24368000, "netIncomeRatio": 0.0241255622, "eps": 0.21, "epsdiluted": 0.2, "weightedAverageShsOut": 115639000, "weightedAverageShsOutDil": 119925000, "link": "https://www.sec.gov/Archives/edgar/data/857005/000119312510267323/0001193125-10-267323-index.htm", "finalLink": "https://www.sec.gov/Archives/edgar/data/857005/000119312510267323/d10k.htm", "calculatedOtherExpenses": 15605000, "calculatedOperatingExpenses": 627579000, "calculatedNetInterest": 1483000, "calculatedOtherIncome": 5878000, "calculatedIncomeNonControlling": 0, "calculatedEbitda": 136957000}, {"date": "2009-09-30", "symbol": "PTC", "reportedCurrency": "USD", "cik": "0000857005", "fillingDate": "2009-11-24", "acceptedDate": "2009-11-24 17:19:11", "calendarYear": "2009", "period": "FY", "revenue": 938185000, "costOfRevenue": 309759000, "grossProfit": 628426000, "grossProfitRatio": 0.669831643, "researchAndDevelopmentExpenses": 188501000, "generalAndAdministrativeExpenses": 80670000, "sellingAndMarketingExpenses": 301369000, "sellingGeneralAndAdministrativeExpenses": 382039000, "otherExpenses": 15620000, "operatingExpenses": 586160000, "costAndExpenses": 895919000, "interestIncome": 4557000, "interestExpense": 3197000, "depreciationAndAmortization": 61610000, "ebitda": 128971000, "ebitdaratio": 0.1374686229, "operatingIncome": 19295000, "operatingIncomeRatio": 0.0205663062, "totalOtherIncomeExpensesNet": -25095000, "incomeBeforeTax": 17171000, "incomeBeforeTaxRatio": 0.0183023604, "incomeTaxExpense": -14351000, "netIncome": 31522000, "netIncomeRatio": 0.0335989171, "eps": 0.27, "epsdiluted": 0.27, "weightedAverageShsOut": 114950000, "weightedAverageShsOutDil": 117359000, "link": "https://www.sec.gov/Archives/edgar/data/857005/000119312509241507/0001193125-09-241507-index.htm", "finalLink": "https://www.sec.gov/Archives/edgar/data/857005/000119312509241507/d10k.htm", "calculatedOtherExpenses": 38591000, "calculatedOperatingExpenses": 609131000, "calculatedNetInterest": 1360000, "calculatedOtherIncome": -3484000, "calculatedIncomeNonControlling": 0, "calculatedEbitda": 80905000}, {"date": "2008-09-30", "symbol": "PTC", "reportedCurrency": "USD", "cik": "0000857005", "fillingDate": "2008-11-26", "acceptedDate": "2008-11-26 14:24:51", "calendarYear": "2008", "period": "FY", "revenue": 1070330000, "costOfRevenue": 330786000, "grossProfit": 739544000, "grossProfitRatio": 0.6909495202, "researchAndDevelopmentExpenses": 182022000, "generalAndAdministrativeExpenses": 87829000, "sellingAndMarketingExpenses": 306880000, "sellingGeneralAndAdministrativeExpenses": 394709000, "otherExpenses": 15579000, "operatingExpenses": 592310000, "costAndExpenses": 923096000, "interestIncome": 10056000, "interestExpense": -7823000, "depreciationAndAmortization": 60021000, "ebitda": 237836000, "ebitdaratio": 0.222208104, "operatingIncome": 125245000, "operatingIncomeRatio": 0.117015313, "totalOtherIncomeExpensesNet": -30581000, "incomeBeforeTax": 118886000, "incomeBeforeTaxRatio": 0.1110741547, "incomeTaxExpense": 39184000, "netIncome": 79702000, "netIncomeRatio": 0.0744648847, "eps": 0.7, "epsdiluted": 0.68, "weightedAverageShsOut": 113703000, "weightedAverageShsOutDil": 117870000, "link": "https://www.sec.gov/Archives/edgar/data/857005/000119312508244400/0001193125-08-244400-index.htm", "finalLink": "https://www.sec.gov/Archives/edgar/data/857005/000119312508244400/d10k.htm", "calculatedOtherExpenses": 37568000, "calculatedOperatingExpenses": 614299000, "calculatedNetInterest": 17879000, "calculatedOtherIncome": -24238000, "calculatedIncomeNonControlling": 0, "calculatedEbitda": 185266000}, {"date": "2007-09-30", "symbol": "PTC", "reportedCurrency": "USD", "cik": "0000857005", "fillingDate": "2007-11-29", "acceptedDate": "2007-11-29 17:11:35", "calendarYear": "2007", "period": "FY", "revenue": 941279000, "costOfRevenue": 290810000, "grossProfit": 650469000, "grossProfitRatio": 0.6910480315, "researchAndDevelopmentExpenses": 162351000, "generalAndAdministrativeExpenses": 79777000, "sellingAndMarketingExpenses": 292215000, "sellingGeneralAndAdministrativeExpenses": 371992000, "otherExpenses": 7467000, "operatingExpenses": 541810000, "costAndExpenses": 832620000, "interestIncome": 9868000, "interestExpense": 0, "depreciationAndAmortization": 39199000, "ebitda": 166725000, "ebitdaratio": 0.1771260168, "operatingIncome": 92768000, "operatingIncomeRatio": 0.0985552636, "totalOtherIncomeExpensesNet": -18867000, "incomeBeforeTax": 99660000, "incomeBeforeTaxRatio": 0.105877216, "incomeTaxExpense": -43996000, "netIncome": 143656000, "netIncomeRatio": 0.1526178742, "eps": 1.27, "epsdiluted": 1.22, "weightedAverageShsOut": 112734000, "weightedAverageShsOutDil": 117494000, "link": "https://www.sec.gov/Archives/edgar/data/857005/000095013507007240/0000950135-07-007240-index.htm", "finalLink": "https://www.sec.gov/Archives/edgar/data/857005/000095013507007240/b67076pte10vk.htm", "calculatedOtherExpenses": 23358000, "calculatedOperatingExpenses": 557701000, "calculatedNetInterest": 9868000, "calculatedOtherIncome": -2976000, "calculatedIncomeNonControlling": 0, "calculatedEbitda": 131967000}, {"date": "2006-09-30", "symbol": "PTC", "reportedCurrency": "USD", "cik": "0000857005", "fillingDate": "2006-12-14", "acceptedDate": "2006-12-14 17:18:53", "calendarYear": "2006", "period": "FY", "revenue": 854918000, "costOfRevenue": 269633000, "grossProfit": 585285000, "grossProfitRatio": 0.6846095181, "researchAndDevelopmentExpenses": 147338000, "generalAndAdministrativeExpenses": 77813000, "sellingAndMarketingExpenses": 274287000, "sellingGeneralAndAdministrativeExpenses": 352100000, "otherExpenses": 6074000, "operatingExpenses": 505512000, "costAndExpenses": 775145000, "interestIncome": 5443000, "interestExpense": 0, "depreciationAndAmortization": 33887000, "ebitda": 123451000, "ebitdaratio": 0.1444009835, "operatingIncome": 71726000, "operatingIncomeRatio": 0.0838981048, "totalOtherIncomeExpensesNet": -9791000, "incomeBeforeTax": 75425000, "incomeBeforeTaxRatio": 0.0882248356, "incomeTaxExpense": 14559000, "netIncome": 60866000, "netIncomeRatio": 0.0711951322, "eps": 0.55, "epsdiluted": 0.54, "weightedAverageShsOut": 109849000, "weightedAverageShsOutDil": 113382000, "link": "https://www.sec.gov/Archives/edgar/data/857005/000119312506253501/0001193125-06-253501-index.htm", "finalLink": "https://www.sec.gov/Archives/edgar/data/857005/000119312506253501/d10k.htm", "calculatedOtherExpenses": 14121000, "calculatedOperatingExpenses": 513559000, "calculatedNetInterest": 5443000, "calculatedOtherIncome": -1744000, "calculatedIncomeNonControlling": 0, "calculatedEbitda": 105613000}, {"date": "2005-09-30", "symbol": "PTC", "reportedCurrency": "USD", "cik": "0000857005", "fillingDate": "2005-12-14", "acceptedDate": "2005-12-14 17:10:45", "calendarYear": "2005", "period": "FY", "revenue": 720719000, "costOfRevenue": 208242000, "grossProfit": 512477000, "grossProfitRatio": 0.7110635352, "researchAndDevelopmentExpenses": 118267000, "generalAndAdministrativeExpenses": 63605000, "sellingAndMarketingExpenses": 243758000, "sellingGeneralAndAdministrativeExpenses": 307363000, "otherExpenses": 1638000, "operatingExpenses": 427268000, "costAndExpenses": 635510000, "interestIncome": 6878000, "interestExpense": 0, "depreciationAndAmortization": 25881000, "ebitda": 111865000, "ebitdaratio": 0.1552130581, "operatingIncome": 85786000, "operatingIncomeRatio": 0.1190283592, "totalOtherIncomeExpensesNet": -775000, "incomeBeforeTax": 91312000, "incomeBeforeTaxRatio": 0.1266957025, "incomeTaxExpense": 7720000, "netIncome": 83592000, "netIncomeRatio": 0.1159841769, "eps": 0.77, "epsdiluted": 0.75, "weightedAverageShsOut": 108536000, "weightedAverageShsOutDil": 111981000, "link": "https://www.sec.gov/Archives/edgar/data/857005/000119312505242673/0001193125-05-242673-index.htm", "finalLink": "https://www.sec.gov/Archives/edgar/data/857005/000119312505242673/d10k.htm", "calculatedOtherExpenses": 1061000, "calculatedOperatingExpenses": 426691000, "calculatedNetInterest": 6878000, "calculatedOtherIncome": -1352000, "calculatedIncomeNonControlling": 0, "calculatedEbitda": 111667000}, {"date": "2004-09-30", "symbol": "PTC", "reportedCurrency": "USD", "cik": "0000857005", "fillingDate": "2004-12-14", "acceptedDate": "2004-12-14 15:10:56", "calendarYear": "2004", "period": "FY", "revenue": 660029000, "costOfRevenue": 182175000, "grossProfit": 477854000, "grossProfitRatio": 0.7239894005, "researchAndDevelopmentExpenses": 107992000, "generalAndAdministrativeExpenses": 58264000, "sellingAndMarketingExpenses": 226054000, "sellingGeneralAndAdministrativeExpenses": 284318000, "otherExpenses": 5195000, "operatingExpenses": 397505000, "costAndExpenses": 579680000, "interestIncome": 3484000, "interestExpense": 0, "depreciationAndAmortization": 35157000, "ebitda": 162300000, "ebitdaratio": 0.2458982863, "operatingIncome": 37416000, "operatingIncomeRatio": 0.0566884182, "totalOtherIncomeExpensesNet": -46794000, "incomeBeforeTax": 37039000, "incomeBeforeTaxRatio": 0.0561172312, "incomeTaxExpense": 2226000, "netIncome": 34813000, "netIncomeRatio": 0.0527446521, "eps": 0.29, "epsdiluted": 0.29, "weightedAverageShsOut": 120044828, "weightedAverageShsOutDil": 120044828, "link": "https://www.sec.gov/Archives/edgar/data/857005/000119312504212702/0001193125-04-212702-index.htm", "finalLink": "https://www.sec.gov/Archives/edgar/data/857005/000119312504212702/d10k.htm", "calculatedOtherExpenses": 48128000, "calculatedOperatingExpenses": 440438000, "calculatedNetInterest": 3484000, "calculatedOtherIncome": -3861000, "calculatedIncomeNonControlling": 0, "calculatedEbitda": 72573000}, {"date": "2003-09-30", "symbol": "PTC", "reportedCurrency": "USD", "cik": "0000857005", "fillingDate": "2003-12-24", "acceptedDate": "2003-12-23 19:45:38", "calendarYear": "2003", "period": "FY", "revenue": 671940000, "costOfRevenue": 218486000, "grossProfit": 453454000, "grossProfitRatio": 0.6748429919, "researchAndDevelopmentExpenses": 128425000, "generalAndAdministrativeExpenses": 69418000, "sellingAndMarketingExpenses": 298479000, "sellingGeneralAndAdministrativeExpenses": 367897000, "otherExpenses": 5861000, "operatingExpenses": 502183000, "costAndExpenses": 720669000, "interestIncome": 3260000, "interestExpense": 0, "depreciationAndAmortization": 41637000, "ebitda": 29868000, "ebitdaratio": 0.0444503974, "operatingIncome": -79625000, "operatingIncomeRatio": -0.1185001637, "totalOtherIncomeExpensesNet": -36960000, "incomeBeforeTax": -82429000, "incomeBeforeTaxRatio": -0.1226731553, "incomeTaxExpense": 15851000, "netIncome": -98280000, "netIncomeRatio": -0.1462630592, "eps": -0.92, "epsdiluted": -0.92, "weightedAverageShsOut": 106248649, "weightedAverageShsOutDil": 106248649, "link": "https://www.sec.gov/Archives/edgar/data/857005/000119312503099084/0001193125-03-099084-index.htm", "finalLink": "https://www.sec.gov/Archives/edgar/data/857005/000119312503099084/d10k.htm", "calculatedOtherExpenses": 36757000, "calculatedOperatingExpenses": 533079000, "calculatedNetInterest": 3260000, "calculatedOtherIncome": -6064000, "calculatedIncomeNonControlling": 0, "calculatedEbitda": -37988000}, {"date": "2002-09-30", "symbol": "PTC", "reportedCurrency": "USD", "cik": "0000857005", "fillingDate": "2003-01-28", "acceptedDate": "2003-01-28 17:25:22", "calendarYear": "2002", "period": "FY", "revenue": 741957000, "costOfRevenue": 216958000, "grossProfit": 524999000, "grossProfitRatio": 0.7075868278, "researchAndDevelopmentExpenses": 136073000, "generalAndAdministrativeExpenses": 67256000, "sellingAndMarketingExpenses": 333249000, "sellingGeneralAndAdministrativeExpenses": 400505000, "otherExpenses": 35757000, "operatingExpenses": 572335000, "costAndExpenses": 789293000, "interestIncome": -4075000, "interestExpense": 0, "depreciationAndAmortization": 72625000, "ebitda": 56367000, "ebitdaratio": 0.0759707099, "operatingIncome": -78486000, "operatingIncomeRatio": -0.1057824106, "totalOtherIncomeExpensesNet": -31078000, "incomeBeforeTax": -74339000, "incomeBeforeTaxRatio": -0.1001931379, "incomeTaxExpense": 19282000, "netIncome": -93621000, "netIncomeRatio": -0.1261811668, "eps": -0.9, "epsdiluted": -0.9, "weightedAverageShsOut": 104023333, "weightedAverageShsOutDil": 104023333, "link": "https://www.sec.gov/Archives/edgar/data/857005/000092701603000282/0000927016-03-000282-index.htm", "finalLink": "https://www.sec.gov/Archives/edgar/data/857005/000092701603000282/d10k.htm", "calculatedOtherExpenses": 66907000, "calculatedOperatingExpenses": 603485000, "calculatedNetInterest": -4075000, "calculatedOtherIncome": 8222000, "calculatedIncomeNonControlling": 0, "calculatedEbitda": -5861000}, {"date": "2001-09-30", "symbol": "PTC", "reportedCurrency": "USD", "cik": "0000857005", "fillingDate": "2001-12-27", "acceptedDate": "2001-12-27 00:00:00", "calendarYear": "2001", "period": "FY", "revenue": 934606000, "costOfRevenue": 252571000, "grossProfit": 682035000, "grossProfitRatio": 0.7297567103, "researchAndDevelopmentExpenses": 148942000, "generalAndAdministrativeExpenses": 166000, "sellingAndMarketingExpenses": 455419000, "sellingGeneralAndAdministrativeExpenses": 455585000, "otherExpenses": 80510000, "operatingExpenses": 685037000, "costAndExpenses": 937608000, "interestIncome": 0, "interestExpense": 0, "depreciationAndAmortization": 76370000, "ebitda": 133844000, "ebitdaratio": 0.14320901, "operatingIncome": -3002000, "operatingIncomeRatio": -0.0032120487, "totalOtherIncomeExpensesNet": -60476000, "incomeBeforeTax": -10861000, "incomeBeforeTaxRatio": -0.0116209397, "incomeTaxExpense": -2647000, "netIncome": -8214000, "netIncomeRatio": -0.0087887302, "eps": -0.081, "epsdiluted": -0.081, "weightedAverageShsOut": 101380000, "weightedAverageShsOutDil": 101380000, "link": "https://www.sec.gov/Archives/edgar/data/857005/000092701601504441/0000927016-01-504441-index.htm", "finalLink": "https://www.sec.gov/Archives/edgar/data/857005/000092701601504441/d10k405.txt", "calculatedOtherExpenses": 80510000, "calculatedOperatingExpenses": 685037000, "calculatedNetInterest": 0, "calculatedOtherIncome": -7859000, "calculatedIncomeNonControlling": 0, "calculatedEbitda": 73368000}, {"date": "2000-09-30", "symbol": "PTC", "reportedCurrency": "USD", "cik": "0000857005", "fillingDate": "2000-12-28", "acceptedDate": "2000-12-28 00:00:00", "calendarYear": "2000", "period": "FY", "revenue": 928414000, "costOfRevenue": 204647000, "grossProfit": 723767000, "grossProfitRatio": 0.7795735523, "researchAndDevelopmentExpenses": 143763000, "generalAndAdministrativeExpenses": 0, "sellingAndMarketingExpenses": 0, "sellingGeneralAndAdministrativeExpenses": 487928000, "otherExpenses": 78769000, "operatingExpenses": 710460000, "costAndExpenses": 915107000, "interestIncome": 0, "interestExpense": 0, "depreciationAndAmortization": 78769000, "ebitda": 123311000, "ebitdaratio": 0.1328189795, "operatingIncome": 13307000, "operatingIncomeRatio": 0.0143330454, "totalOtherIncomeExpensesNet": -31235000, "incomeBeforeTax": -5067000, "incomeBeforeTaxRatio": -0.0054576945, "incomeTaxExpense": -1087000, "netIncome": -3980000, "netIncomeRatio": -0.0042868806, "eps": -0.0341, "epsdiluted": -0.0341, "weightedAverageShsOut": 116840000, "weightedAverageShsOutDil": 116840000, "link": "https://www.sec.gov/Archives/edgar/data/857005/000092701600004477/0000927016-00-004477-index.htm", "finalLink": "https://www.sec.gov/Archives/edgar/data/857005/000092701600004477/0000927016-00-004477-0001.txt", "calculatedOtherExpenses": 78769000, "calculatedOperatingExpenses": 710460000, "calculatedNetInterest": 0, "calculatedOtherIncome": -18374000, "calculatedIncomeNonControlling": 0, "calculatedEbitda": 92076000}, {"date": "1999-09-30", "symbol": "PTC", "reportedCurrency": "USD", "cik": "0000857005", "fillingDate": "1999-12-29", "acceptedDate": "1999-12-29 00:00:00", "calendarYear": "1999", "period": "FY", "revenue": 1057600000, "costOfRevenue": 168300000, "grossProfit": 889300000, "grossProfitRatio": 0.840866112, "researchAndDevelopmentExpenses": 124100000, "generalAndAdministrativeExpenses": 62852000, "sellingAndMarketingExpenses": 407936000, "sellingGeneralAndAdministrativeExpenses": 470800000, "otherExpenses": 62300000, "operatingExpenses": 657200000, "costAndExpenses": 825500000, "interestIncome": -11283000, "interestExpense": 622000, "depreciationAndAmortization": 62300000, "ebitda": 355900000, "ebitdaratio": 0.3365166415, "operatingIncome": 232100000, "operatingIncomeRatio": 0.2194591528, "totalOtherIncomeExpensesNet": -61500000, "incomeBeforeTax": 181200000, "incomeBeforeTaxRatio": 0.1713313162, "incomeTaxExpense": 61900000, "netIncome": 119300000, "netIncomeRatio": 0.1128025719, "eps": 1.1, "epsdiluted": 1.08, "weightedAverageShsOut": 108454545, "weightedAverageShsOutDil": 110976744, "link": "https://www.sec.gov/Archives/edgar/data/857005/000102140899002458/0001021408-99-002458-index.html", "finalLink": "https://www.sec.gov/Archives/edgar/data/857005/000102140899002458/0001021408-99-002458-d1.html", "calculatedOtherExpenses": 62300000, "calculatedOperatingExpenses": 657200000, "calculatedNetInterest": -11905000, "calculatedOtherIncome": -38995000, "calculatedIncomeNonControlling": 0, "calculatedEbitda": 294400000}, {"date": "1998-09-30", "symbol": "PTC", "reportedCurrency": "USD", "cik": "0000857005", "fillingDate": "1998-12-29", "acceptedDate": "1998-12-29 00:00:00", "calendarYear": "1998", "period": "FY", "revenue": 1018000000, "costOfRevenue": 127000000, "grossProfit": 891000000, "grossProfitRatio": 0.8752455796, "researchAndDevelopmentExpenses": 93400000, "generalAndAdministrativeExpenses": 0, "sellingAndMarketingExpenses": 0, "sellingGeneralAndAdministrativeExpenses": 453900000, "otherExpenses": 29900000, "operatingExpenses": 577200000, "costAndExpenses": 704200000, "interestIncome": 0, "interestExpense": 0, "depreciationAndAmortization": 29900000, "ebitda": 440200000, "ebitdaratio": 0.4324165029, "operatingIncome": 313800000, "operatingIncomeRatio": 0.3082514735, "totalOtherIncomeExpensesNet": -96500000, "incomeBeforeTax": 204000000, "incomeBeforeTaxRatio": 0.2003929273, "incomeTaxExpense": 98300000, "netIncome": 86700000, "netIncomeRatio": 0.0851669941, "eps": 0.8, "epsdiluted": 0.77, "weightedAverageShsOut": 108375000, "weightedAverageShsOutDil": 111870968, "link": "https://www.sec.gov/Archives/edgar/data/857005/000092701698004367/0000927016-98-004367-index.html", "finalLink": "https://www.sec.gov/Archives/edgar/data/857005/", "calculatedOtherExpenses": 29900000, "calculatedOperatingExpenses": 577200000, "calculatedNetInterest": 0, "calculatedOtherIncome": -109800000, "calculatedIncomeNonControlling": 19000000, "calculatedEbitda": 343700000}, {"date": "1997-09-30", "symbol": "PTC", "reportedCurrency": "USD", "cik": "0000857005", "fillingDate": "1997-12-29", "acceptedDate": "1997-12-29 00:00:00", "calendarYear": "1997", "period": "FY", "revenue": 808800000, "costOfRevenue": 54100000, "grossProfit": 754700000, "grossProfitRatio": 0.9331107814, "researchAndDevelopmentExpenses": 53200000, "generalAndAdministrativeExpenses": 0, "sellingAndMarketingExpenses": 0, "sellingGeneralAndAdministrativeExpenses": 352500000, "otherExpenses": 22400000, "operatingExpenses": 428100000, "costAndExpenses": 482200000, "interestIncome": 0, "interestExpense": 0, "depreciationAndAmortization": 22400000, "ebitda": 338400000, "ebitdaratio": 0.4183976261, "operatingIncome": 326600000, "operatingIncomeRatio": 0.4038081108, "totalOtherIncomeExpensesNet": 10600000, "incomeBeforeTax": 337200000, "incomeBeforeTaxRatio": 0.4169139466, "incomeTaxExpense": 118000000, "netIncome": 219200000, "netIncomeRatio": 0.2710187933, "eps": 2.06, "epsdiluted": 2, "weightedAverageShsOut": 106303030, "weightedAverageShsOutDil": 109625000, "link": "https://www.sec.gov/Archives/edgar/data/857005/000092701697003474/0000927016-97-003474-index.html", "finalLink": "https://www.sec.gov/Archives/edgar/data/857005/", "calculatedOtherExpenses": 22400000, "calculatedOperatingExpenses": 428100000, "calculatedNetInterest": 0, "calculatedOtherIncome": 10600000, "calculatedIncomeNonControlling": 0, "calculatedEbitda": 349000000}, {"date": "1996-09-30", "symbol": "PTC", "reportedCurrency": "USD", "cik": "0000857005", "fillingDate": "1996-12-24", "acceptedDate": "1996-12-24 00:00:00", "calendarYear": "1996", "period": "FY", "revenue": 600100000, "costOfRevenue": 39700000, "grossProfit": 560400000, "grossProfitRatio": 0.9338443593, "researchAndDevelopmentExpenses": 39500000, "generalAndAdministrativeExpenses": 0, "sellingAndMarketingExpenses": 0, "sellingGeneralAndAdministrativeExpenses": 267500000, "otherExpenses": 16800000, "operatingExpenses": 323800000, "costAndExpenses": 363500000, "interestIncome": 0, "interestExpense": 0, "depreciationAndAmortization": 16800000, "ebitda": 274000000, "ebitdaratio": 0.4565905682, "operatingIncome": 236600000, "operatingIncomeRatio": 0.3942676221, "totalOtherIncomeExpensesNet": -20600000, "incomeBeforeTax": 216100000, "incomeBeforeTaxRatio": 0.3601066489, "incomeTaxExpense": 78200000, "netIncome": 137900000, "netIncomeRatio": 0.2297950342, "eps": 1.3, "epsdiluted": 1.23, "weightedAverageShsOut": 106400000, "weightedAverageShsOutDil": 112000000, "link": "https://www.sec.gov/Archives/edgar/data/857005/000092701696002061/0000927016-96-002061-index.html", "finalLink": "https://www.sec.gov/Archives/edgar/data/857005/", "calculatedOtherExpenses": 16800000, "calculatedOperatingExpenses": 323800000, "calculatedNetInterest": 0, "calculatedOtherIncome": -20500000, "calculatedIncomeNonControlling": 0, "calculatedEbitda": 253400000}, {"date": "1995-09-30", "symbol": "PTC", "reportedCurrency": "USD", "cik": "0000857005", "fillingDate": "1995-12-28", "acceptedDate": "1995-12-28 00:00:00", "calendarYear": "1995", "period": "FY", "revenue": 394300000, "costOfRevenue": 26800000, "grossProfit": 367500000, "grossProfitRatio": 0.9320314481, "researchAndDevelopmentExpenses": 25600000, "generalAndAdministrativeExpenses": 0, "sellingAndMarketingExpenses": 0, "sellingGeneralAndAdministrativeExpenses": 184300000, "otherExpenses": 9500000, "operatingExpenses": 219400000, "costAndExpenses": 246200000, "interestIncome": 0, "interestExpense": 0, "depreciationAndAmortization": 9500000, "ebitda": 178000000, "ebitdaratio": 0.4514329191, "operatingIncome": 148100000, "operatingIncomeRatio": 0.3756023332, "totalOtherIncomeExpensesNet": -20400000, "incomeBeforeTax": 127700000, "incomeBeforeTaxRatio": 0.3238650774, "incomeTaxExpense": 50300000, "netIncome": 77400000, "netIncomeRatio": 0.1962972356, "eps": 0.75, "epsdiluted": 0.75, "weightedAverageShsOut": 103236800, "weightedAverageShsOutDil": 103236800, "link": "https://www.sec.gov/Archives/edgar/data/857005/000095010995005433/0000950109-95-005433-index.html", "finalLink": "https://www.sec.gov/Archives/edgar/data/857005/", "calculatedOtherExpenses": 9500000, "calculatedOperatingExpenses": 219400000, "calculatedNetInterest": 0, "calculatedOtherIncome": -20400000, "calculatedIncomeNonControlling": 0, "calculatedEbitda": 157600000}, {"date": "1994-09-30", "symbol": "PTC", "reportedCurrency": "USD", "cik": "0000857005", "fillingDate": "1994-09-30", "acceptedDate": "1994-09-30 00:00:00", "calendarYear": "1994", "period": "FY", "revenue": 244300000, "costOfRevenue": 13700000, "grossProfit": 230600000, "grossProfitRatio": 0.9439214081, "researchAndDevelopmentExpenses": 15400000, "generalAndAdministrativeExpenses": 0, "sellingAndMarketingExpenses": 0, "sellingGeneralAndAdministrativeExpenses": 107800000, "otherExpenses": 5200000, "operatingExpenses": 128400000, "costAndExpenses": 142100000, "interestIncome": 0, "interestExpense": 0, "depreciationAndAmortization": 5200000, "ebitda": 102700000, "ebitdaratio": 0.4203847728, "operatingIncome": 102200000, "operatingIncomeRatio": 0.4183381089, "totalOtherIncomeExpensesNet": 4700000, "incomeBeforeTax": 106900000, "incomeBeforeTaxRatio": 0.4375767499, "incomeTaxExpense": 40000000, "netIncome": 66900000, "netIncomeRatio": 0.2738436349, "eps": 0.73, "epsdiluted": 0.73, "weightedAverageShsOut": 92000000, "weightedAverageShsOutDil": 92000000, "link": null, "finalLink": null, "calculatedOtherExpenses": 5200000, "calculatedOperatingExpenses": 128400000, "calculatedNetInterest": 0, "calculatedOtherIncome": 4700000, "calculatedIncomeNonControlling": 0, "calculatedEbitda": 107400000}, {"date": "1993-09-30", "symbol": "PTC", "reportedCurrency": "USD", "cik": "0000857005", "fillingDate": "1993-09-30", "acceptedDate": "1993-09-30 00:00:00", "calendarYear": "1993", "period": "FY", "revenue": 163100000, "costOfRevenue": 7200000, "grossProfit": 155900000, "grossProfitRatio": 0.9558553035, "researchAndDevelopmentExpenses": 0, "generalAndAdministrativeExpenses": 0, "sellingAndMarketingExpenses": 0, "sellingGeneralAndAdministrativeExpenses": 86400000, "otherExpenses": 3300000, "operatingExpenses": 89700000, "costAndExpenses": 96900000, "interestIncome": 0, "interestExpense": 0, "depreciationAndAmortization": 3300000, "ebitda": 66600000, "ebitdaratio": 0.4083384427, "operatingIncome": 66200000, "operatingIncomeRatio": 0.4058859595, "totalOtherIncomeExpensesNet": 2900000, "incomeBeforeTax": 68400000, "incomeBeforeTaxRatio": 0.4193746168, "incomeTaxExpense": 25500000, "netIncome": 42900000, "netIncomeRatio": 0.2630288167, "eps": 0.48, "epsdiluted": 0.48, "weightedAverageShsOut": 90315789, "weightedAverageShsOutDil": 90315789, "link": null, "finalLink": null, "calculatedOtherExpenses": 3300000, "calculatedOperatingExpenses": 89700000, "calculatedNetInterest": 0, "calculatedOtherIncome": 2200000, "calculatedIncomeNonControlling": 0, "calculatedEbitda": 69500000}, {"date": "1992-09-30", "symbol": "PTC", "reportedCurrency": "USD", "cik": "0000857005", "fillingDate": "1992-09-30", "acceptedDate": "1992-09-30 00:00:00", "calendarYear": "1992", "period": "FY", "revenue": 86700000, "costOfRevenue": 3100000, "grossProfit": 83600000, "grossProfitRatio": 0.9642445213, "researchAndDevelopmentExpenses": 0, "generalAndAdministrativeExpenses": 0, "sellingAndMarketingExpenses": 0, "sellingGeneralAndAdministrativeExpenses": 50800000, "otherExpenses": 1800000, "operatingExpenses": 52600000, "costAndExpenses": 55700000, "interestIncome": 0, "interestExpense": 0, "depreciationAndAmortization": 1800000, "ebitda": 30600000, "ebitdaratio": 0.3529411765, "operatingIncome": 31000000, "operatingIncomeRatio": 0.3575547866, "totalOtherIncomeExpensesNet": 2200000, "incomeBeforeTax": 33300000, "incomeBeforeTaxRatio": 0.384083045, "incomeTaxExpense": 12200000, "netIncome": 21100000, "netIncomeRatio": 0.2433679354, "eps": 0.25, "epsdiluted": 0.25, "weightedAverageShsOut": 84400000, "weightedAverageShsOutDil": 84400000, "link": null, "finalLink": null, "calculatedOtherExpenses": 1800000, "calculatedOperatingExpenses": 52600000, "calculatedNetInterest": 0, "calculatedOtherIncome": 2300000, "calculatedIncomeNonControlling": 0, "calculatedEbitda": 32800000}, {"date": "1991-09-30", "symbol": "PTC", "reportedCurrency": "USD", "cik": "0000857005", "fillingDate": "1991-09-30", "acceptedDate": "1991-09-30 00:00:00", "calendarYear": "1991", "period": "FY", "revenue": 44700000, "costOfRevenue": 1900000, "grossProfit": 42800000, "grossProfitRatio": 0.9574944072, "researchAndDevelopmentExpenses": 0, "generalAndAdministrativeExpenses": 0, "sellingAndMarketingExpenses": 0, "sellingGeneralAndAdministrativeExpenses": 27400000, "otherExpenses": 1000000, "operatingExpenses": 28400000, "costAndExpenses": 30300000, "interestIncome": 0, "interestExpense": 0, "depreciationAndAmortization": 1000000, "ebitda": 13900000, "ebitdaratio": 0.3109619687, "operatingIncome": 14400000, "operatingIncomeRatio": 0.322147651, "totalOtherIncomeExpensesNet": 1500000, "incomeBeforeTax": 15900000, "incomeBeforeTaxRatio": 0.355704698, "incomeTaxExpense": 5600000, "netIncome": 10300000, "netIncomeRatio": 0.2304250559, "eps": 0.13, "epsdiluted": 0.13, "weightedAverageShsOut": 82400000, "weightedAverageShsOutDil": 82400000, "link": null, "finalLink": null, "calculatedOtherExpenses": 1000000, "calculatedOperatingExpenses": 28400000, "calculatedNetInterest": 0, "calculatedOtherIncome": 1500000, "calculatedIncomeNonControlling": 0, "calculatedEbitda": 15400000}, {"date": "1990-09-30", "symbol": "PTC", "reportedCurrency": "USD", "cik": "0000857005", "fillingDate": "1990-09-30", "acceptedDate": "1990-09-30 00:00:00", "calendarYear": "1990", "period": "FY", "revenue": 25500000, "costOfRevenue": 11100000, "grossProfit": 14400000, "grossProfitRatio": 0.5647058824, "researchAndDevelopmentExpenses": 0, "generalAndAdministrativeExpenses": 0, "sellingAndMarketingExpenses": 0, "sellingGeneralAndAdministrativeExpenses": 6200000, "otherExpenses": 700000, "operatingExpenses": 6900000, "costAndExpenses": 18000000, "interestIncome": 0, "interestExpense": 0, "depreciationAndAmortization": 700000, "ebitda": 7000000, "ebitdaratio": 0.2745098039, "operatingIncome": 7500000, "operatingIncomeRatio": 0.2941176471, "totalOtherIncomeExpensesNet": 1200000, "incomeBeforeTax": 8600000, "incomeBeforeTaxRatio": 0.337254902, "incomeTaxExpense": 3000000, "netIncome": 5600000, "netIncomeRatio": 0.2196078431, "eps": 0.075, "epsdiluted": 0.075, "weightedAverageShsOut": 74666667, "weightedAverageShsOutDil": 74666667, "link": null, "finalLink": null, "calculatedOtherExpenses": 700000, "calculatedOperatingExpenses": 6900000, "calculatedNetInterest": 0, "calculatedOtherIncome": 1100000, "calculatedIncomeNonControlling": 0, "calculatedEbitda": 8200000}, {"date": "1989-09-30", "symbol": "PTC", "reportedCurrency": "USD", "cik": "0000857005", "fillingDate": "1989-09-30", "acceptedDate": "1989-09-30 00:00:00", "calendarYear": "1989", "period": "FY", "revenue": 11000000, "costOfRevenue": 4700000, "grossProfit": 6300000, "grossProfitRatio": 0.5727272727, "researchAndDevelopmentExpenses": 0, "generalAndAdministrativeExpenses": 0, "sellingAndMarketingExpenses": 0, "sellingGeneralAndAdministrativeExpenses": 3600000, "otherExpenses": 500000, "operatingExpenses": 4100000, "costAndExpenses": 8800000, "interestIncome": 0, "interestExpense": 0, "depreciationAndAmortization": 500000, "ebitda": 2500000, "ebitdaratio": 0.2272727273, "operatingIncome": 2200000, "operatingIncomeRatio": 0.2, "totalOtherIncomeExpensesNet": 200000, "incomeBeforeTax": 2300000, "incomeBeforeTaxRatio": 0.2090909091, "incomeTaxExpense": 700000, "netIncome": 1600000, "netIncomeRatio": 0.1454545455, "eps": 0.0213, "epsdiluted": 0.0213, "weightedAverageShsOut": 75199180, "weightedAverageShsOutDil": 75199180, "link": null, "finalLink": null, "calculatedOtherExpenses": 500000, "calculatedOperatingExpenses": 4100000, "calculatedNetInterest": 0, "calculatedOtherIncome": 100000, "calculatedIncomeNonControlling": 0, "calculatedEbitda": 2700000}]}