{"originalCurrency": "USD", "convertedCurrency": "USD", "report": [{"date": "2023-12-31", "symbol": "PTCT", "reportedCurrency": "USD", "cik": "0001070081", "fillingDate": "2024-02-29", "acceptedDate": "2024-02-29 16:36:46", "calendarYear": "2023", "period": "FY", "revenue": 937822000, "costOfRevenue": 288121000, "grossProfit": 649701000, "grossProfitRatio": 0.6927764544, "researchAndDevelopmentExpenses": 666563000, "generalAndAdministrativeExpenses": 0, "sellingAndMarketingExpenses": 0, "sellingGeneralAndAdministrativeExpenses": 332540000, "otherExpenses": 10130000, "operatingExpenses": 999103000, "costAndExpenses": 1287224000, "interestIncome": 0, "interestExpense": 129180000, "depreciationAndAmortization": 236590000, "ebitda": -112812000, "ebitdaratio": -0.1202914839, "operatingIncome": -349402000, "operatingIncomeRatio": -0.3725675021, "totalOtherIncomeExpensesNet": -346708000, "incomeBeforeTax": -696110000, "incomeBeforeTaxRatio": -0.7422623909, "incomeTaxExpense": -69506000, "netIncome": -626604000, "netIncomeRatio": -0.6681481134, "eps": -8.37, "epsdiluted": -8.37, "weightedAverageShsOut": 74838392, "weightedAverageShsOutDil": 74838392, "link": "https://www.sec.gov/Archives/edgar/data/1070081/000155837024002196/0001558370-24-002196-index.htm", "finalLink": "https://www.sec.gov/Archives/edgar/data/1070081/000155837024002196/tmb-20231231x10k.htm", "calculatedOtherExpenses": 0, "calculatedOperatingExpenses": 999103000, "calculatedNetInterest": -129180000, "calculatedOtherIncome": -217528000, "calculatedIncomeNonControlling": 0, "calculatedEbitda": -112812000}, {"date": "2022-12-31", "symbol": "PTCT", "reportedCurrency": "USD", "cik": "0001070081", "fillingDate": "2023-02-21", "acceptedDate": "2023-02-21 16:50:48", "calendarYear": "2022", "period": "FY", "revenue": 698801000, "costOfRevenue": 44678000, "grossProfit": 654123000, "grossProfitRatio": 0.9360647738, "researchAndDevelopmentExpenses": 651496000, "generalAndAdministrativeExpenses": 0, "sellingAndMarketingExpenses": 0, "sellingGeneralAndAdministrativeExpenses": 325998000, "otherExpenses": 116554000, "operatingExpenses": 1094048000, "costAndExpenses": 1138726000, "interestIncome": 90871000, "interestExpense": 90871000, "depreciationAndAmortization": 67347000, "ebitda": -372578000, "ebitdaratio": -0.5331675255, "operatingIncome": -439925000, "operatingIncomeRatio": -0.6295426023, "totalOtherIncomeExpensesNet": -147562000, "incomeBeforeTax": -587487000, "incomeBeforeTaxRatio": -0.8407071541, "incomeTaxExpense": -28470000, "netIncome": -559017000, "netIncomeRatio": -0.7999659417, "eps": -7.79, "epsdiluted": -7.79, "weightedAverageShsOut": 71728634, "weightedAverageShsOutDil": 71728634, "link": "https://www.sec.gov/Archives/edgar/data/1070081/000107008123000011/0001070081-23-000011-index.htm", "finalLink": "https://www.sec.gov/Archives/edgar/data/1070081/000107008123000011/tmb-20221231x10k.htm", "calculatedOtherExpenses": 116554000, "calculatedOperatingExpenses": 1094048000, "calculatedNetInterest": 0, "calculatedOtherIncome": -147562000, "calculatedIncomeNonControlling": 0, "calculatedEbitda": -372578000}, {"date": "2021-12-31", "symbol": "PTCT", "reportedCurrency": "USD", "cik": "0001070081", "fillingDate": "2022-02-22", "acceptedDate": "2022-02-22 16:36:07", "calendarYear": "2021", "period": "FY", "revenue": 538593000, "costOfRevenue": 32328000, "grossProfit": 506265000, "grossProfitRatio": 0.9399769399, "researchAndDevelopmentExpenses": 540684000, "generalAndAdministrativeExpenses": 0, "sellingAndMarketingExpenses": 0, "sellingGeneralAndAdministrativeExpenses": 285773000, "otherExpenses": 54751000, "operatingExpenses": 881208000, "costAndExpenses": 913536000, "interestIncome": 86022000, "interestExpense": 86022000, "depreciationAndAmortization": -3124000, "ebitda": -378067000, "ebitdaratio": -0.7019530517, "operatingIncome": -374943000, "operatingIncomeRatio": -0.6961527536, "totalOtherIncomeExpensesNet": -143397000, "incomeBeforeTax": -518340000, "incomeBeforeTaxRatio": -0.9623964663, "incomeTaxExpense": 5561000, "netIncome": -523901000, "netIncomeRatio": -0.972721517, "eps": -7.43, "epsdiluted": -7.43, "weightedAverageShsOut": 70466393, "weightedAverageShsOutDil": 70466393, "link": "https://www.sec.gov/Archives/edgar/data/1070081/000107008122000011/0001070081-22-000011-index.htm", "finalLink": "https://www.sec.gov/Archives/edgar/data/1070081/000107008122000011/ptct-20211231x10k.htm", "calculatedOtherExpenses": 54751000, "calculatedOperatingExpenses": 881208000, "calculatedNetInterest": 0, "calculatedOtherIncome": -143397000, "calculatedIncomeNonControlling": 0, "calculatedEbitda": -378067000}, {"date": "2020-12-31", "symbol": "PTCT", "reportedCurrency": "USD", "cik": "0001070081", "fillingDate": "2021-02-25", "acceptedDate": "2021-02-25 16:37:39", "calendarYear": "2020", "period": "FY", "revenue": 380766000, "costOfRevenue": 18942000, "grossProfit": 361824000, "grossProfitRatio": 0.9502529112, "researchAndDevelopmentExpenses": 477643000, "generalAndAdministrativeExpenses": 0, "sellingAndMarketingExpenses": 0, "sellingGeneralAndAdministrativeExpenses": 245164000, "otherExpenses": 36892000, "operatingExpenses": 759699000, "costAndExpenses": 778641000, "interestIncome": 56352000, "interestExpense": 56352000, "depreciationAndAmortization": 170060000, "ebitda": -227815000, "ebitdaratio": -0.5983070967, "operatingIncome": -397875000, "operatingIncomeRatio": -1.0449331085, "totalOtherIncomeExpensesNet": -5057000, "incomeBeforeTax": -402932000, "incomeBeforeTaxRatio": -1.0582142313, "incomeTaxExpense": 35228000, "netIncome": -438160000, "netIncomeRatio": -1.1507329961, "eps": -6.64, "epsdiluted": -6.64, "weightedAverageShsOut": 66027908, "weightedAverageShsOutDil": 66027908, "link": "https://www.sec.gov/Archives/edgar/data/1070081/000107008121000009/0001070081-21-000009-index.htm", "finalLink": "https://www.sec.gov/Archives/edgar/data/1070081/000107008121000009/ptct-20201231x10k.htm", "calculatedOtherExpenses": 36892000, "calculatedOperatingExpenses": 759699000, "calculatedNetInterest": 0, "calculatedOtherIncome": -5057000, "calculatedIncomeNonControlling": 0, "calculatedEbitda": -227815000}, {"date": "2019-12-31", "symbol": "PTCT", "reportedCurrency": "USD", "cik": "0001070081", "fillingDate": "2020-03-02", "acceptedDate": "2020-03-02 16:40:30", "calendarYear": "2019", "period": "FY", "revenue": 306980000, "costOfRevenue": 12135000, "grossProfit": 294845000, "grossProfitRatio": 0.9604697374, "researchAndDevelopmentExpenses": 257452000, "generalAndAdministrativeExpenses": 0, "sellingAndMarketingExpenses": 0, "sellingGeneralAndAdministrativeExpenses": 202541000, "otherExpenses": 27650000, "operatingExpenses": 487643000, "costAndExpenses": 499778000, "interestIncome": 12491000, "interestExpense": -12491000, "depreciationAndAmortization": 76010000, "ebitda": -116788000, "ebitdaratio": -0.3804417226, "operatingIncome": -192798000, "operatingIncomeRatio": -0.6280474298, "totalOtherIncomeExpensesNet": -47128000, "incomeBeforeTax": -239926000, "incomeBeforeTaxRatio": -0.7815688318, "incomeTaxExpense": 11650000, "netIncome": -251576000, "netIncomeRatio": -0.8195191869, "eps": -4.27, "epsdiluted": -4.27, "weightedAverageShsOut": 58863185, "weightedAverageShsOutDil": 58863185, "link": "https://www.sec.gov/Archives/edgar/data/1070081/000107008120000064/0001070081-20-000064-index.htm", "finalLink": "https://www.sec.gov/Archives/edgar/data/1070081/000107008120000064/ptct1231201910-k.htm", "calculatedOtherExpenses": 27650000, "calculatedOperatingExpenses": 487643000, "calculatedNetInterest": 24982000, "calculatedOtherIncome": -72110000, "calculatedIncomeNonControlling": 0, "calculatedEbitda": -116788000}, {"date": "2018-12-31", "symbol": "PTCT", "reportedCurrency": "USD", "cik": "0001070081", "fillingDate": "2019-03-01", "acceptedDate": "2019-03-01 09:03:16", "calendarYear": "2018", "period": "FY", "revenue": 264734000, "costOfRevenue": 12670000, "grossProfit": 252064000, "grossProfitRatio": 0.9521406393, "researchAndDevelopmentExpenses": 171984000, "generalAndAdministrativeExpenses": 153548000, "sellingAndMarketingExpenses": 0, "sellingGeneralAndAdministrativeExpenses": 153548000, "otherExpenses": 129000, "operatingExpenses": 348409000, "costAndExpenses": 361079000, "interestIncome": 0, "interestExpense": -12554000, "depreciationAndAmortization": 22877000, "ebitda": -54128000, "ebitdaratio": -0.2044618372, "operatingIncome": -115685000, "operatingIncomeRatio": -0.4369858046, "totalOtherIncomeExpensesNet": -19211000, "incomeBeforeTax": -128110000, "incomeBeforeTaxRatio": -0.4839197081, "incomeTaxExpense": -29000, "netIncome": -128081000, "netIncomeRatio": -0.4838101642, "eps": -2.75, "epsdiluted": -2.75, "weightedAverageShsOut": 46576313, "weightedAverageShsOutDil": 46576313, "link": "https://www.sec.gov/Archives/edgar/data/1070081/000107008119000018/0001070081-19-000018-index.htm", "finalLink": "https://www.sec.gov/Archives/edgar/data/1070081/000107008119000018/ptct1231201810-k.htm", "calculatedOtherExpenses": 42217000, "calculatedOperatingExpenses": 367749000, "calculatedNetInterest": 12554000, "calculatedOtherIncome": -24979000, "calculatedIncomeNonControlling": 0, "calculatedEbitda": -92808000}, {"date": "2017-12-31", "symbol": "PTCT", "reportedCurrency": "USD", "cik": "0001070081", "fillingDate": "2018-03-06", "acceptedDate": "2018-03-06 17:28:06", "calendarYear": "2017", "period": "FY", "revenue": 194392000, "costOfRevenue": 4577000, "grossProfit": 189815000, "grossProfitRatio": 0.9764547924, "researchAndDevelopmentExpenses": 117456000, "generalAndAdministrativeExpenses": 121271000, "sellingAndMarketingExpenses": 0, "sellingGeneralAndAdministrativeExpenses": 121271000, "otherExpenses": -1279000, "operatingExpenses": 254107000, "costAndExpenses": 258684000, "interestIncome": 0, "interestExpense": -12094000, "depreciationAndAmortization": 15380000, "ebitda": -48912000, "ebitdaratio": -0.2516152928, "operatingIncome": -64292000, "operatingIncomeRatio": -0.3307337751, "totalOtherIncomeExpensesNet": -1279000, "incomeBeforeTax": -77665000, "incomeBeforeTaxRatio": -0.3995277583, "incomeTaxExpense": 1335000, "netIncome": -79000000, "netIncomeRatio": -0.4063953249, "eps": -2.02, "epsdiluted": -2.02, "weightedAverageShsOut": 39108930, "weightedAverageShsOutDil": 39183073, "link": "https://www.sec.gov/Archives/edgar/data/1070081/000107008118000042/0001070081-18-000042-index.htm", "finalLink": "https://www.sec.gov/Archives/edgar/data/1070081/000107008118000042/ptct1231201710-k.htm", "calculatedOtherExpenses": 15380000, "calculatedOperatingExpenses": 254107000, "calculatedNetInterest": 12094000, "calculatedOtherIncome": -25467000, "calculatedIncomeNonControlling": 0, "calculatedEbitda": -48912000}, {"date": "2016-12-31", "symbol": "PTCT", "reportedCurrency": "USD", "cik": "0001070081", "fillingDate": "2017-03-16", "acceptedDate": "2017-03-16 09:13:15", "calendarYear": "2016", "period": "FY", "revenue": 82705000, "costOfRevenue": 0, "grossProfit": 82705000, "grossProfitRatio": 1, "researchAndDevelopmentExpenses": 117633000, "generalAndAdministrativeExpenses": 97130000, "sellingAndMarketingExpenses": 0, "sellingGeneralAndAdministrativeExpenses": 97130000, "otherExpenses": -1207000, "operatingExpenses": 214763000, "costAndExpenses": 214763000, "interestIncome": 0, "interestExpense": -8276000, "depreciationAndAmortization": 3290000, "ebitda": -132058000, "ebitdaratio": -1.5967353848, "operatingIncome": -132058000, "operatingIncomeRatio": -1.5967353848, "totalOtherIncomeExpensesNet": -1207000, "incomeBeforeTax": -141541000, "incomeBeforeTaxRatio": -1.7113959253, "incomeTaxExpense": 569000, "netIncome": -142110000, "netIncomeRatio": -1.7182757995, "eps": -4.17, "epsdiluted": -4.17, "weightedAverageShsOut": 34044584, "weightedAverageShsOutDil": 34044584, "link": "https://www.sec.gov/Archives/edgar/data/1070081/000107008117000062/0001070081-17-000062-index.htm", "finalLink": "https://www.sec.gov/Archives/edgar/data/1070081/000107008117000062/ptct1231201610-k.htm", "calculatedOtherExpenses": 0, "calculatedOperatingExpenses": 214763000, "calculatedNetInterest": 8276000, "calculatedOtherIncome": -17759000, "calculatedIncomeNonControlling": 0, "calculatedEbitda": -128768000}, {"date": "2015-12-31", "symbol": "PTCT", "reportedCurrency": "USD", "cik": "0001070081", "fillingDate": "2016-02-29", "acceptedDate": "2016-02-29 17:24:31", "calendarYear": "2015", "period": "FY", "revenue": 36766000, "costOfRevenue": 0, "grossProfit": 36766000, "grossProfitRatio": 1, "researchAndDevelopmentExpenses": 121816000, "generalAndAdministrativeExpenses": 82080000, "sellingAndMarketingExpenses": 0, "sellingGeneralAndAdministrativeExpenses": 82080000, "otherExpenses": -465000, "operatingExpenses": 203896000, "costAndExpenses": 203896000, "interestIncome": 0, "interestExpense": -2367000, "depreciationAndAmortization": 2876000, "ebitda": -167130000, "ebitdaratio": -4.5457759887, "operatingIncome": -167130000, "operatingIncomeRatio": -4.5457759887, "totalOtherIncomeExpensesNet": -465000, "incomeBeforeTax": -169962000, "incomeBeforeTaxRatio": -4.6228036773, "incomeTaxExpense": 485000, "netIncome": -170447000, "netIncomeRatio": -4.635995213, "eps": -5.07, "epsdiluted": -5.07, "weightedAverageShsOut": 33618744, "weightedAverageShsOutDil": 33626248, "link": "https://www.sec.gov/Archives/edgar/data/1070081/000104746916010589/0001047469-16-010589-index.htm", "finalLink": "https://www.sec.gov/Archives/edgar/data/1070081/000104746916010589/a2227494z10-k.htm", "calculatedOtherExpenses": 0, "calculatedOperatingExpenses": 203896000, "calculatedNetInterest": 2367000, "calculatedOtherIncome": -5199000, "calculatedIncomeNonControlling": 0, "calculatedEbitda": -164254000}, {"date": "2014-12-31", "symbol": "PTCT", "reportedCurrency": "USD", "cik": "0001070081", "fillingDate": "2015-03-02", "acceptedDate": "2015-03-02 07:47:29", "calendarYear": "2014", "period": "FY", "revenue": 22963000, "costOfRevenue": 79838000, "grossProfit": -56875000, "grossProfitRatio": 1.099377259068937, "researchAndDevelopmentExpenses": 79838000, "generalAndAdministrativeExpenses": 44820000, "sellingAndMarketingExpenses": 0, "sellingGeneralAndAdministrativeExpenses": 44820000, "otherExpenses": -213000, "operatingExpenses": 122376000, "costAndExpenses": 122376000, "interestIncome": 0, "interestExpense": 1180000, "depreciationAndAmortization": 2235000, "ebitda": -99413000, "ebitdaratio": -4.3292688238, "operatingIncome": -99413000, "operatingIncomeRatio": -4.3292688238, "totalOtherIncomeExpensesNet": -213000, "incomeBeforeTax": -98446000, "incomeBeforeTaxRatio": -4.2871576014, "incomeTaxExpense": -4693000, "netIncome": -93753000, "netIncomeRatio": -4.0827853503, "eps": -2.97, "epsdiluted": -2.97, "weightedAverageShsOut": 31565310, "weightedAverageShsOutDil": 31565310, "link": "https://www.sec.gov/Archives/edgar/data/1070081/000104746915001457/0001047469-15-001457-index.htm", "finalLink": "https://www.sec.gov/Archives/edgar/data/1070081/000104746915001457/a2223091z10-k.htm", "calculatedOtherExpenses": -82120000, "calculatedOperatingExpenses": 42538000, "calculatedNetInterest": -1180000, "calculatedOtherIncome": 2147000, "calculatedIncomeNonControlling": 0, "calculatedEbitda": -97178000}, {"date": "2013-12-31", "symbol": "PTCT", "reportedCurrency": "USD", "cik": "0001070081", "fillingDate": "2014-03-06", "acceptedDate": "2014-03-06 17:01:36", "calendarYear": "2013", "period": "FY", "revenue": 31326117, "costOfRevenue": 54875000, "grossProfit": -23548883, "grossProfitRatio": 1.1075846712824318, "researchAndDevelopmentExpenses": 54875144, "generalAndAdministrativeExpenses": 25218652, "sellingAndMarketingExpenses": 0, "sellingGeneralAndAdministrativeExpenses": 25218652, "otherExpenses": 37512, "operatingExpenses": 76723586, "costAndExpenses": 76723586, "interestIncome": 0, "interestExpense": 0, "depreciationAndAmortization": 2396405, "ebitda": -42871101, "ebitdaratio": -1.3685418145, "operatingIncome": -45397469, "operatingIncomeRatio": -1.4491891542, "totalOtherIncomeExpensesNet": -92451, "incomeBeforeTax": -51573575, "incomeBeforeTaxRatio": -1.6463443267, "incomeTaxExpense": 6213618, "netIncome": -51573575, "netIncomeRatio": -1.6463443267, "eps": -4.02, "epsdiluted": -4.02, "weightedAverageShsOut": 12824710, "weightedAverageShsOutDil": 12829411, "link": "https://www.sec.gov/Archives/edgar/data/1070081/000104746914001914/0001047469-14-001914-index.htm", "finalLink": "https://www.sec.gov/Archives/edgar/data/1070081/000104746914001914/a2218675z10-k.htm", "calculatedOtherExpenses": -58245210, "calculatedOperatingExpenses": 21848586, "calculatedNetInterest": 0, "calculatedOtherIncome": -6176106, "calculatedIncomeNonControlling": -6213618, "calculatedEbitda": -43001064}, {"date": "2012-12-31", "symbol": "PTCT", "reportedCurrency": "USD", "cik": "0001070081", "fillingDate": "2012-12-31", "acceptedDate": "2012-12-30 19:00:00", "calendarYear": "2012", "period": "FY", "revenue": 28779078, "costOfRevenue": -5166985, "grossProfit": 33946063, "grossProfitRatio": 1.1795396294, "researchAndDevelopmentExpenses": 46138868, "generalAndAdministrativeExpenses": 14615376, "sellingAndMarketingExpenses": 0, "sellingGeneralAndAdministrativeExpenses": 14615376, "otherExpenses": 1782656, "operatingExpenses": 55587259, "costAndExpenses": 55587259, "interestIncome": 0, "interestExpense": 0, "depreciationAndAmortization": 2704151, "ebitda": -24104030, "ebitdaratio": -0.8375539341, "operatingIncome": -26808181, "operatingIncomeRatio": -0.9315163259, "totalOtherIncomeExpensesNet": 1782656, "incomeBeforeTax": -26235102, "incomeBeforeTaxRatio": -0.9116032835, "incomeTaxExpense": 1209577, "netIncome": -26235102, "netIncomeRatio": -0.9116032835, "eps": -1.85, "epsdiluted": -1.11, "weightedAverageShsOut": 14188161, "weightedAverageShsOutDil": 23678190, "link": "", "finalLink": "", "calculatedOtherExpenses": 0, "calculatedOperatingExpenses": 60754244, "calculatedNetInterest": 0, "calculatedOtherIncome": 573079, "calculatedIncomeNonControlling": -1209577, "calculatedEbitda": -24104030}, {"date": "2011-12-31", "symbol": "PTCT", "reportedCurrency": "USD", "cik": "0001070081", "fillingDate": "2011-12-31", "acceptedDate": "2011-12-30 19:00:00", "calendarYear": "2011", "period": "FY", "revenue": 98960851, "costOfRevenue": 0, "grossProfit": 98960851, "grossProfitRatio": 1, "researchAndDevelopmentExpenses": 58677081, "generalAndAdministrativeExpenses": 16153069, "sellingAndMarketingExpenses": 0, "sellingGeneralAndAdministrativeExpenses": 16153069, "otherExpenses": 461358, "operatingExpenses": 68378854, "costAndExpenses": 68378854, "interestIncome": 0, "interestExpense": 0, "depreciationAndAmortization": 2871200, "ebitda": 33453197, "ebitdaratio": 0.3380447587, "operatingIncome": 30581997, "operatingIncomeRatio": 0.3090312653, "totalOtherIncomeExpensesNet": 461358, "incomeBeforeTax": 28598938, "incomeBeforeTaxRatio": 0.2889924421, "incomeTaxExpense": -2305576, "netIncome": 30904514, "netIncomeRatio": 0.3122903015, "eps": 0.0018, "epsdiluted": 0.0011, "weightedAverageShsOut": 14188161, "weightedAverageShsOutDil": 23678190, "link": "", "finalLink": "", "calculatedOtherExpenses": -6451296, "calculatedOperatingExpenses": 68378854, "calculatedNetInterest": 0, "calculatedOtherIncome": -1983059, "calculatedIncomeNonControlling": 0, "calculatedEbitda": 33453197}]}