{"originalCurrency": "USD", "convertedCurrency": "USD", "report": [{"date": "2023-12-31", "symbol": "PTEN", "reportedCurrency": "USD", "cik": "0000889900", "fillingDate": "2024-02-27", "acceptedDate": "2024-02-27 08:58:59", "calendarYear": "2023", "period": "FY", "revenue": 4146456000, "costOfRevenue": 3542735000, "grossProfit": 603721000, "grossProfitRatio": 0.145599278, "researchAndDevelopmentExpenses": 0, "generalAndAdministrativeExpenses": 169962000, "sellingAndMarketingExpenses": 842000, "sellingGeneralAndAdministrativeExpenses": 170804000, "otherExpenses": 1898000, "operatingExpenses": 170804000, "costAndExpenses": 3713539000, "interestIncome": 6122000, "interestExpense": 52870000, "depreciationAndAmortization": 731416000, "ebitda": 1164333000, "ebitdaratio": 0.2808019668, "operatingIncome": 432917000, "operatingIncomeRatio": 0.10440651, "totalOtherIncomeExpensesNet": -125813000, "incomeBeforeTax": 307104000, "incomeBeforeTaxRatio": 0.0740642129, "incomeTaxExpense": 61152000, "netIncome": 246292000, "netIncomeRatio": 0.0593981945, "eps": 0.88, "epsdiluted": 0.88, "weightedAverageShsOut": 279501000, "weightedAverageShsOutDil": 280061000, "link": "https://www.sec.gov/Archives/edgar/data/889900/000095017024020661/0000950170-24-020661-index.htm", "finalLink": "https://www.sec.gov/Archives/edgar/data/889900/000095017024020661/pten-20231231.htm", "calculatedOtherExpenses": 0, "calculatedOperatingExpenses": 170804000, "calculatedNetInterest": -46748000, "calculatedOtherIncome": -79065000, "calculatedIncomeNonControlling": -340000, "calculatedEbitda": 1164333000}, {"date": "2022-12-31", "symbol": "PTEN", "reportedCurrency": "USD", "cik": "0000889900", "fillingDate": "2023-02-13", "acceptedDate": "2023-02-13 16:26:15", "calendarYear": "2022", "period": "FY", "revenue": 2647592000, "costOfRevenue": 2330495000, "grossProfit": 317097000, "grossProfitRatio": 0.119768076, "researchAndDevelopmentExpenses": 992000, "generalAndAdministrativeExpenses": 116589000, "sellingAndMarketingExpenses": 0, "sellingGeneralAndAdministrativeExpenses": 116589000, "otherExpenses": -12592000, "operatingExpenses": 103997000, "costAndExpenses": 2434492000, "interestIncome": 360000, "interestExpense": 40256000, "depreciationAndAmortization": 483945000, "ebitda": 210187000, "ebitdaratio": 0.0793879873, "operatingIncome": -273758000, "operatingIncomeRatio": -0.1033988621, "totalOtherIncomeExpensesNet": 441620000, "incomeBeforeTax": 167862000, "incomeBeforeTaxRatio": 0.0634017628, "incomeTaxExpense": 13204000, "netIncome": 154658000, "netIncomeRatio": 0.0584145896, "eps": 0.72, "epsdiluted": 0.7, "weightedAverageShsOut": 215935000, "weightedAverageShsOutDil": 219496000, "link": "https://www.sec.gov/Archives/edgar/data/889900/000095017023002618/0000950170-23-002618-index.htm", "finalLink": "https://www.sec.gov/Archives/edgar/data/889900/000095017023002618/pten-20221231.htm", "calculatedOtherExpenses": 473274000, "calculatedOperatingExpenses": 590855000, "calculatedNetInterest": -39896000, "calculatedOtherIncome": 481516000, "calculatedIncomeNonControlling": 0, "calculatedEbitda": 210187000}, {"date": "2021-12-31", "symbol": "PTEN", "reportedCurrency": "USD", "cik": "0000889900", "fillingDate": "2022-02-16", "acceptedDate": "2022-02-16 16:04:06", "calendarYear": "2021", "period": "FY", "revenue": 1357081000, "costOfRevenue": 1931126000, "grossProfit": -574045000, "grossProfitRatio": -0.4229998062, "researchAndDevelopmentExpenses": 1371000, "generalAndAdministrativeExpenses": 92382000, "sellingAndMarketingExpenses": 0, "sellingGeneralAndAdministrativeExpenses": 92382000, "otherExpenses": 763000, "operatingExpenses": 93145000, "costAndExpenses": 2024271000, "interestIncome": 222000, "interestExpense": 41978000, "depreciationAndAmortization": 10507000, "ebitda": -667243000, "ebitdaratio": -0.4916751469, "operatingIncome": -677750000, "operatingIncomeRatio": -0.4994174998, "totalOtherIncomeExpensesNet": -42031000, "incomeBeforeTax": -719781000, "incomeBeforeTaxRatio": -0.5303891219, "incomeTaxExpense": -62702000, "netIncome": -657079000, "netIncomeRatio": -0.4841855424, "eps": -3.37, "epsdiluted": -3.37, "weightedAverageShsOut": 195021000, "weightedAverageShsOutDil": 195021000, "link": "https://www.sec.gov/Archives/edgar/data/889900/000095017022001347/0000950170-22-001347-index.htm", "finalLink": "https://www.sec.gov/Archives/edgar/data/889900/000095017022001347/pten-20211231.htm", "calculatedOtherExpenses": 9952000, "calculatedOperatingExpenses": 103705000, "calculatedNetInterest": -41756000, "calculatedOtherIncome": -275000, "calculatedIncomeNonControlling": 0, "calculatedEbitda": -667243000}, {"date": "2020-12-31", "symbol": "PTEN", "reportedCurrency": "USD", "cik": "0000889900", "fillingDate": "2021-02-09", "acceptedDate": "2021-02-09 17:08:06", "calendarYear": "2020", "period": "FY", "revenue": 1124249000, "costOfRevenue": 1472833000, "grossProfit": -348584000, "grossProfitRatio": -0.3100594263, "researchAndDevelopmentExpenses": 3411000, "generalAndAdministrativeExpenses": 97611000, "sellingAndMarketingExpenses": 0, "sellingGeneralAndAdministrativeExpenses": 97611000, "otherExpenses": 7059000, "operatingExpenses": 104670000, "costAndExpenses": 1577503000, "interestIncome": 1254000, "interestExpense": 40770000, "depreciationAndAmortization": 441014000, "ebitda": -451244000, "ebitdaratio": -0.401373717, "operatingIncome": -892258000, "operatingIncomeRatio": -0.7936480264, "totalOtherIncomeExpensesNet": -38760000, "incomeBeforeTax": -931018000, "incomeBeforeTaxRatio": -0.8281243746, "incomeTaxExpense": -127326000, "netIncome": -803692000, "netIncomeRatio": -0.7148701044, "eps": -4.27, "epsdiluted": -4.27, "weightedAverageShsOut": 188013000, "weightedAverageShsOutDil": 188013000, "link": "https://www.sec.gov/Archives/edgar/data/889900/000156459021005045/0001564590-21-005045-index.htm", "finalLink": "https://www.sec.gov/Archives/edgar/data/889900/000156459021005045/pten-10k_20201231.htm", "calculatedOtherExpenses": 442652000, "calculatedOperatingExpenses": 543674000, "calculatedNetInterest": -39516000, "calculatedOtherIncome": 756000, "calculatedIncomeNonControlling": 0, "calculatedEbitda": -451244000}, {"date": "2019-12-31", "symbol": "PTEN", "reportedCurrency": "USD", "cik": "0000889900", "fillingDate": "2020-02-13", "acceptedDate": "2020-02-13 16:03:59", "calendarYear": "2019", "period": "FY", "revenue": 2470685000, "costOfRevenue": 2777570000, "grossProfit": -306885000, "grossProfitRatio": -0.1242104922, "researchAndDevelopmentExpenses": 3840000, "generalAndAdministrativeExpenses": 133513000, "sellingAndMarketingExpenses": 0, "sellingGeneralAndAdministrativeExpenses": 133513000, "otherExpenses": -462000, "operatingExpenses": 136891000, "costAndExpenses": 2914461000, "interestIncome": 6013000, "interestExpense": 75204000, "depreciationAndAmortization": 24202000, "ebitda": -437374000, "ebitdaratio": -0.1770253998, "operatingIncome": -461576000, "operatingIncomeRatio": -0.1868210638, "totalOtherIncomeExpensesNet": -68802000, "incomeBeforeTax": -530378000, "incomeBeforeTaxRatio": -0.2146684017, "incomeTaxExpense": -104675000, "netIncome": -425703000, "netIncomeRatio": -0.1723016087, "eps": -2.1, "epsdiluted": -2.1, "weightedAverageShsOut": 203039000, "weightedAverageShsOutDil": 203039000, "link": "https://www.sec.gov/Archives/edgar/data/889900/000156459020004584/0001564590-20-004584-index.htm", "finalLink": "https://www.sec.gov/Archives/edgar/data/889900/000156459020004584/pten-10k_20191231.htm", "calculatedOtherExpenses": 17338000, "calculatedOperatingExpenses": 154691000, "calculatedNetInterest": -69191000, "calculatedOtherIncome": 389000, "calculatedIncomeNonControlling": 0, "calculatedEbitda": -437374000}, {"date": "2018-12-31", "symbol": "PTEN", "reportedCurrency": "USD", "cik": "0000889900", "fillingDate": "2019-02-13", "acceptedDate": "2019-02-13 17:12:39", "calendarYear": "2018", "period": "FY", "revenue": 3326997000, "costOfRevenue": 3318805000, "grossProfit": 8192000, "grossProfitRatio": 0.0024622805, "researchAndDevelopmentExpenses": 3444000, "generalAndAdministrativeExpenses": 134071000, "sellingAndMarketingExpenses": 12684000, "sellingGeneralAndAdministrativeExpenses": 134071000, "otherExpenses": 750000, "operatingExpenses": 116502000, "costAndExpenses": 3435307000, "interestIncome": 5597000, "interestExpense": 51578000, "depreciationAndAmortization": 916318000, "ebitda": -101963000, "ebitdaratio": -0.0306471572, "operatingIncome": -322177000, "operatingIncomeRatio": -0.0968371778, "totalOtherIncomeExpensesNet": -213117000, "incomeBeforeTax": -367408000, "incomeBeforeTaxRatio": -0.1104323208, "incomeTaxExpense": -45987000, "netIncome": -321421000, "netIncomeRatio": -0.0966099458, "eps": -1.47, "epsdiluted": -1.47, "weightedAverageShsOut": 218643000, "weightedAverageShsOutDil": 218643000, "link": "https://www.sec.gov/Archives/edgar/data/889900/000156459019002863/0001564590-19-002863-index.htm", "finalLink": "https://www.sec.gov/Archives/edgar/data/889900/000156459019002863/pten-10k_20181231.htm", "calculatedOtherExpenses": 192854000, "calculatedOperatingExpenses": 330369000, "calculatedNetInterest": -45981000, "calculatedOtherIncome": 750000, "calculatedIncomeNonControlling": 0, "calculatedEbitda": 594141000}, {"date": "2017-12-31", "symbol": "PTEN", "reportedCurrency": "USD", "cik": "0000889900", "fillingDate": "2018-02-20", "acceptedDate": "2018-02-20 16:42:20", "calendarYear": "2017", "period": "FY", "revenue": 2356684000, "costOfRevenue": 2500881000, "grossProfit": -144197000, "grossProfitRatio": -0.0611863958, "researchAndDevelopmentExpenses": 0, "generalAndAdministrativeExpenses": 105847000, "sellingAndMarketingExpenses": 0, "sellingGeneralAndAdministrativeExpenses": 105847000, "otherExpenses": 343000, "operatingExpenses": 73890000, "costAndExpenses": 2574771000, "interestIncome": 1866000, "interestExpense": 37472000, "depreciationAndAmortization": 783341000, "ebitda": -215878000, "ebitdaratio": -0.091602438, "operatingIncome": -292538000, "operatingIncomeRatio": -0.1241311945, "totalOtherIncomeExpensesNet": -74108000, "incomeBeforeTax": -327801000, "incomeBeforeTaxRatio": -0.1390941679, "incomeTaxExpense": -333711000, "netIncome": 5910000, "netIncomeRatio": 0.0025077609, "eps": 0.03, "epsdiluted": 0.03, "weightedAverageShsOut": 198447000, "weightedAverageShsOutDil": 199882000, "link": "https://www.sec.gov/Archives/edgar/data/889900/000156459018002481/0001564590-18-002481-index.htm", "finalLink": "https://www.sec.gov/Archives/edgar/data/889900/000156459018002481/pten-10k_20171231.htm", "calculatedOtherExpenses": 42494000, "calculatedOperatingExpenses": 148341000, "calculatedNetInterest": -35606000, "calculatedOtherIncome": 343000, "calculatedIncomeNonControlling": 0, "calculatedEbitda": 490803000}, {"date": "2016-12-31", "symbol": "PTEN", "reportedCurrency": "USD", "cik": "0000889900", "fillingDate": "2017-02-13", "acceptedDate": "2017-02-13 16:02:23", "calendarYear": "2016", "period": "FY", "revenue": 915866000, "costOfRevenue": 1317210000, "grossProfit": -401344000, "grossProfitRatio": -0.4382125769, "researchAndDevelopmentExpenses": 0, "generalAndAdministrativeExpenses": 69205000, "sellingAndMarketingExpenses": 0, "sellingGeneralAndAdministrativeExpenses": 69205000, "otherExpenses": 69000, "operatingExpenses": 54882000, "costAndExpenses": 1372092000, "interestIncome": 327000, "interestExpense": 40366000, "depreciationAndAmortization": 668434000, "ebitda": -455830000, "ebitdaratio": -0.4977038126, "operatingIncome": -456226000, "operatingIncomeRatio": -0.4981361902, "totalOtherIncomeExpensesNet": 69000, "incomeBeforeTax": -496196000, "incomeBeforeTaxRatio": -0.5417779457, "incomeTaxExpense": -177562000, "netIncome": -318634000, "netIncomeRatio": -0.3479046061, "eps": -2.18, "epsdiluted": -2.18, "weightedAverageShsOut": 146162385, "weightedAverageShsOutDil": 146178000, "link": "https://www.sec.gov/Archives/edgar/data/889900/000156459017001437/0001564590-17-001437-index.htm", "finalLink": "https://www.sec.gov/Archives/edgar/data/889900/000156459017001437/pten-10k_20161231.htm", "calculatedOtherExpenses": -14323000, "calculatedOperatingExpenses": 54882000, "calculatedNetInterest": -40039000, "calculatedOtherIncome": 69000, "calculatedIncomeNonControlling": 0, "calculatedEbitda": 212208000}, {"date": "2015-12-31", "symbol": "PTEN", "reportedCurrency": "USD", "cik": "0000889900", "fillingDate": "2016-02-10", "acceptedDate": "2016-02-10 16:53:13", "calendarYear": "2015", "period": "FY", "revenue": 1891277000, "costOfRevenue": 2097128000, "grossProfit": -205851000, "grossProfitRatio": -0.1088423325, "researchAndDevelopmentExpenses": 0, "generalAndAdministrativeExpenses": 87173000, "sellingAndMarketingExpenses": 0, "sellingGeneralAndAdministrativeExpenses": 87173000, "otherExpenses": 34000, "operatingExpenses": 87173000, "costAndExpenses": 2184301000, "interestIncome": 964000, "interestExpense": 36475000, "depreciationAndAmortization": 864759000, "ebitda": -292026000, "ebitdaratio": -0.1544067844, "operatingIncome": -406972000, "operatingIncomeRatio": -0.2151837092, "totalOtherIncomeExpensesNet": -113914000, "incomeBeforeTax": -442449000, "incomeBeforeTaxRatio": -0.2339419345, "incomeTaxExpense": -147963000, "netIncome": -294486000, "netIncomeRatio": -0.1557074929, "eps": -2.03, "epsdiluted": -2.03, "weightedAverageShsOut": 145416000, "weightedAverageShsOutDil": 145416000, "link": "https://www.sec.gov/Archives/edgar/data/889900/000156459016012604/0001564590-16-012604-index.htm", "finalLink": "https://www.sec.gov/Archives/edgar/data/889900/000156459016012604/pten-10k_20151231.htm", "calculatedOtherExpenses": 113948000, "calculatedOperatingExpenses": 201121000, "calculatedNetInterest": -35511000, "calculatedOtherIncome": 34000, "calculatedIncomeNonControlling": 0, "calculatedEbitda": 457787000}, {"date": "2014-12-31", "symbol": "PTEN", "reportedCurrency": "USD", "cik": "0000889900", "fillingDate": "2015-02-12", "acceptedDate": "2015-02-12 06:10:55", "calendarYear": "2014", "period": "FY", "revenue": 3182291000, "costOfRevenue": 2834801000, "grossProfit": 347490000, "grossProfitRatio": 0.1091949165, "researchAndDevelopmentExpenses": 0, "generalAndAdministrativeExpenses": 80145000, "sellingAndMarketingExpenses": 0, "sellingGeneralAndAdministrativeExpenses": 80145000, "otherExpenses": 3000, "operatingExpenses": 80145000, "costAndExpenses": 2914946000, "interestIncome": 979000, "interestExpense": 29825000, "depreciationAndAmortization": 718730000, "ebitda": 268327000, "ebitdaratio": 0.0843188131, "operatingIncome": 283126000, "operatingIncomeRatio": 0.0889692363, "totalOtherIncomeExpensesNet": 15784000, "incomeBeforeTax": 254283000, "incomeBeforeTaxRatio": 0.0799056403, "incomeTaxExpense": 91619000, "netIncome": 162664000, "netIncomeRatio": 0.0511153757, "eps": 1.12, "epsdiluted": 1.11, "weightedAverageShsOut": 144066000, "weightedAverageShsOutDil": 145376000, "link": "https://www.sec.gov/Archives/edgar/data/889900/000156459015000634/0001564590-15-000634-index.htm", "finalLink": "https://www.sec.gov/Archives/edgar/data/889900/000156459015000634/pten-10k_20141231.htm", "calculatedOtherExpenses": -15781000, "calculatedOperatingExpenses": 64364000, "calculatedNetInterest": -28846000, "calculatedOtherIncome": 3000, "calculatedIncomeNonControlling": 0, "calculatedEbitda": 1001856000}, {"date": "2013-12-31", "symbol": "PTEN", "reportedCurrency": "USD", "cik": "0000889900", "fillingDate": "2014-02-14", "acceptedDate": "2014-02-14 16:33:11", "calendarYear": "2013", "period": "FY", "revenue": 2716034000, "costOfRevenue": 2323375000, "grossProfit": 392659000, "grossProfitRatio": 0.1445707233, "researchAndDevelopmentExpenses": 0, "generalAndAdministrativeExpenses": 73852000, "sellingAndMarketingExpenses": 0, "sellingGeneralAndAdministrativeExpenses": 73852000, "otherExpenses": 1691000, "operatingExpenses": 73852000, "costAndExpenses": 2397227000, "interestIncome": 918000, "interestExpense": 28359000, "depreciationAndAmortization": 597469000, "ebitda": 321416000, "ebitdaratio": 0.1183401975, "operatingIncome": 322191000, "operatingIncomeRatio": 0.11862554, "totalOtherIncomeExpensesNet": 5075000, "incomeBeforeTax": 296441000, "incomeBeforeTaxRatio": 0.1091448045, "incomeTaxExpense": 108432000, "netIncome": 188009000, "netIncomeRatio": 0.0692218875, "eps": 1.29, "epsdiluted": 1.28, "weightedAverageShsOut": 144356000, "weightedAverageShsOutDil": 145303000, "link": "https://www.sec.gov/Archives/edgar/data/889900/000119312514054910/0001193125-14-054910-index.htm", "finalLink": "https://www.sec.gov/Archives/edgar/data/889900/000119312514054910/d639374d10k.htm", "calculatedOtherExpenses": -3384000, "calculatedOperatingExpenses": 70468000, "calculatedNetInterest": -27441000, "calculatedOtherIncome": 1691000, "calculatedIncomeNonControlling": 0, "calculatedEbitda": 919660000}, {"date": "2012-12-31", "symbol": "PTEN", "reportedCurrency": "USD", "cik": "0000889900", "fillingDate": "2013-02-13", "acceptedDate": "2013-02-13 13:25:18", "calendarYear": "2012", "period": "FY", "revenue": 2723414000, "costOfRevenue": 2194286000, "grossProfit": 529128000, "grossProfitRatio": 0.1942884923, "researchAndDevelopmentExpenses": 0, "generalAndAdministrativeExpenses": 64473000, "sellingAndMarketingExpenses": 0, "sellingGeneralAndAdministrativeExpenses": 64473000, "otherExpenses": 508000, "operatingExpenses": 65573000, "costAndExpenses": 2259859000, "interestIncome": 554000, "interestExpense": 22750000, "depreciationAndAmortization": 526614000, "ebitda": 464617000, "ebitdaratio": 0.1706009443, "operatingIncome": 497361000, "operatingIncomeRatio": 0.1826240887, "totalOtherIncomeExpensesNet": 34314000, "incomeBeforeTax": 475673000, "incomeBeforeTaxRatio": 0.1746605547, "incomeTaxExpense": 176196000, "netIncome": 299477000, "netIncomeRatio": 0.1099638175, "eps": 1.96, "epsdiluted": 1.96, "weightedAverageShsOut": 151144000, "weightedAverageShsOutDil": 151699000, "link": "https://www.sec.gov/Archives/edgar/data/889900/000119312513054428/0001193125-13-054428-index.htm", "finalLink": "https://www.sec.gov/Archives/edgar/data/889900/000119312513054428/d447869d10k.htm", "calculatedOtherExpenses": -32706000, "calculatedOperatingExpenses": 31767000, "calculatedNetInterest": -22196000, "calculatedOtherIncome": 508000, "calculatedIncomeNonControlling": 0, "calculatedEbitda": 1023975000}, {"date": "2011-12-31", "symbol": "PTEN", "reportedCurrency": "USD", "cik": "0000889900", "fillingDate": "2012-02-10", "acceptedDate": "2012-02-10 15:21:52", "calendarYear": "2011", "period": "FY", "revenue": 2565943000, "costOfRevenue": 1543791000, "grossProfit": 1022152000, "grossProfitRatio": 0.3983533539, "researchAndDevelopmentExpenses": 0, "generalAndAdministrativeExpenses": 64271000, "sellingAndMarketingExpenses": 0, "sellingGeneralAndAdministrativeExpenses": 64271000, "otherExpenses": 437279000, "operatingExpenses": 501550000, "costAndExpenses": 2045341000, "interestIncome": 187000, "interestExpense": 15652000, "depreciationAndAmortization": 437279000, "ebitda": 958068000, "ebitdaratio": 0.3733785201, "operatingIncome": 525601000, "operatingIncomeRatio": 0.2048373639, "totalOtherIncomeExpensesNet": 5581000, "incomeBeforeTax": 510718000, "incomeBeforeTaxRatio": 0.1990371571, "incomeTaxExpense": 187938000, "netIncome": 322413000, "netIncomeRatio": 0.1256508816, "eps": 2.08, "epsdiluted": 2.06, "weightedAverageShsOut": 153871000, "weightedAverageShsOutDil": 155304000, "link": "https://www.sec.gov/Archives/edgar/data/889900/000119312512052274/0001193125-12-052274-index.htm", "finalLink": "https://www.sec.gov/Archives/edgar/data/889900/000119312512052274/d261327d10k.htm", "calculatedOtherExpenses": 432280000, "calculatedOperatingExpenses": 496551000, "calculatedNetInterest": -15465000, "calculatedOtherIncome": 582000, "calculatedIncomeNonControlling": 367000, "calculatedEbitda": 962880000}, {"date": "2010-12-31", "symbol": "PTEN", "reportedCurrency": "USD", "cik": "0000889900", "fillingDate": "2011-02-14", "acceptedDate": "2011-02-14 19:24:05", "calendarYear": "2010", "period": "FY", "revenue": 1462931000, "costOfRevenue": 897798000, "grossProfit": 565133000, "grossProfitRatio": 0.386301883, "researchAndDevelopmentExpenses": 0, "generalAndAdministrativeExpenses": 53042000, "sellingAndMarketingExpenses": 0, "sellingGeneralAndAdministrativeExpenses": 53042000, "otherExpenses": 333493000, "operatingExpenses": 364208000, "costAndExpenses": 1262006000, "interestIncome": 1674000, "interestExpense": 12772000, "depreciationAndAmortization": 333493000, "ebitda": 536092000, "ebitdaratio": 0.3664506392, "operatingIncome": 200925000, "operatingIncomeRatio": 0.1373441399, "totalOtherIncomeExpensesNet": 927000, "incomeBeforeTax": 190754000, "incomeBeforeTaxRatio": 0.1303916589, "incomeTaxExpense": 72856000, "netIncome": 116942000, "netIncomeRatio": 0.0799367844, "eps": 0.76, "epsdiluted": 0.76, "weightedAverageShsOut": 152772000, "weightedAverageShsOutDil": 153276000, "link": "https://www.sec.gov/Archives/edgar/data/889900/000095012311013816/0000950123-11-013816-index.htm", "finalLink": "https://www.sec.gov/Archives/edgar/data/889900/000095012311013816/d78488e10vk.htm", "calculatedOtherExpenses": 311166000, "calculatedOperatingExpenses": 364208000, "calculatedNetInterest": -11098000, "calculatedOtherIncome": 927000, "calculatedIncomeNonControlling": 956000, "calculatedEbitda": 534418000}, {"date": "2009-12-31", "symbol": "PTEN", "reportedCurrency": "USD", "cik": "0000889900", "fillingDate": "2010-02-19", "acceptedDate": "2010-02-19 15:09:48", "calendarYear": "2009", "period": "FY", "revenue": 781946000, "costOfRevenue": 476497000, "grossProfit": 305449000, "grossProfitRatio": 0.3906267185, "researchAndDevelopmentExpenses": 0, "generalAndAdministrativeExpenses": 56621000, "sellingAndMarketingExpenses": 0, "sellingGeneralAndAdministrativeExpenses": 56621000, "otherExpenses": 297042000, "operatingExpenses": 64105847, "costAndExpenses": 540602847, "interestIncome": 381000, "interestExpense": 4148000, "depreciationAndAmortization": 289847000, "ebitda": -47543153, "ebitdaratio": -0.0608010694, "operatingIncome": -48214000, "operatingIncomeRatio": -0.0616589892, "totalOtherIncomeExpensesNet": 426000, "incomeBeforeTax": -51555000, "incomeBeforeTaxRatio": -0.0659316628, "incomeTaxExpense": -17595000, "netIncome": -38290000, "netIncomeRatio": -0.0489675758, "eps": -0.25, "epsdiluted": -0.25, "weightedAverageShsOut": 152069000, "weightedAverageShsOutDil": 152069000, "link": "https://www.sec.gov/Archives/edgar/data/889900/000095012310014515/0000950123-10-014515-index.htm", "finalLink": "https://www.sec.gov/Archives/edgar/data/889900/000095012310014515/d70467e10vk.htm", "calculatedOtherExpenses": 297042000, "calculatedOperatingExpenses": 353663000, "calculatedNetInterest": -3767000, "calculatedOtherIncome": 426000, "calculatedIncomeNonControlling": 4330000, "calculatedEbitda": 241633000}, {"date": "2008-12-31", "symbol": "PTEN", "reportedCurrency": "USD", "cik": "0000889900", "fillingDate": "2009-02-19", "acceptedDate": "2009-02-18 18:16:10", "calendarYear": "2008", "period": "FY", "revenue": 2209126000, "costOfRevenue": 1310590000, "grossProfit": 898536000, "grossProfitRatio": 0.4067382304, "researchAndDevelopmentExpenses": 0, "generalAndAdministrativeExpenses": 68190000, "sellingAndMarketingExpenses": 0, "sellingGeneralAndAdministrativeExpenses": 68190000, "otherExpenses": 278852000, "operatingExpenses": 347042000, "costAndExpenses": 1657632000, "interestIncome": 1555000, "interestExpense": 639000, "depreciationAndAmortization": 268431000, "ebitda": 821480000, "ebitdaratio": 0.3718574676, "operatingIncome": 541530000, "operatingIncomeRatio": 0.2451331432, "totalOtherIncomeExpensesNet": -9462000, "incomeBeforeTax": 542948000, "incomeBeforeTaxRatio": 0.245775026, "incomeTaxExpense": 195879000, "netIncome": 347069000, "netIncomeRatio": 0.1571069283, "eps": 2.26, "epsdiluted": 2.24, "weightedAverageShsOut": 153379000, "weightedAverageShsOutDil": 154717000, "link": "https://www.sec.gov/Archives/edgar/data/889900/000095013409003225/0000950134-09-003225-index.htm", "finalLink": "https://www.sec.gov/Archives/edgar/data/889900/000095013409003225/d66380e10vk.htm", "calculatedOtherExpenses": 288816000, "calculatedOperatingExpenses": 357006000, "calculatedNetInterest": 916000, "calculatedOtherIncome": 502000, "calculatedIncomeNonControlling": 0, "calculatedEbitda": 809961000}, {"date": "2007-12-31", "symbol": "PTEN", "reportedCurrency": "USD", "cik": "0000889900", "fillingDate": "2008-02-19", "acceptedDate": "2008-02-19 16:01:27", "calendarYear": "2007", "period": "FY", "revenue": 2114194000, "costOfRevenue": 1188039000, "grossProfit": 926155000, "grossProfitRatio": 0.4380652863, "researchAndDevelopmentExpenses": 0, "generalAndAdministrativeExpenses": 64623000, "sellingAndMarketingExpenses": 0, "sellingGeneralAndAdministrativeExpenses": 64623000, "otherExpenses": 191256000, "operatingExpenses": 255879000, "costAndExpenses": 1443918000, "interestIncome": 2355000, "interestExpense": -2187000, "depreciationAndAmortization": 249206000, "ebitda": 861169000, "ebitdaratio": 0.4073273314, "operatingIncome": 670276000, "operatingIncomeRatio": 0.3170361849, "totalOtherIncomeExpensesNet": 58313000, "incomeBeforeTax": 670807000, "incomeBeforeTaxRatio": 0.3172873445, "incomeTaxExpense": 232168000, "netIncome": 438639000, "netIncomeRatio": 0.2074733918, "eps": 2.83, "epsdiluted": 2.79, "weightedAverageShsOut": 154755000, "weightedAverageShsOutDil": 156997000, "link": "https://www.sec.gov/Archives/edgar/data/889900/000095013408003007/0000950134-08-003007-index.htm", "finalLink": "https://www.sec.gov/Archives/edgar/data/889900/000095013408003007/d54088e10vk.htm", "calculatedOtherExpenses": 191256000, "calculatedOperatingExpenses": 255879000, "calculatedNetInterest": 4542000, "calculatedOtherIncome": -4011000, "calculatedIncomeNonControlling": 0, "calculatedEbitda": 919482000}, {"date": "2006-12-31", "symbol": "PTEN", "reportedCurrency": "USD", "cik": "0000889900", "fillingDate": "2007-02-27", "acceptedDate": "2007-02-27 12:28:13", "calendarYear": "2006", "period": "FY", "revenue": 2546586000, "costOfRevenue": 1243502000, "grossProfit": 1303084000, "grossProfitRatio": 0.5116984072, "researchAndDevelopmentExpenses": 0, "generalAndAdministrativeExpenses": 55065000, "sellingAndMarketingExpenses": 0, "sellingGeneralAndAdministrativeExpenses": 55065000, "otherExpenses": 208855000, "operatingExpenses": 263920000, "costAndExpenses": 1507422000, "interestIncome": 5925000, "interestExpense": -1602000, "depreciationAndAmortization": 196370000, "ebitda": 1247672000, "ebitdaratio": 0.4899390792, "operatingIncome": 1039164000, "operatingIncomeRatio": 0.4080616166, "totalOtherIncomeExpensesNet": -12138000, "incomeBeforeTax": 1043834000, "incomeBeforeTaxRatio": 0.4098954443, "incomeTaxExpense": 371267000, "netIncome": 673254000, "netIncomeRatio": 0.2643751281, "eps": 4.08, "epsdiluted": 4.02, "weightedAverageShsOut": 165159000, "weightedAverageShsOutDil": 167413000, "link": "https://www.sec.gov/Archives/edgar/data/889900/000095013407004227/0000950134-07-004227-index.htm", "finalLink": "https://www.sec.gov/Archives/edgar/data/889900/000095013407004227/d43932e10vk.htm", "calculatedOtherExpenses": 208855000, "calculatedOperatingExpenses": 263920000, "calculatedNetInterest": 7527000, "calculatedOtherIncome": -2857000, "calculatedIncomeNonControlling": -687000, "calculatedEbitda": 1235534000}, {"date": "2005-12-31", "symbol": "PTEN", "reportedCurrency": "USD", "cik": "0000889900", "fillingDate": "2006-03-30", "acceptedDate": "2006-03-30 12:39:53", "calendarYear": "2005", "period": "FY", "revenue": 1740455000, "costOfRevenue": 939365000, "grossProfit": 801090000, "grossProfitRatio": 0.4602761921, "researchAndDevelopmentExpenses": 0, "generalAndAdministrativeExpenses": 39110000, "sellingAndMarketingExpenses": 0, "sellingGeneralAndAdministrativeExpenses": 39110000, "otherExpenses": 180684000, "operatingExpenses": 219794000, "costAndExpenses": 1159159000, "interestIncome": 3551000, "interestExpense": -516000, "depreciationAndAmortization": 159218000, "ebitda": 764377000, "ebitdaratio": 0.4391822828, "operatingIncome": 581296000, "operatingIncomeRatio": 0.3339908242, "totalOtherIncomeExpensesNet": -23863000, "incomeBeforeTax": 584759000, "incomeBeforeTaxRatio": 0.3359805338, "incomeTaxExpense": 212019000, "netIncome": 372740000, "netIncomeRatio": 0.2141623886, "eps": 2.19, "epsdiluted": 2.15, "weightedAverageShsOut": 170426000, "weightedAverageShsOutDil": 173767000, "link": "https://www.sec.gov/Archives/edgar/data/889900/000095013406006240/0000950134-06-006240-index.htm", "finalLink": "https://www.sec.gov/Archives/edgar/data/889900/000095013406006240/d33317e10vk.htm", "calculatedOtherExpenses": 180684000, "calculatedOperatingExpenses": 219794000, "calculatedNetInterest": 4067000, "calculatedOtherIncome": -604000, "calculatedIncomeNonControlling": 0, "calculatedEbitda": 740514000}, {"date": "2004-12-31", "symbol": "PTEN", "reportedCurrency": "USD", "cik": "0000889900", "fillingDate": "2005-02-25", "acceptedDate": "2005-02-25 13:16:58", "calendarYear": "2004", "period": "FY", "revenue": 1000769000, "costOfRevenue": 678911000, "grossProfit": 321858000, "grossProfitRatio": 0.3216106814, "researchAndDevelopmentExpenses": 0, "generalAndAdministrativeExpenses": 32904000, "sellingAndMarketingExpenses": 0, "sellingGeneralAndAdministrativeExpenses": 32904000, "otherExpenses": 117740000, "operatingExpenses": 150644000, "costAndExpenses": 829555000, "interestIncome": 1140000, "interestExpense": -695000, "depreciationAndAmortization": 120617000, "ebitda": 289941000, "ebitdaratio": 0.2897182067, "operatingIncome": 171214000, "operatingIncomeRatio": 0.1710824376, "totalOtherIncomeExpensesNet": 1890000, "incomeBeforeTax": 171894000, "incomeBeforeTaxRatio": 0.1717619151, "incomeTaxExpense": 63161000, "netIncome": 108733000, "netIncomeRatio": 0.1086494486, "eps": 0.57, "epsdiluted": 0.56, "weightedAverageShsOut": 166258000, "weightedAverageShsOutDil": 169211000, "link": "https://www.sec.gov/Archives/edgar/data/889900/000095013405003775/0000950134-05-003775-index.htm", "finalLink": "https://www.sec.gov/Archives/edgar/data/889900/000095013405003775/d22433e10vk.htm", "calculatedOtherExpenses": 117740000, "calculatedOperatingExpenses": 150644000, "calculatedNetInterest": 1835000, "calculatedOtherIncome": -1155000, "calculatedIncomeNonControlling": 0, "calculatedEbitda": 291831000}, {"date": "2003-12-31", "symbol": "PTEN", "reportedCurrency": "USD", "cik": "0000889900", "fillingDate": "2004-02-04", "acceptedDate": "2004-02-04 11:12:36", "calendarYear": "2003", "period": "FY", "revenue": 776170000, "costOfRevenue": 567640000, "grossProfit": 208530000, "grossProfitRatio": 0.2686653697, "researchAndDevelopmentExpenses": 0, "generalAndAdministrativeExpenses": 27968000, "sellingAndMarketingExpenses": 0, "sellingGeneralAndAdministrativeExpenses": 27968000, "otherExpenses": 95824000, "operatingExpenses": 123792000, "costAndExpenses": 691432000, "interestIncome": 1116000, "interestExpense": -292000, "depreciationAndAmortization": 97998000, "ebitda": 177967000, "ebitdaratio": 0.2292886868, "operatingIncome": 87190000, "operatingIncomeRatio": 0.1123336382, "totalOtherIncomeExpensesNet": 4769000, "incomeBeforeTax": 88157000, "incomeBeforeTaxRatio": 0.1135794993, "incomeTaxExpense": 32362000, "netIncome": 55326000, "netIncomeRatio": 0.0712807761, "eps": 0.27, "epsdiluted": 0.26, "weightedAverageShsOut": 161272000, "weightedAverageShsOutDil": 164572000, "link": "https://www.sec.gov/Archives/edgar/data/889900/000095013404001065/0000950134-04-001065-index.htm", "finalLink": "https://www.sec.gov/Archives/edgar/data/889900/000095013404001065/d12235e10vk.htm", "calculatedOtherExpenses": 93372000, "calculatedOperatingExpenses": 121340000, "calculatedNetInterest": 1408000, "calculatedOtherIncome": -441000, "calculatedIncomeNonControlling": 469000, "calculatedEbitda": 185188000}, {"date": "2002-12-31", "symbol": "PTEN", "reportedCurrency": "USD", "cik": "0000889900", "fillingDate": "2003-02-07", "acceptedDate": "2003-02-07 17:19:02", "calendarYear": "2002", "period": "FY", "revenue": 527957000, "costOfRevenue": 398765000, "grossProfit": 129192000, "grossProfitRatio": 0.2447017465, "researchAndDevelopmentExpenses": 0, "generalAndAdministrativeExpenses": 29878000, "sellingAndMarketingExpenses": 0, "sellingGeneralAndAdministrativeExpenses": 29878000, "otherExpenses": 91216000, "operatingExpenses": 121094000, "costAndExpenses": 519859000, "interestIncome": 0, "interestExpense": 0, "depreciationAndAmortization": 91216000, "ebitda": 104151000, "ebitdaratio": 0.1972717475, "operatingIncome": 3398000, "operatingIncomeRatio": 0.0064361302, "totalOtherIncomeExpensesNet": -4837000, "incomeBeforeTax": 3839000, "incomeBeforeTaxRatio": 0.0072714255, "incomeTaxExpense": 1670000, "netIncome": 2169000, "netIncomeRatio": 0.0041082891, "eps": -0.03, "epsdiluted": -0.03, "weightedAverageShsOut": 157410000, "weightedAverageShsOutDil": 157410000, "link": "https://www.sec.gov/Archives/edgar/data/889900/000095013403001857/0000950134-03-001857-index.htm", "finalLink": "https://www.sec.gov/Archives/edgar/data/889900/000095013403001857/d02863e10vk.txt", "calculatedOtherExpenses": 95916000, "calculatedOperatingExpenses": 125794000, "calculatedNetInterest": 0, "calculatedOtherIncome": 441000, "calculatedIncomeNonControlling": 0, "calculatedEbitda": 94614000}, {"date": "2001-12-31", "symbol": "PTEN", "reportedCurrency": "USD", "cik": "0000889900", "fillingDate": "2002-03-19", "acceptedDate": "2002-03-19 00:00:00", "calendarYear": "2001", "period": "FY", "revenue": 989975000, "costOfRevenue": 592893000, "grossProfit": 397082000, "grossProfitRatio": 0.4011030582, "researchAndDevelopmentExpenses": 0, "generalAndAdministrativeExpenses": 30606000, "sellingAndMarketingExpenses": 0, "sellingGeneralAndAdministrativeExpenses": 30606000, "otherExpenses": 86159000, "operatingExpenses": 116765000, "costAndExpenses": 709658000, "interestIncome": 0, "interestExpense": 0, "depreciationAndAmortization": 86159000, "ebitda": 379236000, "ebitdaratio": 0.3830763403, "operatingIncome": 267172000, "operatingIncomeRatio": 0.2698775222, "totalOtherIncomeExpensesNet": -12760000, "incomeBeforeTax": 266495000, "incomeBeforeTaxRatio": 0.2691936665, "incomeTaxExpense": 102333000, "netIncome": 164162000, "netIncomeRatio": 0.1658243895, "eps": 1.08, "epsdiluted": 1.03, "weightedAverageShsOut": 152814000, "weightedAverageShsOutDil": 158394000, "link": "https://www.sec.gov/Archives/edgar/data/889900/000095013402002237/0000950134-02-002237-index.htm", "finalLink": "https://www.sec.gov/Archives/edgar/data/889900/000095013402002237/d94131e10-k.txt", "calculatedOtherExpenses": 99304000, "calculatedOperatingExpenses": 129910000, "calculatedNetInterest": 0, "calculatedOtherIncome": -677000, "calculatedIncomeNonControlling": 0, "calculatedEbitda": 353331000}, {"date": "2000-12-31", "symbol": "PTEN", "reportedCurrency": "USD", "cik": "0000889900", "fillingDate": "2001-03-02", "acceptedDate": "2001-03-02 00:00:00", "calendarYear": "2000", "period": "FY", "revenue": 307901000, "costOfRevenue": 221651000, "grossProfit": 86250000, "grossProfitRatio": 0.2801225069, "researchAndDevelopmentExpenses": 0, "generalAndAdministrativeExpenses": 11394000, "sellingAndMarketingExpenses": 0, "sellingGeneralAndAdministrativeExpenses": 11394000, "otherExpenses": 33133000, "operatingExpenses": 44527000, "costAndExpenses": 266178000, "interestIncome": 0, "interestExpense": 0, "depreciationAndAmortization": 33133000, "ebitda": 74582000, "ebitdaratio": 0.2422272094, "operatingIncome": 41723000, "operatingIncomeRatio": 0.1355078418, "totalOtherIncomeExpensesNet": 274000, "incomeBeforeTax": 37998000, "incomeBeforeTaxRatio": 0.1234097973, "incomeTaxExpense": 14244000, "netIncome": 23754000, "netIncomeRatio": 0.0771481743, "eps": 0.26, "epsdiluted": 0.25, "weightedAverageShsOut": 142414000, "weightedAverageShsOutDil": 149682000, "link": "https://www.sec.gov/Archives/edgar/data/889900/000095013401001886/0000950134-01-001886-index.htm", "finalLink": "https://www.sec.gov/Archives/edgar/data/889900/000095013401001886/d84623e10-k405.txt", "calculatedOtherExpenses": 33133000, "calculatedOperatingExpenses": 44527000, "calculatedNetInterest": 0, "calculatedOtherIncome": -3725000, "calculatedIncomeNonControlling": 0, "calculatedEbitda": 74856000}, {"date": "1999-12-31", "symbol": "PTEN", "reportedCurrency": "USD", "cik": "0000889900", "fillingDate": "2000-03-29", "acceptedDate": "2000-03-29 00:00:00", "calendarYear": "1999", "period": "FY", "revenue": 151500000, "costOfRevenue": 126200000, "grossProfit": 25300000, "grossProfitRatio": 0.1669966997, "researchAndDevelopmentExpenses": 0, "generalAndAdministrativeExpenses": 7300000, "sellingAndMarketingExpenses": 0, "sellingGeneralAndAdministrativeExpenses": 7300000, "otherExpenses": 28200000, "operatingExpenses": 35500000, "costAndExpenses": 161700000, "interestIncome": 0, "interestExpense": 0, "depreciationAndAmortization": 28200000, "ebitda": 17700000, "ebitdaratio": 0.1168316832, "operatingIncome": -10200000, "operatingIncomeRatio": -0.0673267327, "totalOtherIncomeExpensesNet": 300000, "incomeBeforeTax": -13400000, "incomeBeforeTaxRatio": -0.0884488449, "incomeTaxExpense": -4300000, "netIncome": -9100000, "netIncomeRatio": -0.0600660066, "eps": -0.14, "epsdiluted": -0.14, "weightedAverageShsOut": 64998000, "weightedAverageShsOutDil": 64998000, "link": "https://www.sec.gov/Archives/edgar/data/889900/000095013400002720/0000950134-00-002720-index.html", "finalLink": "https://www.sec.gov/Archives/edgar/data/889900/000095013400002720/", "calculatedOtherExpenses": 28200000, "calculatedOperatingExpenses": 35500000, "calculatedNetInterest": 0, "calculatedOtherIncome": -3200000, "calculatedIncomeNonControlling": 0, "calculatedEbitda": 18000000}, {"date": "1998-12-31", "symbol": "PTEN", "reportedCurrency": "USD", "cik": "0000889900", "fillingDate": "1999-03-31", "acceptedDate": "1999-03-31 00:00:00", "calendarYear": "1998", "period": "FY", "revenue": 186600000, "costOfRevenue": 146500000, "grossProfit": 40100000, "grossProfitRatio": 0.2148981779, "researchAndDevelopmentExpenses": 0, "generalAndAdministrativeExpenses": 9300000, "sellingAndMarketingExpenses": 0, "sellingGeneralAndAdministrativeExpenses": 9300000, "otherExpenses": 28100000, "operatingExpenses": 37400000, "costAndExpenses": 183900000, "interestIncome": 0, "interestExpense": 0, "depreciationAndAmortization": 28100000, "ebitda": 29200000, "ebitdaratio": 0.1564844587, "operatingIncome": 2700000, "operatingIncomeRatio": 0.0144694534, "totalOtherIncomeExpensesNet": 1600000, "incomeBeforeTax": -200000, "incomeBeforeTaxRatio": -0.0010718114, "incomeTaxExpense": 100000, "netIncome": -300000, "netIncomeRatio": -0.001607717, "eps": -0.0047, "epsdiluted": -0.0047, "weightedAverageShsOut": 63290000, "weightedAverageShsOutDil": 63290000, "link": "https://www.sec.gov/Archives/edgar/data/889900/000095013499002363/0000950134-99-002363-index.html", "finalLink": "https://www.sec.gov/Archives/edgar/data/889900/", "calculatedOtherExpenses": 28100000, "calculatedOperatingExpenses": 37400000, "calculatedNetInterest": 0, "calculatedOtherIncome": -2900000, "calculatedIncomeNonControlling": 0, "calculatedEbitda": 30800000}, {"date": "1997-12-31", "symbol": "PTEN", "reportedCurrency": "USD", "cik": "0000889900", "fillingDate": "1998-03-31", "acceptedDate": "1998-03-31 00:00:00", "calendarYear": "1997", "period": "FY", "revenue": 190800000, "costOfRevenue": 131300000, "grossProfit": 59500000, "grossProfitRatio": 0.3118448637, "researchAndDevelopmentExpenses": 0, "generalAndAdministrativeExpenses": 0, "sellingAndMarketingExpenses": 0, "sellingGeneralAndAdministrativeExpenses": 8600000, "otherExpenses": 17500000, "operatingExpenses": 26100000, "costAndExpenses": 157400000, "interestIncome": 0, "interestExpense": 0, "depreciationAndAmortization": 17500000, "ebitda": 48100000, "ebitdaratio": 0.2520964361, "operatingIncome": 33400000, "operatingIncomeRatio": 0.1750524109, "totalOtherIncomeExpensesNet": 2800000, "incomeBeforeTax": 35000000, "incomeBeforeTaxRatio": 0.1834381551, "incomeTaxExpense": 12800000, "netIncome": 22200000, "netIncomeRatio": 0.1163522013, "eps": 0.39, "epsdiluted": 0.38, "weightedAverageShsOut": 56984000, "weightedAverageShsOutDil": 59010000, "link": "https://www.sec.gov/Archives/edgar/data/889900/000095013498002700/0000950134-98-002700-index.html", "finalLink": "https://www.sec.gov/Archives/edgar/data/889900/", "calculatedOtherExpenses": 17500000, "calculatedOperatingExpenses": 26100000, "calculatedNetInterest": 0, "calculatedOtherIncome": 1600000, "calculatedIncomeNonControlling": 0, "calculatedEbitda": 50900000}, {"date": "1996-12-31", "symbol": "PTEN", "reportedCurrency": "USD", "cik": "0000889900", "fillingDate": "1997-03-27", "acceptedDate": "1997-03-27 00:00:00", "calendarYear": "1996", "period": "FY", "revenue": 83700000, "costOfRevenue": 62600000, "grossProfit": 21100000, "grossProfitRatio": 0.2520908005, "researchAndDevelopmentExpenses": 0, "generalAndAdministrativeExpenses": 0, "sellingAndMarketingExpenses": 0, "sellingGeneralAndAdministrativeExpenses": 6400000, "otherExpenses": 10000000, "operatingExpenses": 16400000, "costAndExpenses": 79000000, "interestIncome": 0, "interestExpense": 0, "depreciationAndAmortization": 10000000, "ebitda": 15800000, "ebitdaratio": 0.1887694146, "operatingIncome": 4700000, "operatingIncomeRatio": 0.0561529271, "totalOtherIncomeExpensesNet": -1100000, "incomeBeforeTax": 2000000, "incomeBeforeTaxRatio": 0.0238948626, "incomeTaxExpense": -2300000, "netIncome": 4300000, "netIncomeRatio": 0.0513739546, "eps": 0.11, "epsdiluted": 0.11, "weightedAverageShsOut": 39621616, "weightedAverageShsOutDil": 40171328, "link": "https://www.sec.gov/Archives/edgar/data/889900/000095013497002308/0000950134-97-002308-index.html", "finalLink": "https://www.sec.gov/Archives/edgar/data/889900/", "calculatedOtherExpenses": 10000000, "calculatedOperatingExpenses": 16400000, "calculatedNetInterest": 0, "calculatedOtherIncome": -2700000, "calculatedIncomeNonControlling": 0, "calculatedEbitda": 14700000}, {"date": "1995-12-31", "symbol": "PTEN", "reportedCurrency": "USD", "cik": "0000889900", "fillingDate": "1995-12-31", "acceptedDate": "1995-12-30 19:00:00", "calendarYear": "1995", "period": "FY", "revenue": 46500000, "costOfRevenue": 35000000, "grossProfit": 11500000, "grossProfitRatio": 0.247311828, "researchAndDevelopmentExpenses": 0, "generalAndAdministrativeExpenses": 0, "sellingAndMarketingExpenses": 0, "sellingGeneralAndAdministrativeExpenses": 3900000, "otherExpenses": 5300000, "operatingExpenses": 9200000, "costAndExpenses": 44200000, "interestIncome": 0, "interestExpense": 0, "depreciationAndAmortization": 5300000, "ebitda": 7000000, "ebitdaratio": 0.1505376344, "operatingIncome": 2300000, "operatingIncomeRatio": 0.0494623656, "totalOtherIncomeExpensesNet": 600000, "incomeBeforeTax": 1800000, "incomeBeforeTaxRatio": 0.0387096774, "incomeTaxExpense": -100000, "netIncome": 1900000, "netIncomeRatio": 0.0408602151, "eps": 0.09, "epsdiluted": 0.09, "weightedAverageShsOut": 21111111, "weightedAverageShsOutDil": 22352941, "link": "", "finalLink": "", "calculatedOtherExpenses": 5300000, "calculatedOperatingExpenses": 9200000, "calculatedNetInterest": 0, "calculatedOtherIncome": -500000, "calculatedIncomeNonControlling": 0, "calculatedEbitda": 7600000}, {"date": "1994-12-31", "symbol": "PTEN", "reportedCurrency": "USD", "cik": "0000889900", "fillingDate": "1994-12-31", "acceptedDate": "1994-12-30 19:00:00", "calendarYear": "1994", "period": "FY", "revenue": 35100000, "costOfRevenue": 27200000, "grossProfit": 7900000, "grossProfitRatio": 0.2250712251, "researchAndDevelopmentExpenses": 0, "generalAndAdministrativeExpenses": 0, "sellingAndMarketingExpenses": 0, "sellingGeneralAndAdministrativeExpenses": 3100000, "otherExpenses": 2900000, "operatingExpenses": 6000000, "costAndExpenses": 33200000, "interestIncome": 0, "interestExpense": 0, "depreciationAndAmortization": 2900000, "ebitda": 4100000, "ebitdaratio": 0.1168091168, "operatingIncome": 1900000, "operatingIncomeRatio": 0.0541310541, "totalOtherIncomeExpensesNet": 700000, "incomeBeforeTax": 2300000, "incomeBeforeTaxRatio": 0.0655270655, "incomeTaxExpense": -200000, "netIncome": 2500000, "netIncomeRatio": 0.0712250712, "eps": 0.16, "epsdiluted": 0.16, "weightedAverageShsOut": 16129032, "weightedAverageShsOutDil": 16129032, "link": "", "finalLink": "", "calculatedOtherExpenses": 2900000, "calculatedOperatingExpenses": 6000000, "calculatedNetInterest": 0, "calculatedOtherIncome": 400000, "calculatedIncomeNonControlling": 0, "calculatedEbitda": 4800000}, {"date": "1993-12-31", "symbol": "PTEN", "reportedCurrency": "USD", "cik": "0000889900", "fillingDate": "1993-12-31", "acceptedDate": "1993-12-30 19:00:00", "calendarYear": "1993", "period": "FY", "revenue": 24700000, "costOfRevenue": 18200000, "grossProfit": 6500000, "grossProfitRatio": 0.2631578947, "researchAndDevelopmentExpenses": 0, "generalAndAdministrativeExpenses": 0, "sellingAndMarketingExpenses": 0, "sellingGeneralAndAdministrativeExpenses": 2600000, "otherExpenses": 2300000, "operatingExpenses": 4900000, "costAndExpenses": 23100000, "interestIncome": 0, "interestExpense": 0, "depreciationAndAmortization": 2300000, "ebitda": 3600000, "ebitdaratio": 0.1457489879, "operatingIncome": 1600000, "operatingIncomeRatio": 0.0647773279, "totalOtherIncomeExpensesNet": 300000, "incomeBeforeTax": 1700000, "incomeBeforeTaxRatio": 0.0688259109, "incomeTaxExpense": 100000, "netIncome": 1600000, "netIncomeRatio": 0.0647773279, "eps": 0.065, "epsdiluted": 0.065, "weightedAverageShsOut": 24615385, "weightedAverageShsOutDil": 24615385, "link": "", "finalLink": "", "calculatedOtherExpenses": 2300000, "calculatedOperatingExpenses": 4900000, "calculatedNetInterest": 0, "calculatedOtherIncome": 100000, "calculatedIncomeNonControlling": 0, "calculatedEbitda": 3900000}, {"date": "1992-12-31", "symbol": "PTEN", "reportedCurrency": "USD", "cik": "0000889900", "fillingDate": "1992-12-31", "acceptedDate": "1992-12-30 19:00:00", "calendarYear": "1992", "period": "FY", "revenue": 22200000, "costOfRevenue": 17700000, "grossProfit": 4500000, "grossProfitRatio": 0.2027027027, "researchAndDevelopmentExpenses": 0, "generalAndAdministrativeExpenses": 0, "sellingAndMarketingExpenses": 0, "sellingGeneralAndAdministrativeExpenses": 2300000, "otherExpenses": 1800000, "operatingExpenses": 4100000, "costAndExpenses": 21800000, "interestIncome": 0, "interestExpense": 0, "depreciationAndAmortization": 1800000, "ebitda": 1300000, "ebitdaratio": 0.0585585586, "operatingIncome": 400000, "operatingIncomeRatio": 0.018018018, "totalOtherIncomeExpensesNet": 900000, "incomeBeforeTax": 1000000, "incomeBeforeTaxRatio": 0.045045045, "incomeTaxExpense": 400000, "netIncome": 100000, "netIncomeRatio": 0.0045045045, "eps": 0.005, "epsdiluted": 0.005, "weightedAverageShsOut": 11616000, "weightedAverageShsOutDil": 11616000, "link": "", "finalLink": "", "calculatedOtherExpenses": 1800000, "calculatedOperatingExpenses": 4100000, "calculatedNetInterest": 0, "calculatedOtherIncome": 600000, "calculatedIncomeNonControlling": 500000, "calculatedEbitda": 2200000}]}