{"originalCurrency": "USD", "convertedCurrency": "USD", "report": [{"date": "2023-12-31", "symbol": "PTVE", "reportedCurrency": "USD", "cik": "0001527508", "fillingDate": "2024-03-01", "acceptedDate": "2024-02-29 18:10:25", "calendarYear": "2023", "period": "FY", "revenue": 5510000000, "costOfRevenue": 4869000000, "grossProfit": 641000000, "grossProfitRatio": 0.1163339383, "researchAndDevelopmentExpenses": 45000000, "generalAndAdministrativeExpenses": 0, "sellingAndMarketingExpenses": 0, "sellingGeneralAndAdministrativeExpenses": 444000000, "otherExpenses": -4000000, "operatingExpenses": 444000000, "costAndExpenses": 5313000000, "interestIncome": 12000000, "interestExpense": 266000000, "depreciationAndAmortization": 600000000, "ebitda": 797000000, "ebitdaratio": 0.144646098, "operatingIncome": 197000000, "operatingIncomeRatio": 0.035753176, "totalOtherIncomeExpensesNet": -422000000, "incomeBeforeTax": -225000000, "incomeBeforeTaxRatio": -0.0408348457, "incomeTaxExpense": -3000000, "netIncome": -223000000, "netIncomeRatio": -0.0404718693, "eps": -1.25, "epsdiluted": -1.25, "weightedAverageShsOut": 178700000, "weightedAverageShsOutDil": 178700000, "link": "https://www.sec.gov/Archives/edgar/data/1527508/000095017024023337/0000950170-24-023337-index.htm", "finalLink": "https://www.sec.gov/Archives/edgar/data/1527508/000095017024023337/ptve-20231231.htm", "calculatedOtherExpenses": -45000000, "calculatedOperatingExpenses": 444000000, "calculatedNetInterest": -254000000, "calculatedOtherIncome": -168000000, "calculatedIncomeNonControlling": 1000000, "calculatedEbitda": 797000000}, {"date": "2022-12-31", "symbol": "PTVE", "reportedCurrency": "USD", "cik": "0001527508", "fillingDate": "2023-03-07", "acceptedDate": "2023-03-07 08:04:05", "calendarYear": "2022", "period": "FY", "revenue": 6220000000, "costOfRevenue": 5223000000, "grossProfit": 997000000, "grossProfitRatio": 0.1602893891, "researchAndDevelopmentExpenses": 33000000, "generalAndAdministrativeExpenses": 583000000, "sellingAndMarketingExpenses": 0, "sellingGeneralAndAdministrativeExpenses": 583000000, "otherExpenses": 330000000, "operatingExpenses": 583000000, "costAndExpenses": 5806000000, "interestIncome": 6000000, "interestExpense": 218000000, "depreciationAndAmortization": 339000000, "ebitda": 744000000, "ebitdaratio": 0.1196141479, "operatingIncome": 405000000, "operatingIncomeRatio": 0.0651125402, "totalOtherIncomeExpensesNet": 63000000, "incomeBeforeTax": 468000000, "incomeBeforeTaxRatio": 0.0752411576, "incomeTaxExpense": 149000000, "netIncome": 318000000, "netIncomeRatio": 0.0511254019, "eps": 1.78, "epsdiluted": 1.77, "weightedAverageShsOut": 177800000, "weightedAverageShsOutDil": 178400000, "link": "https://www.sec.gov/Archives/edgar/data/1527508/000095017023006382/0000950170-23-006382-index.htm", "finalLink": "https://www.sec.gov/Archives/edgar/data/1527508/000095017023006382/ptve-20221231.htm", "calculatedOtherExpenses": -24000000, "calculatedOperatingExpenses": 592000000, "calculatedNetInterest": -212000000, "calculatedOtherIncome": 275000000, "calculatedIncomeNonControlling": 1000000, "calculatedEbitda": 744000000}, {"date": "2021-12-31", "symbol": "PTVE", "reportedCurrency": "USD", "cik": "0001527508", "fillingDate": "2022-02-24", "acceptedDate": "2022-02-24 16:06:58", "calendarYear": "2021", "period": "FY", "revenue": 5437000000, "costOfRevenue": 4863000000, "grossProfit": 574000000, "grossProfitRatio": 0.1055729262, "researchAndDevelopmentExpenses": 22000000, "generalAndAdministrativeExpenses": 466000000, "sellingAndMarketingExpenses": 0, "sellingGeneralAndAdministrativeExpenses": 466000000, "otherExpenses": -20000000, "operatingExpenses": 446000000, "costAndExpenses": 5309000000, "interestIncome": 2000000, "interestExpense": 191000000, "depreciationAndAmortization": 344000000, "ebitda": 573000000, "ebitdaratio": 0.1053890013, "operatingIncome": 229000000, "operatingIncomeRatio": 0.0421188155, "totalOtherIncomeExpensesNet": -200000000, "incomeBeforeTax": 29000000, "incomeBeforeTaxRatio": 0.0053338238, "incomeTaxExpense": -4000000, "netIncome": 33000000, "netIncomeRatio": 0.0060695236, "eps": 0.19, "epsdiluted": 0.19, "weightedAverageShsOut": 177400000, "weightedAverageShsOutDil": 177700000, "link": "https://www.sec.gov/Archives/edgar/data/1527508/000156459022006686/0001564590-22-006686-index.htm", "finalLink": "https://www.sec.gov/Archives/edgar/data/1527508/000156459022006686/ptve-10k_20211231.htm", "calculatedOtherExpenses": -143000000, "calculatedOperatingExpenses": 345000000, "calculatedNetInterest": -189000000, "calculatedOtherIncome": -11000000, "calculatedIncomeNonControlling": 0, "calculatedEbitda": 573000000}, {"date": "2020-12-31", "symbol": "PTVE", "reportedCurrency": "USD", "cik": "0001527508", "fillingDate": "2021-02-25", "acceptedDate": "2021-02-25 14:07:37", "calendarYear": "2020", "period": "FY", "revenue": 4689000000, "costOfRevenue": 3969000000, "grossProfit": 720000000, "grossProfitRatio": 0.1535508637, "researchAndDevelopmentExpenses": 20000000, "generalAndAdministrativeExpenses": 470000000, "sellingAndMarketingExpenses": 0, "sellingGeneralAndAdministrativeExpenses": 470000000, "otherExpenses": 33000000, "operatingExpenses": 503000000, "costAndExpenses": 4472000000, "interestIncome": 15000000, "interestExpense": 371000000, "depreciationAndAmortization": 467000000, "ebitda": 750000000, "ebitdaratio": 0.1599488164, "operatingIncome": 283000000, "operatingIncomeRatio": 0.06035402, "totalOtherIncomeExpensesNet": -405000000, "incomeBeforeTax": -122000000, "incomeBeforeTaxRatio": -0.0260183408, "incomeTaxExpense": -112000000, "netIncome": -10000000, "netIncomeRatio": -0.0021326509, "eps": -0.0684, "epsdiluted": -0.0684, "weightedAverageShsOut": 146200000, "weightedAverageShsOutDil": 146200000, "link": "https://www.sec.gov/Archives/edgar/data/1527508/000156459021008652/0001564590-21-008652-index.htm", "finalLink": "https://www.sec.gov/Archives/edgar/data/1527508/000156459021008652/ptve-10k_20201231.htm", "calculatedOtherExpenses": -53000000, "calculatedOperatingExpenses": 437000000, "calculatedNetInterest": -356000000, "calculatedOtherIncome": -49000000, "calculatedIncomeNonControlling": 0, "calculatedEbitda": 750000000}, {"date": "2019-12-31", "symbol": "PTVE", "reportedCurrency": "USD", "cik": "0001527508", "fillingDate": "2020-03-10", "acceptedDate": "2020-03-10 06:14:53", "calendarYear": "2019", "period": "FY", "revenue": 9716000000, "costOfRevenue": 7735000000, "grossProfit": 1981000000, "grossProfitRatio": 0.2038904899, "researchAndDevelopmentExpenses": 22000000, "generalAndAdministrativeExpenses": 778000000, "sellingAndMarketingExpenses": 250000000, "sellingGeneralAndAdministrativeExpenses": 1028000000, "otherExpenses": 27000000, "operatingExpenses": 1055000000, "costAndExpenses": 8790000000, "interestIncome": 29000000, "interestExpense": 631000000, "depreciationAndAmortization": 868000000, "ebitda": 1691000000, "ebitdaratio": 0.174042816, "operatingIncome": 823000000, "operatingIncomeRatio": 0.0847056402, "totalOtherIncomeExpensesNet": -506000000, "incomeBeforeTax": 317000000, "incomeBeforeTaxRatio": 0.0326265953, "incomeTaxExpense": 134000000, "netIncome": 183000000, "netIncomeRatio": 0.0188349115, "eps": 4.46, "epsdiluted": 4.46, "weightedAverageShsOut": 41026000, "weightedAverageShsOutDil": 41026000, "link": "https://www.sec.gov/Archives/edgar/data/1527508/000162828020003245/0001628280-20-003245-index.htm", "finalLink": "https://www.sec.gov/Archives/edgar/data/1527508/000162828020003245/rghlye2019doc.htm", "calculatedOtherExpenses": 108000000, "calculatedOperatingExpenses": 1158000000, "calculatedNetInterest": -602000000, "calculatedOtherIncome": 96000000, "calculatedIncomeNonControlling": 0, "calculatedEbitda": 1691000000}, {"date": "2018-12-31", "symbol": "PTVE", "reportedCurrency": "USD", "cik": "0001527508", "fillingDate": "2019-02-14", "acceptedDate": "2019-02-13 20:13:21", "calendarYear": "2018", "period": "FY", "revenue": 10660000000, "costOfRevenue": 8566000000, "grossProfit": 2094000000, "grossProfitRatio": 0.196435272, "researchAndDevelopmentExpenses": 48000000, "generalAndAdministrativeExpenses": 697000000, "sellingAndMarketingExpenses": 264000000, "sellingGeneralAndAdministrativeExpenses": 961000000, "otherExpenses": 5000000, "operatingExpenses": 989000000, "costAndExpenses": 9555000000, "interestIncome": 22000000, "interestExpense": 600000000, "depreciationAndAmortization": 655000000, "ebitda": 1770000000, "ebitdaratio": 0.1660412758, "operatingIncome": 854000000, "operatingIncomeRatio": 0.0801125704, "totalOtherIncomeExpensesNet": -475000000, "incomeBeforeTax": 35000000, "incomeBeforeTaxRatio": 0.0032833021, "incomeTaxExpense": 40000000, "netIncome": -7000000, "netIncomeRatio": -0.0006566604, "eps": -0.0399, "epsdiluted": -0.0399, "weightedAverageShsOut": 175525003, "weightedAverageShsOutDil": 175573634, "link": "https://www.sec.gov/Archives/edgar/data/1527508/000162828019001341/0001628280-19-001341-index.htm", "finalLink": "https://www.sec.gov/Archives/edgar/data/1527508/000162828019001341/rghlye2018mdafs.htm", "calculatedOtherExpenses": 231000000, "calculatedOperatingExpenses": 1240000000, "calculatedNetInterest": -578000000, "calculatedOtherIncome": -241000000, "calculatedIncomeNonControlling": 2000000, "calculatedEbitda": 1509000000}, {"date": "2017-12-31", "symbol": "PTVE", "reportedCurrency": "USD", "cik": "0001527508", "fillingDate": "2018-02-14", "acceptedDate": "2018-02-14 11:54:17", "calendarYear": "2017", "period": "FY", "revenue": 10524000000, "costOfRevenue": 8202000000, "grossProfit": 2322000000, "grossProfitRatio": 0.2206385405, "researchAndDevelopmentExpenses": 41000000, "generalAndAdministrativeExpenses": 745000000, "sellingAndMarketingExpenses": 277000000, "sellingGeneralAndAdministrativeExpenses": 1022000000, "otherExpenses": 11000000, "operatingExpenses": 1053000000, "costAndExpenses": 9255000000, "interestIncome": 20000000, "interestExpense": 617000000, "depreciationAndAmortization": 674000000, "ebitda": 1952000000, "ebitdaratio": 0.1854808058, "operatingIncome": 1222000000, "operatingIncomeRatio": 0.1161155454, "totalOtherIncomeExpensesNet": -129000000, "incomeBeforeTax": 521000000, "incomeBeforeTaxRatio": 0.0495058913, "incomeTaxExpense": 81000000, "netIncome": 437000000, "netIncomeRatio": 0.0415241353, "eps": 2.49, "epsdiluted": 2.49, "weightedAverageShsOut": 175525003, "weightedAverageShsOutDil": 175573634, "link": "https://www.sec.gov/Archives/edgar/data/1527508/000162828018001644/0001628280-18-001644-index.htm", "finalLink": "https://www.sec.gov/Archives/edgar/data/1527508/000162828018001644/rghlye2017mdafs.htm", "calculatedOtherExpenses": 37000000, "calculatedOperatingExpenses": 1100000000, "calculatedNetInterest": -597000000, "calculatedOtherIncome": -104000000, "calculatedIncomeNonControlling": 3000000, "calculatedEbitda": 1896000000}, {"date": "2016-12-31", "symbol": "PTVE", "reportedCurrency": "USD", "cik": "0001527508", "fillingDate": "2017-02-15", "acceptedDate": "2017-02-14 19:10:39", "calendarYear": "2016", "period": "FY", "revenue": 10646000000, "costOfRevenue": 8259000000, "grossProfit": 2387000000, "grossProfitRatio": 0.2242156679, "researchAndDevelopmentExpenses": 37000000, "generalAndAdministrativeExpenses": 855000000, "sellingAndMarketingExpenses": 315000000, "sellingGeneralAndAdministrativeExpenses": 1170000000, "otherExpenses": 9000000, "operatingExpenses": 1210000000, "costAndExpenses": 9469000000, "interestIncome": 22000000, "interestExpense": 844000000, "depreciationAndAmortization": 707000000, "ebitda": 1885000000, "ebitdaratio": 0.1770618073, "operatingIncome": 1145000000, "operatingIncomeRatio": 0.1075521323, "totalOtherIncomeExpensesNet": -53000000, "incomeBeforeTax": 272000000, "incomeBeforeTaxRatio": 0.0255495022, "incomeTaxExpense": 105000000, "netIncome": 159000000, "netIncomeRatio": 0.0149351869, "eps": 0.91, "epsdiluted": 0.91, "weightedAverageShsOut": 175525003, "weightedAverageShsOutDil": 175573634, "link": "https://www.sec.gov/Archives/edgar/data/1527508/000162828017001363/0001628280-17-001363-index.htm", "finalLink": "https://www.sec.gov/Archives/edgar/data/1527508/000162828017001363/rghlye2016mdafs.htm", "calculatedOtherExpenses": 35000000, "calculatedOperatingExpenses": 1242000000, "calculatedNetInterest": -822000000, "calculatedOtherIncome": -51000000, "calculatedIncomeNonControlling": 8000000, "calculatedEbitda": 1852000000}, {"date": "2015-12-31", "symbol": "PTVE", "reportedCurrency": "USD", "cik": "0001527508", "fillingDate": "2016-02-25", "acceptedDate": "2016-02-24 18:55:18", "calendarYear": "2015", "period": "FY", "revenue": 11178000000, "costOfRevenue": 8978000000, "grossProfit": 2200000000, "grossProfitRatio": 0.1968151727, "researchAndDevelopmentExpenses": 36000000, "generalAndAdministrativeExpenses": 747000000, "sellingAndMarketingExpenses": 262000000, "sellingGeneralAndAdministrativeExpenses": 1009000000, "otherExpenses": 2000000, "operatingExpenses": 1068000000, "costAndExpenses": 10046000000, "interestIncome": 22000000, "interestExpense": 994000000, "depreciationAndAmortization": 714000000, "ebitda": 1837000000, "ebitdaratio": 0.1643406692, "operatingIncome": 1246000000, "operatingIncomeRatio": 0.1114689569, "totalOtherIncomeExpensesNet": -421000000, "incomeBeforeTax": -294000000, "incomeBeforeTaxRatio": -0.026301664, "incomeTaxExpense": 60000000, "netIncome": 2316000000, "netIncomeRatio": 0.2071926999, "eps": 13.19, "epsdiluted": 13.19, "weightedAverageShsOut": 175525003, "weightedAverageShsOutDil": 175573634, "link": "https://www.sec.gov/Archives/edgar/data/1527508/000162828016011653/0001628280-16-011653-index.htm", "finalLink": "https://www.sec.gov/Archives/edgar/data/1527508/000162828016011653/rghlye2015mdafs.htm", "calculatedOtherExpenses": -91000000, "calculatedOperatingExpenses": 954000000, "calculatedNetInterest": -972000000, "calculatedOtherIncome": -568000000, "calculatedIncomeNonControlling": -2670000000, "calculatedEbitda": 1960000000}, {"date": "2014-12-31", "symbol": "PTVE", "reportedCurrency": "USD", "cik": "0001527508", "fillingDate": "2015-02-25", "acceptedDate": "2015-02-25 17:14:14", "calendarYear": "2014", "period": "FY", "revenue": 11666000000, "costOfRevenue": 9650000000, "grossProfit": 2016000000, "grossProfitRatio": 0.1728098748, "researchAndDevelopmentExpenses": 0, "generalAndAdministrativeExpenses": 759000000, "sellingAndMarketingExpenses": 255000000, "sellingGeneralAndAdministrativeExpenses": 1014000000, "otherExpenses": 15000000, "operatingExpenses": 1045000000, "costAndExpenses": 10695000000, "interestIncome": 25000000, "interestExpense": 1256000000, "depreciationAndAmortization": 910000000, "ebitda": 1879000000, "ebitdaratio": 0.1610663466, "operatingIncome": 974000000, "operatingIncomeRatio": 0.0834904852, "totalOtherIncomeExpensesNet": -173000000, "incomeBeforeTax": -475000000, "incomeBeforeTaxRatio": -0.0407166124, "incomeTaxExpense": -70000000, "netIncome": -302000000, "netIncomeRatio": -0.0258871936, "eps": -1.72, "epsdiluted": -1.72, "weightedAverageShsOut": 175525003, "weightedAverageShsOutDil": 175573634, "link": "https://www.sec.gov/Archives/edgar/data/1527508/000162828015001028/0001628280-15-001028-index.htm", "finalLink": "https://www.sec.gov/Archives/edgar/data/1527508/000162828015001028/rghlye2014mdafs.htm", "calculatedOtherExpenses": 28000000, "calculatedOperatingExpenses": 1042000000, "calculatedNetInterest": -1231000000, "calculatedOtherIncome": -218000000, "calculatedIncomeNonControlling": -103000000, "calculatedEbitda": 1884000000}, {"date": "2013-12-31", "symbol": "PTVE", "reportedCurrency": "USD", "cik": "0001527508", "fillingDate": "2014-02-27", "acceptedDate": "2014-02-26 21:44:02", "calendarYear": "2013", "period": "FY", "revenue": 11752000000, "costOfRevenue": 9671000000, "grossProfit": 2081000000, "grossProfitRatio": 0.1770762423, "researchAndDevelopmentExpenses": 0, "generalAndAdministrativeExpenses": 778000000, "sellingAndMarketingExpenses": 266000000, "sellingGeneralAndAdministrativeExpenses": 1044000000, "otherExpenses": -2000000, "operatingExpenses": 1074000000, "costAndExpenses": 10745000000, "interestIncome": 22000000, "interestExpense": 1314000000, "depreciationAndAmortization": 1020000000, "ebitda": 2008000000, "ebitdaratio": 0.1708645337, "operatingIncome": 946000000, "operatingIncomeRatio": 0.0804969367, "totalOtherIncomeExpensesNet": 54000000, "incomeBeforeTax": -270000000, "incomeBeforeTaxRatio": -0.0229748128, "incomeTaxExpense": 4000000, "netIncome": -70000000, "netIncomeRatio": -0.0059564329, "eps": -0.4, "epsdiluted": -0.4, "weightedAverageShsOut": 175525003, "weightedAverageShsOutDil": 175573634, "link": "https://www.sec.gov/Archives/edgar/data/1527508/000144530514000636/0001445305-14-000636-index.htm", "finalLink": "https://www.sec.gov/Archives/edgar/data/1527508/000144530514000636/rghlye2013mdafs.htm", "calculatedOtherExpenses": 91000000, "calculatedOperatingExpenses": 1135000000, "calculatedNetInterest": -1292000000, "calculatedOtherIncome": 76000000, "calculatedIncomeNonControlling": -204000000, "calculatedEbitda": 1966000000}, {"date": "2012-12-31", "symbol": "PTVE", "reportedCurrency": "USD", "cik": "0001527508", "fillingDate": "2013-03-13", "acceptedDate": "2013-03-12 18:12:33", "calendarYear": "2012", "period": "FY", "revenue": 11758000000, "costOfRevenue": 9660000000, "grossProfit": 2098000000, "grossProfitRatio": 0.1784317061, "researchAndDevelopmentExpenses": 0, "generalAndAdministrativeExpenses": 773000000, "sellingAndMarketingExpenses": 267000000, "sellingGeneralAndAdministrativeExpenses": 1040000000, "otherExpenses": 0, "operatingExpenses": 1076000000, "costAndExpenses": 10736000000, "interestIncome": 0, "interestExpense": 0, "depreciationAndAmortization": 919000000, "ebitda": 1989000000, "ebitdaratio": 0.169161422, "operatingIncome": 1070000000, "operatingIncomeRatio": 0.0910018711, "totalOtherIncomeExpensesNet": -1494000000, "incomeBeforeTax": -424000000, "incomeBeforeTaxRatio": -0.0360605545, "incomeTaxExpense": 125000000, "netIncome": -300000000, "netIncomeRatio": -0.0255145433, "eps": -2.7, "epsdiluted": -2.7, "weightedAverageShsOut": 111000028, "weightedAverageShsOutDil": 111000004, "link": "https://www.sec.gov/Archives/edgar/data/1527508/000144530513000579/0001445305-13-000579-index.htm", "finalLink": "https://www.sec.gov/Archives/edgar/data/1527508/000144530513000579/rghlye2012mdafs.htm", "calculatedOtherExpenses": -12000000, "calculatedOperatingExpenses": 1028000000, "calculatedNetInterest": 0, "calculatedOtherIncome": -1494000000, "calculatedIncomeNonControlling": -249000000, "calculatedEbitda": 1989000000}]}