{"originalCurrency": "USD", "convertedCurrency": "USD", "report": [{"date": "2024-02-04", "symbol": "PVH", "reportedCurrency": "USD", "cik": "0000078239", "fillingDate": "2024-04-02", "acceptedDate": "2024-04-02 12:11:52", "calendarYear": "2023", "period": "FY", "revenue": 9217700000, "costOfRevenue": 3854500000, "grossProfit": 5363200000, "grossProfitRatio": 0.5818371177, "researchAndDevelopmentExpenses": 0, "generalAndAdministrativeExpenses": 4495400000, "sellingAndMarketingExpenses": 47200000, "sellingGeneralAndAdministrativeExpenses": 4542600000, "otherExpenses": 15300000, "operatingExpenses": 4542600000, "costAndExpenses": 8397100000, "interestIncome": 11500000, "interestExpense": 99300000, "depreciationAndAmortization": 298600000, "ebitda": 1119200000, "ebitdaratio": 0.1214185751, "operatingIncome": 820600000, "operatingIncomeRatio": 0.089024377, "totalOtherIncomeExpensesNet": 20400000, "incomeBeforeTax": 841000000, "incomeBeforeTaxRatio": 0.0912375104, "incomeTaxExpense": 177400000, "netIncome": 663600000, "netIncomeRatio": 0.0719919286, "eps": 10.88, "epsdiluted": 10.76, "weightedAverageShsOut": 61000000, "weightedAverageShsOutDil": 61700000, "link": "https://www.sec.gov/Archives/edgar/data/78239/000007823924000013/0000078239-24-000013-index.htm", "finalLink": "https://www.sec.gov/Archives/edgar/data/78239/000007823924000013/pvh-20240204.htm", "calculatedOtherExpenses": 0, "calculatedOperatingExpenses": 4542600000, "calculatedNetInterest": -87800000, "calculatedOtherIncome": 108200000, "calculatedIncomeNonControlling": 0, "calculatedEbitda": 1119200000}, {"date": "2023-01-29", "symbol": "PVH", "reportedCurrency": "USD", "cik": "0000078239", "fillingDate": "2023-03-28", "acceptedDate": "2023-03-28 12:04:19", "calendarYear": "2022", "period": "FY", "revenue": 9024200000, "costOfRevenue": 3901300000, "grossProfit": 5122900000, "grossProfitRatio": 0.5676846701, "researchAndDevelopmentExpenses": 0, "generalAndAdministrativeExpenses": 3885300000, "sellingAndMarketingExpenses": 492100000, "sellingGeneralAndAdministrativeExpenses": 4377400000, "otherExpenses": 91900000, "operatingExpenses": 4377400000, "costAndExpenses": 8278700000, "interestIncome": 7100000, "interestExpense": 82500000, "depreciationAndAmortization": 301500000, "ebitda": 887800000, "ebitdaratio": 0.0983799118, "operatingIncome": 586300000, "operatingIncomeRatio": 0.064969748, "totalOtherIncomeExpensesNet": -198100000, "incomeBeforeTax": 388200000, "incomeBeforeTaxRatio": 0.0430176636, "incomeTaxExpense": 187800000, "netIncome": 200400000, "netIncomeRatio": 0.0222069546, "eps": 3.05, "epsdiluted": 3.03, "weightedAverageShsOut": 65700000, "weightedAverageShsOutDil": 66200000, "link": "https://www.sec.gov/Archives/edgar/data/78239/000007823923000014/0000078239-23-000014-index.htm", "finalLink": "https://www.sec.gov/Archives/edgar/data/78239/000007823923000014/pvh-20230129.htm", "calculatedOtherExpenses": 159200000, "calculatedOperatingExpenses": 4536600000, "calculatedNetInterest": -75400000, "calculatedOtherIncome": -122700000, "calculatedIncomeNonControlling": 0, "calculatedEbitda": 887800000}, {"date": "2022-01-30", "symbol": "PVH", "reportedCurrency": "USD", "cik": "0000078239", "fillingDate": "2022-03-30", "acceptedDate": "2022-03-30 13:01:21", "calendarYear": "2021", "period": "FY", "revenue": 9154700000, "costOfRevenue": 3830600000, "grossProfit": 5324100000, "grossProfitRatio": 0.5815701225, "researchAndDevelopmentExpenses": 0, "generalAndAdministrativeExpenses": 3918100001, "sellingAndMarketingExpenses": 535799999, "sellingGeneralAndAdministrativeExpenses": 4453900000, "otherExpenses": 183000000, "operatingExpenses": 4453900000, "costAndExpenses": 8284500000, "interestIncome": 4400000, "interestExpense": 104200000, "depreciationAndAmortization": 313300000, "ebitda": 1076900000, "ebitdaratio": 0.1176335653, "operatingIncome": 763600000, "operatingIncomeRatio": 0.0834107071, "totalOtherIncomeExpensesNet": 209100000, "incomeBeforeTax": 972700000, "incomeBeforeTaxRatio": 0.1062514337, "incomeTaxExpense": 20700000, "netIncome": 952300000, "netIncomeRatio": 0.1040230701, "eps": 13.45, "epsdiluted": 13.24, "weightedAverageShsOut": 70800000, "weightedAverageShsOutDil": 71900000, "link": "https://www.sec.gov/Archives/edgar/data/78239/000007823922000031/0000078239-22-000031-index.htm", "finalLink": "https://www.sec.gov/Archives/edgar/data/78239/000007823922000031/pvh-20220130.htm", "calculatedOtherExpenses": 106600000, "calculatedOperatingExpenses": 4560500000, "calculatedNetInterest": -99800000, "calculatedOtherIncome": 308900000, "calculatedIncomeNonControlling": -300000, "calculatedEbitda": 1076900000}, {"date": "2021-01-31", "symbol": "PVH", "reportedCurrency": "USD", "cik": "0000078239", "fillingDate": "2021-03-31", "acceptedDate": "2021-03-31 11:57:48", "calendarYear": "2020", "period": "FY", "revenue": 7132600000, "costOfRevenue": 3355800000, "grossProfit": 3776800000, "grossProfitRatio": 0.5295123798, "researchAndDevelopmentExpenses": 0, "generalAndAdministrativeExpenses": 3983200000, "sellingAndMarketingExpenses": 379000000, "sellingGeneralAndAdministrativeExpenses": 3983200000, "otherExpenses": 72800000, "operatingExpenses": 3983200000, "costAndExpenses": 7339000000, "interestIncome": 4200000, "interestExpense": 121300000, "depreciationAndAmortization": 325800000, "ebitda": -138200000, "ebitdaratio": -0.0193758237, "operatingIncome": -464000000, "operatingIncomeRatio": -0.0650534167, "totalOtherIncomeExpensesNet": -729000000, "incomeBeforeTax": -1193000000, "incomeBeforeTaxRatio": -0.1672601856, "incomeTaxExpense": -55500000, "netIncome": -1137500000, "netIncomeRatio": -0.1594790119, "eps": -15.98, "epsdiluted": -15.98, "weightedAverageShsOut": 71200000, "weightedAverageShsOutDil": 71200000, "link": "https://www.sec.gov/Archives/edgar/data/78239/000007823921000017/0000078239-21-000017-index.htm", "finalLink": "https://www.sec.gov/Archives/edgar/data/78239/000007823921000017/pvh-20210131.htm", "calculatedOtherExpenses": 257600000, "calculatedOperatingExpenses": 4240800000, "calculatedNetInterest": -117100000, "calculatedOtherIncome": -611900000, "calculatedIncomeNonControlling": 0, "calculatedEbitda": -138200000}, {"date": "2020-02-02", "symbol": "PVH", "reportedCurrency": "USD", "cik": "0000078239", "fillingDate": "2020-04-01", "acceptedDate": "2020-04-01 16:56:32", "calendarYear": "2019", "period": "FY", "revenue": 9909000000, "costOfRevenue": 4520600000, "grossProfit": 5388400000, "grossProfitRatio": 0.5437884751, "researchAndDevelopmentExpenses": 0, "generalAndAdministrativeExpenses": 4715200000, "sellingAndMarketingExpenses": 509700000, "sellingGeneralAndAdministrativeExpenses": 4715200000, "otherExpenses": -118900000, "operatingExpenses": 4715200000, "costAndExpenses": 9235800000, "interestIncome": 5300000, "interestExpense": 120000000, "depreciationAndAmortization": 323800000, "ebitda": 678400000, "ebitdaratio": 0.0684630134, "operatingIncome": 354600000, "operatingIncomeRatio": 0.0357856494, "totalOtherIncomeExpensesNet": 89400000, "incomeBeforeTax": 444000000, "incomeBeforeTaxRatio": 0.0448077505, "incomeTaxExpense": 28900000, "netIncome": 417300000, "netIncomeRatio": 0.0421132304, "eps": 5.62, "epsdiluted": 5.59, "weightedAverageShsOut": 74200000, "weightedAverageShsOutDil": 74600000, "link": "https://www.sec.gov/Archives/edgar/data/78239/000007823920000023/0000078239-20-000023-index.htm", "finalLink": "https://www.sec.gov/Archives/edgar/data/78239/000007823920000023/pvh10k2019.htm", "calculatedOtherExpenses": 318600000, "calculatedOperatingExpenses": 5033800000, "calculatedNetInterest": -114700000, "calculatedOtherIncome": 204100000, "calculatedIncomeNonControlling": -2200000, "calculatedEbitda": 678400000}, {"date": "2019-02-03", "symbol": "PVH", "reportedCurrency": "USD", "cik": "0000078239", "fillingDate": "2019-03-29", "acceptedDate": "2019-03-29 11:02:48", "calendarYear": "2018", "period": "FY", "revenue": 9656800000, "costOfRevenue": 4348500000, "grossProfit": 5308300000, "grossProfitRatio": 0.5496955513, "researchAndDevelopmentExpenses": 0, "generalAndAdministrativeExpenses": 4432800000, "sellingAndMarketingExpenses": 526000000, "sellingGeneralAndAdministrativeExpenses": 4432800000, "otherExpenses": -5100000, "operatingExpenses": 4432800000, "costAndExpenses": 8781300000, "interestIncome": 4700000, "interestExpense": 120800000, "depreciationAndAmortization": 334800000, "ebitda": 875500000, "ebitdaratio": 0.0906615028, "operatingIncome": 875500000, "operatingIncomeRatio": 0.0906615028, "totalOtherIncomeExpensesNet": 16200000, "incomeBeforeTax": 775600000, "incomeBeforeTaxRatio": 0.0803164609, "incomeTaxExpense": 31000000, "netIncome": 746400000, "netIncomeRatio": 0.0772926849, "eps": 9.76, "epsdiluted": 9.66, "weightedAverageShsOut": 76500000, "weightedAverageShsOutDil": 77300000, "link": "https://www.sec.gov/Archives/edgar/data/78239/000007823919000011/0000078239-19-000011-index.htm", "finalLink": "https://www.sec.gov/Archives/edgar/data/78239/000007823919000011/pvh10k2018.htm", "calculatedOtherExpenses": 0, "calculatedOperatingExpenses": 4432800000, "calculatedNetInterest": -116100000, "calculatedOtherIncome": 16200000, "calculatedIncomeNonControlling": -1800000, "calculatedEbitda": 1210300000}, {"date": "2018-02-04", "symbol": "PVH", "reportedCurrency": "USD", "cik": "0000078239", "fillingDate": "2018-03-30", "acceptedDate": "2018-03-30 12:55:26", "calendarYear": "2017", "period": "FY", "revenue": 8914800000, "costOfRevenue": 4020400000, "grossProfit": 4894400000, "grossProfitRatio": 0.5490196078, "researchAndDevelopmentExpenses": 0, "generalAndAdministrativeExpenses": 4248200000, "sellingAndMarketingExpenses": 501300000, "sellingGeneralAndAdministrativeExpenses": 4248200000, "otherExpenses": 0, "operatingExpenses": 4248200000, "costAndExpenses": 8268600000, "interestIncome": 6300000, "interestExpense": 128500000, "depreciationAndAmortization": 324900000, "ebitda": 670100000, "ebitdaratio": 0.0751671378, "operatingIncome": 646200000, "operatingIncomeRatio": 0.0724862027, "totalOtherIncomeExpensesNet": -13800000, "incomeBeforeTax": 510200000, "incomeBeforeTaxRatio": 0.0572306726, "incomeTaxExpense": -25900000, "netIncome": 537800000, "netIncomeRatio": 0.0603266478, "eps": 6.71, "epsdiluted": 6.71, "weightedAverageShsOut": 80200000, "weightedAverageShsOutDil": 80900000, "link": "https://www.sec.gov/Archives/edgar/data/78239/000007823918000007/0000078239-18-000007-index.htm", "finalLink": "https://www.sec.gov/Archives/edgar/data/78239/000007823918000007/pvh10k2017.htm", "calculatedOtherExpenses": 0, "calculatedOperatingExpenses": 4248200000, "calculatedNetInterest": -122200000, "calculatedOtherIncome": -13800000, "calculatedIncomeNonControlling": -1700000, "calculatedEbitda": 971100000}, {"date": "2017-01-29", "symbol": "PVH", "reportedCurrency": "USD", "cik": "0000078239", "fillingDate": "2017-03-24", "acceptedDate": "2017-03-24 13:11:02", "calendarYear": "2016", "period": "FY", "revenue": 8203100000, "costOfRevenue": 3832800000, "grossProfit": 4370300000, "grossProfitRatio": 0.5327620046, "researchAndDevelopmentExpenses": 0, "generalAndAdministrativeExpenses": 3636700000, "sellingAndMarketingExpenses": 416300000, "sellingGeneralAndAdministrativeExpenses": 3636700000, "otherExpenses": 71300000, "operatingExpenses": 3636700000, "costAndExpenses": 7469500000, "interestIncome": 5900000, "interestExpense": 120900000, "depreciationAndAmortization": 321800000, "ebitda": 749400000, "ebitdaratio": 0.091355707, "operatingIncome": 733600000, "operatingIncomeRatio": 0.0894296059, "totalOtherIncomeExpensesNet": 55600000, "incomeBeforeTax": 674200000, "incomeBeforeTaxRatio": 0.082188441, "incomeTaxExpense": 125500000, "netIncome": 549000000, "netIncomeRatio": 0.0669259183, "eps": 6.85, "epsdiluted": 6.79, "weightedAverageShsOut": 80200000, "weightedAverageShsOutDil": 80900000, "link": "https://www.sec.gov/Archives/edgar/data/78239/000007823917000009/0000078239-17-000009-index.htm", "finalLink": "https://www.sec.gov/Archives/edgar/data/78239/000007823917000009/pvh10k2016.htm", "calculatedOtherExpenses": 0, "calculatedOperatingExpenses": 3636700000, "calculatedNetInterest": -115000000, "calculatedOtherIncome": 55600000, "calculatedIncomeNonControlling": -300000, "calculatedEbitda": 1055400000}, {"date": "2016-01-31", "symbol": "PVH", "reportedCurrency": "USD", "cik": "0000078239", "fillingDate": "2016-03-25", "acceptedDate": "2016-03-25 12:50:24", "calendarYear": "2015", "period": "FY", "revenue": 8020300000, "costOfRevenue": 3858700000, "grossProfit": 4161600000, "grossProfitRatio": 0.5188833335, "researchAndDevelopmentExpenses": 0, "generalAndAdministrativeExpenses": 3417700000, "sellingAndMarketingExpenses": 609000000, "sellingGeneralAndAdministrativeExpenses": 3417700000, "otherExpenses": 0, "operatingExpenses": 3417700000, "costAndExpenses": 7276400000, "interestIncome": 4000000, "interestExpense": 117000000, "depreciationAndAmortization": 257400000, "ebitda": 743900000, "ebitdaratio": 0.0927521414, "operatingIncome": 743900000, "operatingIncomeRatio": 0.0927521414, "totalOtherIncomeExpensesNet": 16600000, "incomeBeforeTax": 647500000, "incomeBeforeTaxRatio": 0.0807326409, "incomeTaxExpense": 75100000, "netIncome": 572400000, "netIncomeRatio": 0.0713689014, "eps": 6.95, "epsdiluted": 6.89, "weightedAverageShsOut": 82400000, "weightedAverageShsOutDil": 83100000, "link": "https://www.sec.gov/Archives/edgar/data/78239/000007823916000062/0000078239-16-000062-index.htm", "finalLink": "https://www.sec.gov/Archives/edgar/data/78239/000007823916000062/pvh10k2015.htm", "calculatedOtherExpenses": 0, "calculatedOperatingExpenses": 3417700000, "calculatedNetInterest": -113000000, "calculatedOtherIncome": 16600000, "calculatedIncomeNonControlling": 0, "calculatedEbitda": 1001300000}, {"date": "2015-02-01", "symbol": "PVH", "reportedCurrency": "USD", "cik": "0000078239", "fillingDate": "2015-04-01", "acceptedDate": "2015-04-01 15:22:15", "calendarYear": "2014", "period": "FY", "revenue": 8241200000, "costOfRevenue": 3914500000, "grossProfit": 4326700000, "grossProfitRatio": 0.5250084939, "researchAndDevelopmentExpenses": 0, "generalAndAdministrativeExpenses": 3713600000, "sellingAndMarketingExpenses": 635000000, "sellingGeneralAndAdministrativeExpenses": 3713600000, "otherExpenses": 0, "operatingExpenses": 3713600000, "costAndExpenses": 7628100000, "interestIncome": 5000000, "interestExpense": 143500000, "depreciationAndAmortization": 244700000, "ebitda": 706200000, "ebitdaratio": 0.0856914042, "operatingIncome": 613100000, "operatingIncomeRatio": 0.0743945057, "totalOtherIncomeExpensesNet": -83200000, "incomeBeforeTax": 391400000, "incomeBeforeTaxRatio": 0.0474930835, "incomeTaxExpense": -47500000, "netIncome": 439000000, "netIncomeRatio": 0.0532689414, "eps": 5.33, "epsdiluted": 5.27, "weightedAverageShsOut": 82400000, "weightedAverageShsOutDil": 83300000, "link": "https://www.sec.gov/Archives/edgar/data/78239/000007823915000008/0000078239-15-000008-index.htm", "finalLink": "https://www.sec.gov/Archives/edgar/data/78239/000007823915000008/pvh10k2014.htm", "calculatedOtherExpenses": 0, "calculatedOperatingExpenses": 3713600000, "calculatedNetInterest": -138500000, "calculatedOtherIncome": -83200000, "calculatedIncomeNonControlling": -100000, "calculatedEbitda": 857800000}, {"date": "2014-02-02", "symbol": "PVH", "reportedCurrency": "USD", "cik": "0000078239", "fillingDate": "2014-04-03", "acceptedDate": "2014-04-03 11:03:08", "calendarYear": "2013", "period": "FY", "revenue": 8186351000, "costOfRevenue": 3967081000, "grossProfit": 4219270000, "grossProfitRatio": 0.5154030166, "researchAndDevelopmentExpenses": 0, "generalAndAdministrativeExpenses": 3673469000, "sellingAndMarketingExpenses": 392500000, "sellingGeneralAndAdministrativeExpenses": 3673469000, "otherExpenses": 0, "operatingExpenses": 3673469000, "costAndExpenses": 7640550000, "interestIncome": 7503000, "interestExpense": 192199000, "depreciationAndAmortization": 313594000, "ebitda": 586196000, "ebitdaratio": 0.071606507, "operatingIncome": 545801000, "operatingIncomeRatio": 0.066672074, "totalOtherIncomeExpensesNet": -32339000, "incomeBeforeTax": 328766000, "incomeBeforeTaxRatio": 0.0401602619, "incomeTaxExpense": 185284000, "netIncome": 143537000, "netIncomeRatio": 0.0175336972, "eps": 1.77, "epsdiluted": 1.74, "weightedAverageShsOut": 81167000, "weightedAverageShsOutDil": 82618000, "link": "https://www.sec.gov/Archives/edgar/data/78239/000007823914000017/0000078239-14-000017-index.htm", "finalLink": "https://www.sec.gov/Archives/edgar/data/78239/000007823914000017/pvh10k2013.htm", "calculatedOtherExpenses": 0, "calculatedOperatingExpenses": 3673469000, "calculatedNetInterest": -184696000, "calculatedOtherIncome": -32339000, "calculatedIncomeNonControlling": -55000, "calculatedEbitda": 859395000}, {"date": "2013-02-03", "symbol": "PVH", "reportedCurrency": "USD", "cik": "0000078239", "fillingDate": "2013-04-03", "acceptedDate": "2013-04-03 17:10:17", "calendarYear": "2012", "period": "FY", "revenue": 6042999000, "costOfRevenue": 2793769000, "grossProfit": 3249230000, "grossProfitRatio": 0.5376850137, "researchAndDevelopmentExpenses": 0, "generalAndAdministrativeExpenses": 2594315000, "sellingAndMarketingExpenses": 350600000, "sellingGeneralAndAdministrativeExpenses": 2594315000, "otherExpenses": 0, "operatingExpenses": 2594315000, "costAndExpenses": 5388084000, "interestIncome": 1497000, "interestExpense": 118747000, "depreciationAndAmortization": 140356000, "ebitda": 654915000, "ebitdaratio": 0.1083758247, "operatingIncome": 654915000, "operatingIncomeRatio": 0.1083758247, "totalOtherIncomeExpensesNet": 5447000, "incomeBeforeTax": 543112000, "incomeBeforeTaxRatio": 0.0898745805, "incomeTaxExpense": 109272000, "netIncome": 433840000, "netIncomeRatio": 0.0717921681, "eps": 6.16, "epsdiluted": 5.87, "weightedAverageShsOut": 70392000, "weightedAverageShsOutDil": 73876000, "link": "https://www.sec.gov/Archives/edgar/data/78239/000007823913000019/0000078239-13-000019-index.htm", "finalLink": "https://www.sec.gov/Archives/edgar/data/78239/000007823913000019/pvh10k2012.htm", "calculatedOtherExpenses": 0, "calculatedOperatingExpenses": 2594315000, "calculatedNetInterest": -117250000, "calculatedOtherIncome": 5447000, "calculatedIncomeNonControlling": 0, "calculatedEbitda": 795271000}, {"date": "2012-01-29", "symbol": "PVH", "reportedCurrency": "USD", "cik": "0000078239", "fillingDate": "2012-03-28", "acceptedDate": "2012-03-28 15:00:15", "calendarYear": "2011", "period": "FY", "revenue": 5890624000, "costOfRevenue": 2834735000, "grossProfit": 3055889000, "grossProfitRatio": 0.5187716955, "researchAndDevelopmentExpenses": 0, "generalAndAdministrativeExpenses": 2481370000, "sellingAndMarketingExpenses": 0, "sellingGeneralAndAdministrativeExpenses": 2481370000, "otherExpenses": 0, "operatingExpenses": 2481370000, "costAndExpenses": 5316105000, "interestIncome": 1267000, "interestExpense": 129355000, "depreciationAndAmortization": 132010000, "ebitda": 590752000, "ebitdaratio": 0.1002868287, "operatingIncome": 574519000, "operatingIncomeRatio": 0.0975310935, "totalOtherIncomeExpensesNet": -14866000, "incomeBeforeTax": 431565000, "incomeBeforeTaxRatio": 0.0732630363, "incomeTaxExpense": 113684000, "netIncome": 317881000, "netIncomeRatio": 0.0539638925, "eps": 4.73, "epsdiluted": 4.36, "weightedAverageShsOut": 67158000, "weightedAverageShsOutDil": 72923000, "link": "https://www.sec.gov/Archives/edgar/data/78239/000007823912000024/0000078239-12-000024-index.htm", "finalLink": "https://www.sec.gov/Archives/edgar/data/78239/000007823912000024/pvh10k2011.htm", "calculatedOtherExpenses": 0, "calculatedOperatingExpenses": 2481370000, "calculatedNetInterest": -128088000, "calculatedOtherIncome": -14866000, "calculatedIncomeNonControlling": 0, "calculatedEbitda": 706529000}, {"date": "2011-01-30", "symbol": "PVH", "reportedCurrency": "USD", "cik": "0000078239", "fillingDate": "2011-03-30", "acceptedDate": "2011-03-30 14:22:54", "calendarYear": "2010", "period": "FY", "revenue": 4636848000, "costOfRevenue": 2421951000, "grossProfit": 2214897000, "grossProfitRatio": 0.4776729796, "researchAndDevelopmentExpenses": 0, "generalAndAdministrativeExpenses": 0, "sellingAndMarketingExpenses": 0, "sellingGeneralAndAdministrativeExpenses": 2071416000, "otherExpenses": 140490000, "operatingExpenses": 2071416000, "costAndExpenses": 4493367000, "interestIncome": 1739000, "interestExpense": 128561000, "depreciationAndAmortization": 147137000, "ebitda": 290621000, "ebitdaratio": 0.0626764129, "operatingIncome": 210045000, "operatingIncomeRatio": 0.0452990911, "totalOtherIncomeExpensesNet": -147140000, "incomeBeforeTax": 76573000, "incomeBeforeTaxRatio": 0.0165140199, "incomeTaxExpense": 22768000, "netIncome": 53805000, "netIncomeRatio": 0.0116037877, "eps": 0.8, "epsdiluted": 0.8, "weightedAverageShsOut": 67065674, "weightedAverageShsOutDil": 67378000, "link": "https://www.sec.gov/Archives/edgar/data/78239/000007823911000015/0000078239-11-000015-index.htm", "finalLink": "https://www.sec.gov/Archives/edgar/data/78239/000007823911000015/formtenkjan302011.htm", "calculatedOtherExpenses": -66564000, "calculatedOperatingExpenses": 2004852000, "calculatedNetInterest": -126822000, "calculatedOtherIncome": -6650000, "calculatedIncomeNonControlling": 0, "calculatedEbitda": 357182000}, {"date": "2010-01-31", "symbol": "PVH", "reportedCurrency": "USD", "cik": "0000078239", "fillingDate": "2010-03-31", "acceptedDate": "2010-03-31 16:45:07", "calendarYear": "2009", "period": "FY", "revenue": 2398731000, "costOfRevenue": 1216128000, "grossProfit": 1182603000, "grossProfitRatio": 0.4930119301, "researchAndDevelopmentExpenses": 0, "generalAndAdministrativeExpenses": 0, "sellingAndMarketingExpenses": 0, "sellingGeneralAndAdministrativeExpenses": 938791000, "otherExpenses": 0, "operatingExpenses": 938791000, "costAndExpenses": 2154919000, "interestIncome": 1295000, "interestExpense": 32229000, "depreciationAndAmortization": 49889000, "ebitda": 243812000, "ebitdaratio": 0.1016420766, "operatingIncome": 243812000, "operatingIncomeRatio": 0.1016420766, "totalOtherIncomeExpensesNet": -32229000, "incomeBeforeTax": 211583000, "incomeBeforeTaxRatio": 0.0882062224, "incomeTaxExpense": 49673000, "netIncome": 161910000, "netIncomeRatio": 0.0674981897, "eps": 3.14, "epsdiluted": 3.08, "weightedAverageShsOut": 51639000, "weightedAverageShsOutDil": 52506000, "link": "https://www.sec.gov/Archives/edgar/data/78239/000007823910000015/0000078239-10-000015-index.htm", "finalLink": "https://www.sec.gov/Archives/edgar/data/78239/000007823910000015/tenkjan312010.htm", "calculatedOtherExpenses": 0, "calculatedOperatingExpenses": 938791000, "calculatedNetInterest": -30934000, "calculatedOtherIncome": -1295000, "calculatedIncomeNonControlling": 0, "calculatedEbitda": 293701000}, {"date": "2009-02-01", "symbol": "PVH", "reportedCurrency": "USD", "cik": "0000078239", "fillingDate": "2009-04-01", "acceptedDate": "2009-04-01 09:45:40", "calendarYear": "2008", "period": "FY", "revenue": 2491935000, "costOfRevenue": 1291267000, "grossProfit": 1200668000, "grossProfitRatio": 0.4818215563, "researchAndDevelopmentExpenses": 0, "generalAndAdministrativeExpenses": 0, "sellingAndMarketingExpenses": 0, "sellingGeneralAndAdministrativeExpenses": 1028784000, "otherExpenses": -1864000, "operatingExpenses": 1026920000, "costAndExpenses": 2318187000, "interestIncome": 6195000, "interestExpense": 33639000, "depreciationAndAmortization": 55366000, "ebitda": 235309000, "ebitdaratio": 0.0944282255, "operatingIncome": 173748000, "operatingIncomeRatio": 0.06972413, "totalOtherIncomeExpensesNet": -27444000, "incomeBeforeTax": 146304000, "incomeBeforeTaxRatio": 0.0587110017, "incomeTaxExpense": 54533000, "netIncome": 91771000, "netIncomeRatio": 0.0368272046, "eps": 3.14, "epsdiluted": 3.08, "weightedAverageShsOut": 51639000, "weightedAverageShsOutDil": 52506000, "link": "https://www.sec.gov/Archives/edgar/data/78239/000007823909000013/0000078239-09-000013-index.htm", "finalLink": "https://www.sec.gov/Archives/edgar/data/78239/000007823909000013/tenk020109.htm", "calculatedOtherExpenses": -1864000, "calculatedOperatingExpenses": 1026920000, "calculatedNetInterest": -27444000, "calculatedOtherIncome": 0, "calculatedIncomeNonControlling": 0, "calculatedEbitda": 229114000}, {"date": "2008-02-03", "symbol": "PVH", "reportedCurrency": "USD", "cik": "0000078239", "fillingDate": "2008-04-03", "acceptedDate": "2008-04-03 11:48:01", "calendarYear": "2007", "period": "FY", "revenue": 2425175000, "costOfRevenue": 1234188000, "grossProfit": 1190987000, "grossProfitRatio": 0.4910932201, "researchAndDevelopmentExpenses": 0, "generalAndAdministrativeExpenses": 0, "sellingAndMarketingExpenses": 0, "sellingGeneralAndAdministrativeExpenses": 882492000, "otherExpenses": 0, "operatingExpenses": 882492000, "costAndExpenses": 2116680000, "interestIncome": 0, "interestExpense": 0, "depreciationAndAmortization": 46590000, "ebitda": 351750000, "ebitdaratio": 0.1450410795, "operatingIncome": 308495000, "operatingIncomeRatio": 0.1272052532, "totalOtherIncomeExpensesNet": 3335000, "incomeBeforeTax": 294821000, "incomeBeforeTaxRatio": 0.1215668972, "incomeTaxExpense": 111502000, "netIncome": 183319000, "netIncomeRatio": 0.075590009, "eps": 3.29, "epsdiluted": 3.21, "weightedAverageShsOut": 55695000, "weightedAverageShsOutDil": 57082000, "link": "https://www.sec.gov/Archives/edgar/data/78239/000007823908000010/0000078239-08-000010-index.htm", "finalLink": "https://www.sec.gov/Archives/edgar/data/78239/000007823908000010/tenk020308.htm", "calculatedOtherExpenses": 0, "calculatedOperatingExpenses": 882492000, "calculatedNetInterest": 0, "calculatedOtherIncome": -13674000, "calculatedIncomeNonControlling": 0, "calculatedEbitda": 355085000}, {"date": "2007-02-04", "symbol": "PVH", "reportedCurrency": "USD", "cik": "0000078239", "fillingDate": "2007-04-05", "acceptedDate": "2007-04-05 14:21:15", "calendarYear": "2006", "period": "FY", "revenue": 2090648000, "costOfRevenue": 1060784000, "grossProfit": 1029864000, "grossProfitRatio": 0.4926051636, "researchAndDevelopmentExpenses": 0, "generalAndAdministrativeExpenses": 0, "sellingAndMarketingExpenses": 0, "sellingGeneralAndAdministrativeExpenses": 796601000, "otherExpenses": 0, "operatingExpenses": 796601000, "costAndExpenses": 1857385000, "interestIncome": 0, "interestExpense": 0, "depreciationAndAmortization": 37902000, "ebitda": 239122000, "ebitdaratio": 0.1143769779, "operatingIncome": 233263000, "operatingIncomeRatio": 0.1115744975, "totalOtherIncomeExpensesNet": 32043000, "incomeBeforeTax": 248433000, "incomeBeforeTaxRatio": 0.1188306209, "incomeTaxExpense": 93204000, "netIncome": 155229000, "netIncomeRatio": 0.074249228, "eps": 2.71, "epsdiluted": 2.64, "weightedAverageShsOut": 52110000, "weightedAverageShsOutDil": 53483000, "link": "https://www.sec.gov/Archives/edgar/data/78239/000007823907000011/0000078239-07-000011-index.htm", "finalLink": "https://www.sec.gov/Archives/edgar/data/78239/000007823907000011/tenk20407.htm", "calculatedOtherExpenses": 0, "calculatedOperatingExpenses": 796601000, "calculatedNetInterest": 0, "calculatedOtherIncome": 15170000, "calculatedIncomeNonControlling": 0, "calculatedEbitda": 271165000}, {"date": "2006-01-29", "symbol": "PVH", "reportedCurrency": "USD", "cik": "0000078239", "fillingDate": "2006-04-14", "acceptedDate": "2006-04-14 16:19:25", "calendarYear": "2005", "period": "FY", "revenue": 1908848000, "costOfRevenue": 1017793000, "grossProfit": 891055000, "grossProfitRatio": 0.4668024903, "researchAndDevelopmentExpenses": 0, "generalAndAdministrativeExpenses": 0, "sellingAndMarketingExpenses": 0, "sellingGeneralAndAdministrativeExpenses": 684209000, "otherExpenses": 0, "operatingExpenses": 684209000, "costAndExpenses": 1702002000, "interestIncome": 0, "interestExpense": 0, "depreciationAndAmortization": 35481000, "ebitda": 242327000, "ebitdaratio": 0.1269493433, "operatingIncome": 206846000, "operatingIncomeRatio": 0.1083616925, "totalOtherIncomeExpensesNet": -28577000, "incomeBeforeTax": 178269000, "incomeBeforeTaxRatio": 0.0933908829, "incomeTaxExpense": 66581000, "netIncome": 111688000, "netIncomeRatio": 0.0585106829, "eps": 2.15, "epsdiluted": 1.85, "weightedAverageShsOut": 38297000, "weightedAverageShsOutDil": 51695000, "link": "https://www.sec.gov/Archives/edgar/data/78239/000104746906005175/0001047469-06-005175-index.htm", "finalLink": "https://www.sec.gov/Archives/edgar/data/78239/000104746906005175/a2169334z10-k.htm", "calculatedOtherExpenses": 0, "calculatedOperatingExpenses": 684209000, "calculatedNetInterest": 0, "calculatedOtherIncome": -28577000, "calculatedIncomeNonControlling": 0, "calculatedEbitda": 242327000}, {"date": "2005-01-30", "symbol": "PVH", "reportedCurrency": "USD", "cik": "0000078239", "fillingDate": "2005-04-14", "acceptedDate": "2005-04-14 15:34:43", "calendarYear": "2004", "period": "FY", "revenue": 1641428000, "costOfRevenue": 890437000, "grossProfit": 750991000, "grossProfitRatio": 0.4575229617, "researchAndDevelopmentExpenses": 0, "generalAndAdministrativeExpenses": 0, "sellingAndMarketingExpenses": 0, "sellingGeneralAndAdministrativeExpenses": 621855000, "otherExpenses": 0, "operatingExpenses": 621855000, "costAndExpenses": 1512292000, "interestIncome": 0, "interestExpense": 0, "depreciationAndAmortization": 32022000, "ebitda": 160415000, "ebitdaratio": 0.0977289287, "operatingIncome": 129136000, "operatingIncomeRatio": 0.0786729604, "totalOtherIncomeExpensesNet": 743000, "incomeBeforeTax": 87022000, "incomeBeforeTaxRatio": 0.0530160324, "incomeTaxExpense": 28407000, "netIncome": 58615000, "netIncomeRatio": 0.03570976, "eps": 1.2, "epsdiluted": 1.14, "weightedAverageShsOut": 31117000, "weightedAverageShsOutDil": 51637000, "link": "https://www.sec.gov/Archives/edgar/data/78239/000007823905000009/0000078239-05-000009-index.htm", "finalLink": "https://www.sec.gov/Archives/edgar/data/78239/000007823905000009/tenk1302005edgar.htm", "calculatedOtherExpenses": 0, "calculatedOperatingExpenses": 621855000, "calculatedNetInterest": 0, "calculatedOtherIncome": -42114000, "calculatedIncomeNonControlling": 0, "calculatedEbitda": 161158000}, {"date": "2004-02-01", "symbol": "PVH", "reportedCurrency": "USD", "cik": "0000078239", "fillingDate": "2004-04-15", "acceptedDate": "2004-04-15 15:54:45", "calendarYear": "2003", "period": "FY", "revenue": 1582011000, "costOfRevenue": 924477000, "grossProfit": 657534000, "grossProfitRatio": 0.4156317497, "researchAndDevelopmentExpenses": 0, "generalAndAdministrativeExpenses": 0, "sellingAndMarketingExpenses": 0, "sellingGeneralAndAdministrativeExpenses": 601752000, "otherExpenses": 0, "operatingExpenses": 601752000, "costAndExpenses": 1526229000, "interestIncome": 0, "interestExpense": 0, "depreciationAndAmortization": 28570000, "ebitda": 80856000, "ebitdaratio": 0.051109632, "operatingIncome": 55782000, "operatingIncomeRatio": 0.0352601847, "totalOtherIncomeExpensesNet": 3496000, "incomeBeforeTax": 22906000, "incomeBeforeTaxRatio": 0.0144790397, "incomeTaxExpense": 8200000, "netIncome": 14706000, "netIncomeRatio": 0.0092957634, "eps": -0.18, "epsdiluted": -0.18, "weightedAverageShsOut": 29561111, "weightedAverageShsOutDil": 29561111, "link": "https://www.sec.gov/Archives/edgar/data/78239/000007823904000021/0000078239-04-000021-index.htm", "finalLink": "https://www.sec.gov/Archives/edgar/data/78239/000007823904000021/tenk2104.htm", "calculatedOtherExpenses": 0, "calculatedOperatingExpenses": 601752000, "calculatedNetInterest": 0, "calculatedOtherIncome": -32876000, "calculatedIncomeNonControlling": 0, "calculatedEbitda": 84352000}, {"date": "2003-02-02", "symbol": "PVH", "reportedCurrency": "USD", "cik": "0000078239", "fillingDate": "2003-04-21", "acceptedDate": "2003-04-21 17:25:45", "calendarYear": "2002", "period": "FY", "revenue": 1404973000, "costOfRevenue": 873743000, "grossProfit": 531230000, "grossProfitRatio": 0.3781069102, "researchAndDevelopmentExpenses": 0, "generalAndAdministrativeExpenses": 0, "sellingAndMarketingExpenses": 0, "sellingGeneralAndAdministrativeExpenses": 462195000, "otherExpenses": 0, "operatingExpenses": 462195000, "costAndExpenses": 1335938000, "interestIncome": 0, "interestExpense": 0, "depreciationAndAmortization": 25678000, "ebitda": 94713000, "ebitdaratio": 0.0674126834, "operatingIncome": 69035000, "operatingIncomeRatio": 0.0491361756, "totalOtherIncomeExpensesNet": -22729000, "incomeBeforeTax": 46306000, "incomeBeforeTaxRatio": 0.0329586405, "incomeTaxExpense": 15869000, "netIncome": 30437000, "netIncomeRatio": 0.0216637615, "eps": 1.1, "epsdiluted": 1.08, "weightedAverageShsOut": 27670000, "weightedAverageShsOutDil": 28182407, "link": "https://www.sec.gov/Archives/edgar/data/78239/000095013603000893/0000950136-03-000893-index.htm", "finalLink": "https://www.sec.gov/Archives/edgar/data/78239/000095013603000893/file001.txt", "calculatedOtherExpenses": 0, "calculatedOperatingExpenses": 462195000, "calculatedNetInterest": 0, "calculatedOtherIncome": -22729000, "calculatedIncomeNonControlling": 0, "calculatedEbitda": 94713000}, {"date": "2002-02-03", "symbol": "PVH", "reportedCurrency": "USD", "cik": "0000078239", "fillingDate": "2002-04-26", "acceptedDate": "2002-04-26 00:00:00", "calendarYear": "2001", "period": "FY", "revenue": 1431892000, "costOfRevenue": 925662000, "grossProfit": 506230000, "grossProfitRatio": 0.3535392334, "researchAndDevelopmentExpenses": 0, "generalAndAdministrativeExpenses": 0, "sellingAndMarketingExpenses": 0, "sellingGeneralAndAdministrativeExpenses": 465091000, "otherExpenses": 0, "operatingExpenses": 465091000, "costAndExpenses": 1390753000, "interestIncome": 0, "interestExpense": 0, "depreciationAndAmortization": 25734000, "ebitda": 66873000, "ebitdaratio": 0.0467025446, "operatingIncome": 41139000, "operatingIncomeRatio": 0.0287305188, "totalOtherIncomeExpensesNet": -24451000, "incomeBeforeTax": 16688000, "incomeBeforeTaxRatio": 0.0116545103, "incomeTaxExpense": 6008000, "netIncome": 10680000, "netIncomeRatio": 0.0074586631, "eps": 0.39, "epsdiluted": 0.38, "weightedAverageShsOut": 27384615, "weightedAverageShsOutDil": 28105263, "link": "https://www.sec.gov/Archives/edgar/data/78239/000007823902000006/0000078239-02-000006-index.htm", "finalLink": "https://www.sec.gov/Archives/edgar/data/78239/000007823902000006/ten01k.htm", "calculatedOtherExpenses": 0, "calculatedOperatingExpenses": 465091000, "calculatedNetInterest": 0, "calculatedOtherIncome": -24451000, "calculatedIncomeNonControlling": 0, "calculatedEbitda": 66873000}, {"date": "2001-02-04", "symbol": "PVH", "reportedCurrency": "USD", "cik": "0000078239", "fillingDate": "2001-04-26", "acceptedDate": "2001-04-26 00:00:00", "calendarYear": "2000", "period": "FY", "revenue": 1455548000, "costOfRevenue": 930125000, "grossProfit": 525423000, "grossProfitRatio": 0.3609795074, "researchAndDevelopmentExpenses": 0, "generalAndAdministrativeExpenses": 0, "sellingAndMarketingExpenses": 0, "sellingGeneralAndAdministrativeExpenses": 434835000, "otherExpenses": 20051000, "operatingExpenses": 454886000, "costAndExpenses": 1385011000, "interestIncome": 0, "interestExpense": 0, "depreciationAndAmortization": 20051000, "ebitda": 90588000, "ebitdaratio": 0.0622363536, "operatingIncome": 70537000, "operatingIncomeRatio": 0.0484607859, "totalOtherIncomeExpensesNet": -22322000, "incomeBeforeTax": 48215000, "incomeBeforeTaxRatio": 0.0331249811, "incomeTaxExpense": 18115000, "netIncome": 30100000, "netIncomeRatio": 0.0206794967, "eps": 1.1, "epsdiluted": 1.1, "weightedAverageShsOut": 27291539, "weightedAverageShsOutDil": 27326955, "link": "https://www.sec.gov/Archives/edgar/data/78239/000007823901500008/0000078239-01-500008-index.htm", "finalLink": "https://www.sec.gov/Archives/edgar/data/78239/000007823901500008/pvhtenk.htm", "calculatedOtherExpenses": 20051000, "calculatedOperatingExpenses": 454886000, "calculatedNetInterest": 0, "calculatedOtherIncome": -22322000, "calculatedIncomeNonControlling": 0, "calculatedEbitda": 90588000}, {"date": "2000-01-30", "symbol": "PVH", "reportedCurrency": "USD", "cik": "0000078239", "fillingDate": "2000-04-19", "acceptedDate": "2000-04-19 00:00:00", "calendarYear": "1999", "period": "FY", "revenue": 1271490000, "costOfRevenue": 801047000, "grossProfit": 470443000, "grossProfitRatio": 0.3699934722, "researchAndDevelopmentExpenses": 0, "generalAndAdministrativeExpenses": 0, "sellingAndMarketingExpenses": 0, "sellingGeneralAndAdministrativeExpenses": 394216000, "otherExpenses": 19417000, "operatingExpenses": 413633000, "costAndExpenses": 1214680000, "interestIncome": 0, "interestExpense": 0, "depreciationAndAmortization": 19417000, "ebitda": 84727000, "ebitdaratio": 0.066635994, "operatingIncome": 56810000, "operatingIncomeRatio": 0.0446798638, "totalOtherIncomeExpensesNet": -8500000, "incomeBeforeTax": 25880000, "incomeBeforeTaxRatio": 0.0203540728, "incomeTaxExpense": 9007000, "netIncome": 16873000, "netIncomeRatio": 0.0132702577, "eps": 0.62, "epsdiluted": 0.62, "weightedAverageShsOut": 27214516, "weightedAverageShsOutDil": 27307692, "link": "https://www.sec.gov/Archives/edgar/data/78239/000007823900000004/0000078239-00-000004-index.html", "finalLink": "https://www.sec.gov/Archives/edgar/data/78239/000007823900000004/0000078239-00-000004-d1.html", "calculatedOtherExpenses": 19417000, "calculatedOperatingExpenses": 413633000, "calculatedNetInterest": 0, "calculatedOtherIncome": -30930000, "calculatedIncomeNonControlling": 0, "calculatedEbitda": 76227000}, {"date": "1999-01-31", "symbol": "PVH", "reportedCurrency": "USD", "cik": "0000078239", "fillingDate": "1999-04-28", "acceptedDate": "1999-04-28 00:00:00", "calendarYear": "1998", "period": "FY", "revenue": 1303100000, "costOfRevenue": 830800000, "grossProfit": 472300000, "grossProfitRatio": 0.3624434042, "researchAndDevelopmentExpenses": 0, "generalAndAdministrativeExpenses": 0, "sellingAndMarketingExpenses": 0, "sellingGeneralAndAdministrativeExpenses": 394900000, "otherExpenses": 25400000, "operatingExpenses": 420300000, "costAndExpenses": 1251100000, "interestIncome": 0, "interestExpense": 0, "depreciationAndAmortization": 25400000, "ebitda": 85900000, "ebitdaratio": 0.0659197299, "operatingIncome": 52000000, "operatingIncomeRatio": 0.0399048423, "totalOtherIncomeExpensesNet": -8500000, "incomeBeforeTax": 17400000, "incomeBeforeTaxRatio": 0.0133527742, "incomeTaxExpense": 4500000, "netIncome": 11800000, "netIncomeRatio": 0.0090553296, "eps": 0.43, "epsdiluted": 0.43, "weightedAverageShsOut": 27441860, "weightedAverageShsOutDil": 27441860, "link": "https://www.sec.gov/Archives/edgar/data/78239/000007823999000004/0000078239-99-000004-index.html", "finalLink": "https://www.sec.gov/Archives/edgar/data/78239/", "calculatedOtherExpenses": 25400000, "calculatedOperatingExpenses": 420300000, "calculatedNetInterest": 0, "calculatedOtherIncome": -34600000, "calculatedIncomeNonControlling": 1100000, "calculatedEbitda": 77400000}, {"date": "1998-02-01", "symbol": "PVH", "reportedCurrency": "USD", "cik": "0000078239", "fillingDate": "1998-04-15", "acceptedDate": "1998-04-15 00:00:00", "calendarYear": "1997", "period": "FY", "revenue": 1350000000, "costOfRevenue": 912700000, "grossProfit": 437300000, "grossProfitRatio": 0.3239259259, "researchAndDevelopmentExpenses": 0, "generalAndAdministrativeExpenses": 0, "sellingAndMarketingExpenses": 0, "sellingGeneralAndAdministrativeExpenses": 499200000, "otherExpenses": 25300000, "operatingExpenses": 524500000, "costAndExpenses": 1437200000, "interestIncome": 0, "interestExpense": 0, "depreciationAndAmortization": 25300000, "ebitda": -61900000, "ebitdaratio": -0.0458518519, "operatingIncome": -87200000, "operatingIncomeRatio": -0.0645925926, "totalOtherIncomeExpensesNet": -20600000, "incomeBeforeTax": -107800000, "incomeBeforeTaxRatio": -0.0798518519, "incomeTaxExpense": -41200000, "netIncome": -66600000, "netIncomeRatio": -0.0493333333, "eps": -2.46, "epsdiluted": -2.46, "weightedAverageShsOut": 27073171, "weightedAverageShsOutDil": 27073171, "link": "https://www.sec.gov/Archives/edgar/data/78239/000007823998000003/0000078239-98-000003-index.html", "finalLink": "https://www.sec.gov/Archives/edgar/data/78239/", "calculatedOtherExpenses": 25300000, "calculatedOperatingExpenses": 524500000, "calculatedNetInterest": 0, "calculatedOtherIncome": -20600000, "calculatedIncomeNonControlling": 0, "calculatedEbitda": -61900000}, {"date": "1997-02-02", "symbol": "PVH", "reportedCurrency": "USD", "cik": "0000078239", "fillingDate": "1997-04-30", "acceptedDate": "1997-04-30 00:00:00", "calendarYear": "1996", "period": "FY", "revenue": 1359600000, "costOfRevenue": 887300000, "grossProfit": 472300000, "grossProfitRatio": 0.3473815828, "researchAndDevelopmentExpenses": 0, "generalAndAdministrativeExpenses": 0, "sellingAndMarketingExpenses": 0, "sellingGeneralAndAdministrativeExpenses": 401300000, "otherExpenses": 23300000, "operatingExpenses": 424600000, "costAndExpenses": 1311900000, "interestIncome": 0, "interestExpense": 0, "depreciationAndAmortization": 23300000, "ebitda": 71000000, "ebitdaratio": 0.0522212415, "operatingIncome": 47700000, "operatingIncomeRatio": 0.0350838482, "totalOtherIncomeExpensesNet": -23200000, "incomeBeforeTax": 24500000, "incomeBeforeTaxRatio": 0.0180200059, "incomeTaxExpense": 6000000, "netIncome": 18500000, "netIncomeRatio": 0.0136069432, "eps": 0.69, "epsdiluted": 0.68, "weightedAverageShsOut": 26811594, "weightedAverageShsOutDil": 27205882, "link": "https://www.sec.gov/Archives/edgar/data/78239/000007823997000002/0000078239-97-000002-index.html", "finalLink": "https://www.sec.gov/Archives/edgar/data/78239/", "calculatedOtherExpenses": 23300000, "calculatedOperatingExpenses": 424600000, "calculatedNetInterest": 0, "calculatedOtherIncome": -23200000, "calculatedIncomeNonControlling": 0, "calculatedEbitda": 71000000}, {"date": "1996-01-28", "symbol": "PVH", "reportedCurrency": "USD", "cik": "0000078239", "fillingDate": "1996-04-26", "acceptedDate": "1996-04-26 00:00:00", "calendarYear": "1995", "period": "FY", "revenue": 1464100000, "costOfRevenue": 962400000, "grossProfit": 501700000, "grossProfitRatio": 0.3426678506, "researchAndDevelopmentExpenses": 0, "generalAndAdministrativeExpenses": 0, "sellingAndMarketingExpenses": 0, "sellingGeneralAndAdministrativeExpenses": 428600000, "otherExpenses": 25500000, "operatingExpenses": 454100000, "costAndExpenses": 1416500000, "interestIncome": 0, "interestExpense": 0, "depreciationAndAmortization": 25500000, "ebitda": 100100000, "ebitdaratio": 0.0683696469, "operatingIncome": 47600000, "operatingIncomeRatio": 0.0325114405, "totalOtherIncomeExpensesNet": -27000000, "incomeBeforeTax": -2600000, "incomeBeforeTaxRatio": -0.001775835, "incomeTaxExpense": -2900000, "netIncome": 300000, "netIncomeRatio": 0.000204904, "eps": 0.01, "epsdiluted": 0.01, "weightedAverageShsOut": 30000000, "weightedAverageShsOutDil": 30000000, "link": "https://www.sec.gov/Archives/edgar/data/78239/000007823996000003/0000078239-96-000003-index.html", "finalLink": "https://www.sec.gov/Archives/edgar/data/78239/", "calculatedOtherExpenses": 25500000, "calculatedOperatingExpenses": 454100000, "calculatedNetInterest": 0, "calculatedOtherIncome": -50200000, "calculatedIncomeNonControlling": 0, "calculatedEbitda": 73100000}, {"date": "1995-01-29", "symbol": "PVH", "reportedCurrency": "USD", "cik": "0000078239", "fillingDate": "1995-05-01", "acceptedDate": "1995-05-01 00:00:00", "calendarYear": "1994", "period": "FY", "revenue": 1255500000, "costOfRevenue": 821400000, "grossProfit": 434100000, "grossProfitRatio": 0.3457586619, "researchAndDevelopmentExpenses": 0, "generalAndAdministrativeExpenses": 0, "sellingAndMarketingExpenses": 0, "sellingGeneralAndAdministrativeExpenses": 360100000, "otherExpenses": 24300000, "operatingExpenses": 384400000, "costAndExpenses": 1205800000, "interestIncome": 0, "interestExpense": 0, "depreciationAndAmortization": 24300000, "ebitda": 74000000, "ebitdaratio": 0.0589406611, "operatingIncome": 49700000, "operatingIncomeRatio": 0.0395858224, "totalOtherIncomeExpensesNet": -12800000, "incomeBeforeTax": 36900000, "incomeBeforeTaxRatio": 0.029390681, "incomeTaxExpense": 6900000, "netIncome": 30000000, "netIncomeRatio": 0.0238948626, "eps": 1.13, "epsdiluted": 1.11, "weightedAverageShsOut": 27162162, "weightedAverageShsOutDil": 27162162, "link": "https://www.sec.gov/Archives/edgar/data/78239/000007823995000012/0000078239-95-000012-index.html", "finalLink": "https://www.sec.gov/Archives/edgar/data/78239/", "calculatedOtherExpenses": 24300000, "calculatedOperatingExpenses": 384400000, "calculatedNetInterest": 0, "calculatedOtherIncome": -12800000, "calculatedIncomeNonControlling": 0, "calculatedEbitda": 74000000}, {"date": "1994-01-30", "symbol": "PVH", "reportedCurrency": "USD", "cik": "0000078239", "fillingDate": "1994-04-29", "acceptedDate": "1994-04-29 00:00:00", "calendarYear": "1993", "period": "FY", "revenue": 1152400000, "costOfRevenue": 720700000, "grossProfit": 431700000, "grossProfitRatio": 0.3746095106, "researchAndDevelopmentExpenses": 0, "generalAndAdministrativeExpenses": 0, "sellingAndMarketingExpenses": 0, "sellingGeneralAndAdministrativeExpenses": 332300000, "otherExpenses": 19100000, "operatingExpenses": 351400000, "costAndExpenses": 1072100000, "interestIncome": 0, "interestExpense": 0, "depreciationAndAmortization": 19100000, "ebitda": 99400000, "ebitdaratio": 0.0862547726, "operatingIncome": 80300000, "operatingIncomeRatio": 0.0696806664, "totalOtherIncomeExpensesNet": -16600000, "incomeBeforeTax": 63700000, "incomeBeforeTaxRatio": 0.0552759459, "incomeTaxExpense": 20400000, "netIncome": 31900000, "netIncomeRatio": 0.0276813606, "eps": 1.22, "epsdiluted": 1.18, "weightedAverageShsOut": 26147541, "weightedAverageShsOutDil": 27033898, "link": "https://www.sec.gov/Archives/edgar/data/78239/000007823994000008/0000078239-94-000008-index.html", "finalLink": "https://www.sec.gov/Archives/edgar/data/78239/", "calculatedOtherExpenses": 19100000, "calculatedOperatingExpenses": 351400000, "calculatedNetInterest": 0, "calculatedOtherIncome": -16600000, "calculatedIncomeNonControlling": 11400000, "calculatedEbitda": 99400000}, {"date": "1993-01-31", "symbol": "PVH", "reportedCurrency": "USD", "cik": "0000078239", "fillingDate": "1993-01-31", "acceptedDate": "1993-01-30 19:00:00", "calendarYear": "1992", "period": "FY", "revenue": 1042600000, "costOfRevenue": 642000000, "grossProfit": 400600000, "grossProfitRatio": 0.3842317284, "researchAndDevelopmentExpenses": 0, "generalAndAdministrativeExpenses": 0, "sellingAndMarketingExpenses": 0, "sellingGeneralAndAdministrativeExpenses": 312500000, "otherExpenses": 15000000, "operatingExpenses": 327500000, "costAndExpenses": 969500000, "interestIncome": 0, "interestExpense": 0, "depreciationAndAmortization": 15000000, "ebitda": 89900000, "ebitdaratio": 0.0862267408, "operatingIncome": 73100000, "operatingIncomeRatio": 0.0701131786, "totalOtherIncomeExpensesNet": -1800000, "incomeBeforeTax": 54500000, "incomeBeforeTaxRatio": 0.0522731632, "incomeTaxExpense": 16600000, "netIncome": 37900000, "netIncomeRatio": 0.0363514291, "eps": 1.5, "epsdiluted": 1.42, "weightedAverageShsOut": 23866667, "weightedAverageShsOutDil": 25211268, "link": "", "finalLink": "", "calculatedOtherExpenses": 15000000, "calculatedOperatingExpenses": 327500000, "calculatedNetInterest": 0, "calculatedOtherIncome": -18600000, "calculatedIncomeNonControlling": 0, "calculatedEbitda": 88100000}, {"date": "1992-01-31", "symbol": "PVH", "reportedCurrency": "USD", "cik": "0000078239", "fillingDate": "1992-01-31", "acceptedDate": "1992-01-30 19:00:00", "calendarYear": "1991", "period": "FY", "revenue": 904100000, "costOfRevenue": 571300000, "grossProfit": 332800000, "grossProfitRatio": 0.3681008738, "researchAndDevelopmentExpenses": 0, "generalAndAdministrativeExpenses": 0, "sellingAndMarketingExpenses": 0, "sellingGeneralAndAdministrativeExpenses": 258700000, "otherExpenses": 12100000, "operatingExpenses": 270800000, "costAndExpenses": 842100000, "interestIncome": 0, "interestExpense": 0, "depreciationAndAmortization": 12100000, "ebitda": 74300000, "ebitdaratio": 0.0821811746, "operatingIncome": 62000000, "operatingIncomeRatio": 0.0685764849, "totalOtherIncomeExpensesNet": -200000, "incomeBeforeTax": 44000000, "incomeBeforeTaxRatio": 0.0486671828, "incomeTaxExpense": 12900000, "netIncome": 31100000, "netIncomeRatio": 0.0343988497, "eps": 1.24, "epsdiluted": 1.15, "weightedAverageShsOut": 18467742, "weightedAverageShsOutDil": 19913043, "link": "", "finalLink": "", "calculatedOtherExpenses": 12100000, "calculatedOperatingExpenses": 270800000, "calculatedNetInterest": 0, "calculatedOtherIncome": -18000000, "calculatedIncomeNonControlling": 0, "calculatedEbitda": 74100000}, {"date": "1991-01-31", "symbol": "PVH", "reportedCurrency": "USD", "cik": "0000078239", "fillingDate": "1991-01-31", "acceptedDate": "1991-01-30 19:00:00", "calendarYear": "1990", "period": "FY", "revenue": 806300000, "costOfRevenue": 512300000, "grossProfit": 294000000, "grossProfitRatio": 0.3646285502, "researchAndDevelopmentExpenses": 0, "generalAndAdministrativeExpenses": 0, "sellingAndMarketingExpenses": 0, "sellingGeneralAndAdministrativeExpenses": 228000000, "otherExpenses": 9800000, "operatingExpenses": 237800000, "costAndExpenses": 750100000, "interestIncome": 0, "interestExpense": 0, "depreciationAndAmortization": 9800000, "ebitda": 66700000, "ebitdaratio": 0.082723552, "operatingIncome": 56200000, "operatingIncomeRatio": 0.0697011038, "totalOtherIncomeExpensesNet": -700000, "incomeBeforeTax": 35200000, "incomeBeforeTaxRatio": 0.0436562074, "incomeTaxExpense": 8800000, "netIncome": 26400000, "netIncomeRatio": 0.0327421555, "eps": 1, "epsdiluted": 0.95, "weightedAverageShsOut": 18200000, "weightedAverageShsOutDil": 19157895, "link": "", "finalLink": "", "calculatedOtherExpenses": 9800000, "calculatedOperatingExpenses": 237800000, "calculatedNetInterest": 0, "calculatedOtherIncome": -21000000, "calculatedIncomeNonControlling": 0, "calculatedEbitda": 66000000}, {"date": "1990-01-31", "symbol": "PVH", "reportedCurrency": "USD", "cik": "0000078239", "fillingDate": "1990-01-31", "acceptedDate": "1990-01-30 19:00:00", "calendarYear": "1989", "period": "FY", "revenue": 732900000, "costOfRevenue": 484500000, "grossProfit": 248400000, "grossProfitRatio": 0.3389275481, "researchAndDevelopmentExpenses": 0, "generalAndAdministrativeExpenses": 0, "sellingAndMarketingExpenses": 0, "sellingGeneralAndAdministrativeExpenses": 188800000, "otherExpenses": 7300000, "operatingExpenses": 196100000, "costAndExpenses": 680600000, "interestIncome": 0, "interestExpense": 0, "depreciationAndAmortization": 7300000, "ebitda": 60100000, "ebitdaratio": 0.0820030018, "operatingIncome": 52300000, "operatingIncomeRatio": 0.0713603493, "totalOtherIncomeExpensesNet": -500000, "incomeBeforeTax": 32700000, "incomeBeforeTaxRatio": 0.0446172738, "incomeTaxExpense": 8500000, "netIncome": 24200000, "netIncomeRatio": 0.0330195115, "eps": 0.88, "epsdiluted": 0.84, "weightedAverageShsOut": 18181818, "weightedAverageShsOutDil": 19047619, "link": "", "finalLink": "", "calculatedOtherExpenses": 7300000, "calculatedOperatingExpenses": 196100000, "calculatedNetInterest": 0, "calculatedOtherIncome": -19600000, "calculatedIncomeNonControlling": 0, "calculatedEbitda": 59600000}, {"date": "1989-01-31", "symbol": "PVH", "reportedCurrency": "USD", "cik": "0000078239", "fillingDate": "1989-01-31", "acceptedDate": "1989-01-30 19:00:00", "calendarYear": "1988", "period": "FY", "revenue": 641000000, "costOfRevenue": 431900000, "grossProfit": 209100000, "grossProfitRatio": 0.3262090484, "researchAndDevelopmentExpenses": 0, "generalAndAdministrativeExpenses": 0, "sellingAndMarketingExpenses": 0, "sellingGeneralAndAdministrativeExpenses": 157200000, "otherExpenses": 6200000, "operatingExpenses": 163400000, "costAndExpenses": 595300000, "interestIncome": 0, "interestExpense": 0, "depreciationAndAmortization": 6200000, "ebitda": 50700000, "ebitdaratio": 0.0790951638, "operatingIncome": 45700000, "operatingIncomeRatio": 0.0712948518, "totalOtherIncomeExpensesNet": 1200000, "incomeBeforeTax": 27400000, "incomeBeforeTaxRatio": 0.0427457098, "incomeTaxExpense": 6600000, "netIncome": 20600000, "netIncomeRatio": 0.0321372855, "eps": 0.69, "epsdiluted": 0.68, "weightedAverageShsOut": 17971014, "weightedAverageShsOutDil": 18235294, "link": "", "finalLink": "", "calculatedOtherExpenses": 6200000, "calculatedOperatingExpenses": 163400000, "calculatedNetInterest": 0, "calculatedOtherIncome": -18300000, "calculatedIncomeNonControlling": 200000, "calculatedEbitda": 51900000}, {"date": "1988-01-31", "symbol": "PVH", "reportedCurrency": "USD", "cik": "0000078239", "fillingDate": "1988-01-31", "acceptedDate": "1988-01-30 19:00:00", "calendarYear": "1987", "period": "FY", "revenue": 500000000, "costOfRevenue": 345200000, "grossProfit": 154800000, "grossProfitRatio": 0.3096, "researchAndDevelopmentExpenses": 0, "generalAndAdministrativeExpenses": 0, "sellingAndMarketingExpenses": 0, "sellingGeneralAndAdministrativeExpenses": 110200000, "otherExpenses": 5200000, "operatingExpenses": 115400000, "costAndExpenses": 460600000, "interestIncome": 0, "interestExpense": 0, "depreciationAndAmortization": 5200000, "ebitda": 41900000, "ebitdaratio": 0.0838, "operatingIncome": 39400000, "operatingIncomeRatio": 0.0788, "totalOtherIncomeExpensesNet": 2700000, "incomeBeforeTax": 36000000, "incomeBeforeTaxRatio": 0.072, "incomeTaxExpense": 14700000, "netIncome": 30000000, "netIncomeRatio": 0.06, "eps": 1.11, "epsdiluted": 1.11, "weightedAverageShsOut": 23333333, "weightedAverageShsOutDil": 23333333, "link": "", "finalLink": "", "calculatedOtherExpenses": 5200000, "calculatedOperatingExpenses": 115400000, "calculatedNetInterest": 0, "calculatedOtherIncome": -3400000, "calculatedIncomeNonControlling": -8700000, "calculatedEbitda": 44600000}, {"date": "1987-01-31", "symbol": "PVH", "reportedCurrency": "USD", "cik": "0000078239", "fillingDate": "1987-01-31", "acceptedDate": "1987-01-30 19:00:00", "calendarYear": "1986", "period": "FY", "revenue": 514400000, "costOfRevenue": 344700000, "grossProfit": 169700000, "grossProfitRatio": 0.3298989114, "researchAndDevelopmentExpenses": 0, "generalAndAdministrativeExpenses": 0, "sellingAndMarketingExpenses": 0, "sellingGeneralAndAdministrativeExpenses": 120800000, "otherExpenses": 5200000, "operatingExpenses": 126000000, "costAndExpenses": 470700000, "interestIncome": 0, "interestExpense": 0, "depreciationAndAmortization": 5200000, "ebitda": 49800000, "ebitdaratio": 0.0968118196, "operatingIncome": 43700000, "operatingIncomeRatio": 0.0849533437, "totalOtherIncomeExpensesNet": -900000, "incomeBeforeTax": 38500000, "incomeBeforeTaxRatio": 0.074844479, "incomeTaxExpense": 18400000, "netIncome": 20100000, "netIncomeRatio": 0.0390746501, "eps": 0.64, "epsdiluted": 0.64, "weightedAverageShsOut": 31406250, "weightedAverageShsOutDil": 31406250, "link": "", "finalLink": "", "calculatedOtherExpenses": 5200000, "calculatedOperatingExpenses": 126000000, "calculatedNetInterest": 0, "calculatedOtherIncome": -5200000, "calculatedIncomeNonControlling": 0, "calculatedEbitda": 48900000}, {"date": "1986-01-31", "symbol": "PVH", "reportedCurrency": "USD", "cik": "0000078239", "fillingDate": "1986-01-31", "acceptedDate": "1986-01-30 19:00:00", "calendarYear": "1985", "period": "FY", "revenue": 550400000, "costOfRevenue": 391100000, "grossProfit": 159300000, "grossProfitRatio": 0.2894258721, "researchAndDevelopmentExpenses": 0, "generalAndAdministrativeExpenses": 0, "sellingAndMarketingExpenses": 0, "sellingGeneralAndAdministrativeExpenses": 114900000, "otherExpenses": 5000000, "operatingExpenses": 119900000, "costAndExpenses": 511000000, "interestIncome": 0, "interestExpense": 0, "depreciationAndAmortization": 5000000, "ebitda": 46600000, "ebitdaratio": 0.0846656977, "operatingIncome": 39400000, "operatingIncomeRatio": 0.0715843023, "totalOtherIncomeExpensesNet": -2200000, "incomeBeforeTax": 29400000, "incomeBeforeTaxRatio": 0.0534156977, "incomeTaxExpense": 13500000, "netIncome": 15900000, "netIncomeRatio": 0.0288880814, "eps": 0.51, "epsdiluted": 0.51, "weightedAverageShsOut": 31176471, "weightedAverageShsOutDil": 31176471, "link": "", "finalLink": "", "calculatedOtherExpenses": 5000000, "calculatedOperatingExpenses": 119900000, "calculatedNetInterest": 0, "calculatedOtherIncome": -10000000, "calculatedIncomeNonControlling": 0, "calculatedEbitda": 44400000}]}