{"originalCurrency": "USD", "convertedCurrency": "USD", "report": [{"date": "2023-12-31", "symbol": "PWR", "reportedCurrency": "USD", "cik": "0001050915", "fillingDate": "2024-02-22", "acceptedDate": "2024-02-22 09:56:10", "calendarYear": "2023", "period": "FY", "revenue": 20882206000, "costOfRevenue": 18234134000, "grossProfit": 2648072000, "grossProfitRatio": 0.126809974, "researchAndDevelopmentExpenses": 0, "generalAndAdministrativeExpenses": 0, "sellingAndMarketingExpenses": 0, "sellingGeneralAndAdministrativeExpenses": 1513796000, "otherExpenses": 18063000, "operatingExpenses": 1513796000, "costAndExpenses": 19747930000, "interestIncome": 10830000, "interestExpense": 186913000, "depreciationAndAmortization": 613800000, "ebitda": 1748076000, "ebitdaratio": 0.0837112707, "operatingIncome": 1134276000, "operatingIncomeRatio": 0.0543178245, "totalOtherIncomeExpensesNet": -164320000, "incomeBeforeTax": 969956000, "incomeBeforeTaxRatio": 0.046448924, "incomeTaxExpense": 219267000, "netIncome": 744689000, "netIncomeRatio": 0.0356614143, "eps": 5.13, "epsdiluted": 5, "weightedAverageShsOut": 145222000, "weightedAverageShsOutDil": 148823000, "link": "https://www.sec.gov/Archives/edgar/data/1050915/000105091524000009/0001050915-24-000009-index.htm", "finalLink": "https://www.sec.gov/Archives/edgar/data/1050915/000105091524000009/pwr-20231231.htm", "calculatedOtherExpenses": 0, "calculatedOperatingExpenses": 1513796000, "calculatedNetInterest": -176083000, "calculatedOtherIncome": 11763000, "calculatedIncomeNonControlling": 6000000, "calculatedEbitda": 1748076000}, {"date": "2022-12-31", "symbol": "PWR", "reportedCurrency": "USD", "cik": "0001050915", "fillingDate": "2023-02-23", "acceptedDate": "2023-02-23 10:03:37", "calendarYear": "2022", "period": "FY", "revenue": 17073903000, "costOfRevenue": 14544748000, "grossProfit": 2529155000, "grossProfitRatio": 0.1481298681, "researchAndDevelopmentExpenses": 0, "generalAndAdministrativeExpenses": 0, "sellingAndMarketingExpenses": 0, "sellingGeneralAndAdministrativeExpenses": 1336711000, "otherExpenses": 353973000, "operatingExpenses": 1690684000, "costAndExpenses": 16235432000, "interestIncome": 2606000, "interestExpense": 124363000, "depreciationAndAmortization": 329043000, "ebitda": 1201101000, "ebitdaratio": 0.0703471842, "operatingIncome": 872058000, "operatingIncomeRatio": 0.0510754922, "totalOtherIncomeExpensesNet": -168172000, "incomeBeforeTax": 703886000, "incomeBeforeTaxRatio": 0.0412258404, "incomeTaxExpense": 192243000, "netIncome": 491189000, "netIncomeRatio": 0.0287684076, "eps": 3.42, "epsdiluted": 3.32, "weightedAverageShsOut": 143488000, "weightedAverageShsOutDil": 147992000, "link": "https://www.sec.gov/Archives/edgar/data/1050915/000105091523000010/0001050915-23-000010-index.htm", "finalLink": "https://www.sec.gov/Archives/edgar/data/1050915/000105091523000010/pwr-20221231.htm", "calculatedOtherExpenses": 320386000, "calculatedOperatingExpenses": 1657097000, "calculatedNetInterest": -121757000, "calculatedOtherIncome": -46415000, "calculatedIncomeNonControlling": 20454000, "calculatedEbitda": 1201101000}, {"date": "2021-12-31", "symbol": "PWR", "reportedCurrency": "USD", "cik": "0001050915", "fillingDate": "2022-02-25", "acceptedDate": "2022-02-25 17:10:27", "calendarYear": "2021", "period": "FY", "revenue": 12980213000, "costOfRevenue": 11026954000, "grossProfit": 1953259000, "grossProfitRatio": 0.150479734, "researchAndDevelopmentExpenses": 0, "generalAndAdministrativeExpenses": 0, "sellingAndMarketingExpenses": 0, "sellingGeneralAndAdministrativeExpenses": 1155956000, "otherExpenses": 165366000, "operatingExpenses": 1321322000, "costAndExpenses": 12348276000, "interestIncome": 3194000, "interestExpense": 68899000, "depreciationAndAmortization": 206122000, "ebitda": 869643000, "ebitdaratio": 0.0669975909, "operatingIncome": 663521000, "operatingIncomeRatio": 0.0511178823, "totalOtherIncomeExpensesNet": -40620000, "incomeBeforeTax": 622901000, "incomeBeforeTaxRatio": 0.0479885037, "incomeTaxExpense": 130918000, "netIncome": 485956000, "netIncomeRatio": 0.0374382146, "eps": 3.45, "epsdiluted": 3.34, "weightedAverageShsOut": 140824000, "weightedAverageShsOutDil": 145373000, "link": "https://www.sec.gov/Archives/edgar/data/1050915/000105091522000008/0001050915-22-000008-index.htm", "finalLink": "https://www.sec.gov/Archives/edgar/data/1050915/000105091522000008/pwr-20211231.htm", "calculatedOtherExpenses": 133782000, "calculatedOperatingExpenses": 1289738000, "calculatedNetInterest": -65705000, "calculatedOtherIncome": 25085000, "calculatedIncomeNonControlling": 6027000, "calculatedEbitda": 869643000}, {"date": "2020-12-31", "symbol": "PWR", "reportedCurrency": "USD", "cik": "0001050915", "fillingDate": "2021-03-01", "acceptedDate": "2021-02-26 18:54:46", "calendarYear": "2020", "period": "FY", "revenue": 11202672000, "costOfRevenue": 9541825000, "grossProfit": 1660847000, "grossProfitRatio": 0.1482545414, "researchAndDevelopmentExpenses": 0, "generalAndAdministrativeExpenses": 0, "sellingAndMarketingExpenses": 0, "sellingGeneralAndAdministrativeExpenses": 975074000, "otherExpenses": 76704000, "operatingExpenses": 1051778000, "costAndExpenses": 10593603000, "interestIncome": 2449000, "interestExpense": 45013000, "depreciationAndAmortization": 90693000, "ebitda": 702064000, "ebitdaratio": 0.0626693346, "operatingIncome": 611371000, "operatingIncomeRatio": 0.0545736767, "totalOtherIncomeExpensesNet": -40025000, "incomeBeforeTax": 571346000, "incomeBeforeTaxRatio": 0.0510008684, "incomeTaxExpense": 119387000, "netIncome": 445596000, "netIncomeRatio": 0.0397758678, "eps": 3.15, "epsdiluted": 3.07, "weightedAverageShsOut": 141380000, "weightedAverageShsOutDil": 145247000, "link": "https://www.sec.gov/Archives/edgar/data/1050915/000105091521000009/0001050915-21-000009-index.htm", "finalLink": "https://www.sec.gov/Archives/edgar/data/1050915/000105091521000009/pwr-20201231.htm", "calculatedOtherExpenses": 74402000, "calculatedOperatingExpenses": 1049476000, "calculatedNetInterest": -42564000, "calculatedOtherIncome": 2539000, "calculatedIncomeNonControlling": 6363000, "calculatedEbitda": 702064000}, {"date": "2019-12-31", "symbol": "PWR", "reportedCurrency": "USD", "cik": "0001050915", "fillingDate": "2020-02-28", "acceptedDate": "2020-02-28 17:10:05", "calendarYear": "2019", "period": "FY", "revenue": 12112153000, "costOfRevenue": 10511901000, "grossProfit": 1600252000, "grossProfitRatio": 0.1321195332, "researchAndDevelopmentExpenses": 0, "generalAndAdministrativeExpenses": 0, "sellingAndMarketingExpenses": 0, "sellingGeneralAndAdministrativeExpenses": 955991000, "otherExpenses": 62091000, "operatingExpenses": 1018082000, "costAndExpenses": 11529983000, "interestIncome": 927000, "interestExpense": 66890000, "depreciationAndAmortization": 173690000, "ebitda": 728564000, "ebitdaratio": 0.0601514859, "operatingIncome": 554874000, "operatingIncomeRatio": 0.0458113434, "totalOtherIncomeExpensesNet": 17413000, "incomeBeforeTax": 572287000, "incomeBeforeTaxRatio": 0.0472489903, "incomeTaxExpense": 165472000, "netIncome": 402044000, "netIncomeRatio": 0.033193438, "eps": 2.76, "epsdiluted": 2.73, "weightedAverageShsOut": 145710000, "weightedAverageShsOutDil": 147534000, "link": "https://www.sec.gov/Archives/edgar/data/1050915/000105091520000020/0001050915-20-000020-index.htm", "finalLink": "https://www.sec.gov/Archives/edgar/data/1050915/000105091520000020/pwr-123119x10k.htm", "calculatedOtherExpenses": 89387000, "calculatedOperatingExpenses": 1045378000, "calculatedNetInterest": -65963000, "calculatedOtherIncome": 83376000, "calculatedIncomeNonControlling": 4771000, "calculatedEbitda": 728564000}, {"date": "2018-12-31", "symbol": "PWR", "reportedCurrency": "USD", "cik": "0001050915", "fillingDate": "2019-02-28", "acceptedDate": "2019-02-28 17:12:22", "calendarYear": "2018", "period": "FY", "revenue": 11171423000, "costOfRevenue": 9691459000, "grossProfit": 1479964000, "grossProfitRatio": 0.132477662, "researchAndDevelopmentExpenses": 0, "generalAndAdministrativeExpenses": 857574000, "sellingAndMarketingExpenses": 0, "sellingGeneralAndAdministrativeExpenses": 857574000, "otherExpenses": -47213000, "operatingExpenses": 901568000, "costAndExpenses": 10593027000, "interestIncome": 1555000, "interestExpense": 36945000, "depreciationAndAmortization": 43994000, "ebitda": 576732000, "ebitdaratio": 0.0516256523, "operatingIncome": 540269000, "operatingIncomeRatio": 0.0483616993, "totalOtherIncomeExpensesNet": -85340000, "incomeBeforeTax": 457666000, "incomeBeforeTaxRatio": 0.0409675652, "incomeTaxExpense": 161659000, "netIncome": 293346000, "netIncomeRatio": 0.0262586064, "eps": 1.92, "epsdiluted": 1.9, "weightedAverageShsOut": 152963000, "weightedAverageShsOutDil": 154226000, "link": "https://www.sec.gov/Archives/edgar/data/1050915/000105091519000014/0001050915-19-000014-index.htm", "finalLink": "https://www.sec.gov/Archives/edgar/data/1050915/000105091519000014/pwr-123118x10k.htm", "calculatedOtherExpenses": 82121000, "calculatedOperatingExpenses": 939695000, "calculatedNetInterest": -35390000, "calculatedOtherIncome": -47213000, "calculatedIncomeNonControlling": 2661000, "calculatedEbitda": 584263000}, {"date": "2017-12-31", "symbol": "PWR", "reportedCurrency": "USD", "cik": "0001050915", "fillingDate": "2018-02-28", "acceptedDate": "2018-02-28 16:18:55", "calendarYear": "2017", "period": "FY", "revenue": 9466478000, "costOfRevenue": 8224618000, "grossProfit": 1241860000, "grossProfitRatio": 0.1311850088, "researchAndDevelopmentExpenses": 0, "generalAndAdministrativeExpenses": 777920000, "sellingAndMarketingExpenses": 0, "sellingGeneralAndAdministrativeExpenses": 777920000, "otherExpenses": -4978000, "operatingExpenses": 810125000, "costAndExpenses": 9034743000, "interestIncome": 832000, "interestExpense": 20946000, "depreciationAndAmortization": 32205000, "ebitda": 459794000, "ebitdaratio": 0.0485707567, "operatingIncome": 378849000, "operatingIncomeRatio": 0.0400200581, "totalOtherIncomeExpensesNet": -57864000, "incomeBeforeTax": 353757000, "incomeBeforeTaxRatio": 0.0373694419, "incomeTaxExpense": 35532000, "netIncome": 314978000, "netIncomeRatio": 0.0332729871, "eps": 2.02, "epsdiluted": 2, "weightedAverageShsOut": 156124000, "weightedAverageShsOutDil": 157155000, "link": "https://www.sec.gov/Archives/edgar/data/1050915/000105091518000003/0001050915-18-000003-index.htm", "finalLink": "https://www.sec.gov/Archives/edgar/data/1050915/000105091518000003/pwr-123117x10k.htm", "calculatedOtherExpenses": 85091000, "calculatedOperatingExpenses": 863011000, "calculatedNetInterest": -20114000, "calculatedOtherIncome": -4978000, "calculatedIncomeNonControlling": 3247000, "calculatedEbitda": 411054000}, {"date": "2016-12-31", "symbol": "PWR", "reportedCurrency": "USD", "cik": "0001050915", "fillingDate": "2017-03-01", "acceptedDate": "2017-03-01 13:07:31", "calendarYear": "2016", "period": "FY", "revenue": 7651319000, "costOfRevenue": 6637519000, "grossProfit": 1013800000, "grossProfitRatio": 0.1325000304, "researchAndDevelopmentExpenses": 0, "generalAndAdministrativeExpenses": 653338000, "sellingAndMarketingExpenses": 0, "sellingGeneralAndAdministrativeExpenses": 653338000, "otherExpenses": 316000, "operatingExpenses": 685023000, "costAndExpenses": 7322542000, "interestIncome": 2423000, "interestExpense": 14887000, "depreciationAndAmortization": 31685000, "ebitda": 362222000, "ebitdaratio": 0.0473411186, "operatingIncome": 320813000, "operatingIncomeRatio": 0.0419291105, "totalOtherIncomeExpensesNet": -8627000, "incomeBeforeTax": 307686000, "incomeBeforeTaxRatio": 0.0402134586, "incomeTaxExpense": 107246000, "netIncome": 198383000, "netIncomeRatio": 0.0259279478, "eps": 1.26, "epsdiluted": 1.26, "weightedAverageShsOut": 157287000, "weightedAverageShsOutDil": 157288000, "link": "https://www.sec.gov/Archives/edgar/data/1050915/000119312517064821/0001193125-17-064821-index.htm", "finalLink": "https://www.sec.gov/Archives/edgar/data/1050915/000119312517064821/d295903d10k.htm", "calculatedOtherExpenses": 39649000, "calculatedOperatingExpenses": 692987000, "calculatedNetInterest": -12464000, "calculatedOtherIncome": -663000, "calculatedIncomeNonControlling": 2057000, "calculatedEbitda": 352498000}, {"date": "2015-12-31", "symbol": "PWR", "reportedCurrency": "USD", "cik": "0001050915", "fillingDate": "2016-02-29", "acceptedDate": "2016-02-29 16:51:57", "calendarYear": "2015", "period": "FY", "revenue": 7572436000, "costOfRevenue": 6648771000, "grossProfit": 923665000, "grossProfitRatio": 0.1219772607, "researchAndDevelopmentExpenses": 0, "generalAndAdministrativeExpenses": 592863000, "sellingAndMarketingExpenses": 0, "sellingGeneralAndAdministrativeExpenses": 592863000, "otherExpenses": -1831000, "operatingExpenses": 627711000, "costAndExpenses": 7276482000, "interestIncome": 1493000, "interestExpense": 8024000, "depreciationAndAmortization": 34848000, "ebitda": 329998000, "ebitdaratio": 0.0435788431, "operatingIncome": 237503000, "operatingIncomeRatio": 0.0313641475, "totalOtherIncomeExpensesNet": -60748000, "incomeBeforeTax": 228675000, "incomeBeforeTaxRatio": 0.0301983404, "incomeTaxExpense": 97472000, "netIncome": 310907000, "netIncomeRatio": 0.0410577257, "eps": 1.59, "epsdiluted": 1.59, "weightedAverageShsOut": 195113000, "weightedAverageShsOutDil": 195120000, "link": "https://www.sec.gov/Archives/edgar/data/1050915/000119312516485494/0001193125-16-485494-index.htm", "finalLink": "https://www.sec.gov/Archives/edgar/data/1050915/000119312516485494/d69866d10k.htm", "calculatedOtherExpenses": 93299000, "calculatedOperatingExpenses": 686162000, "calculatedNetInterest": -6531000, "calculatedOtherIncome": -2297000, "calculatedIncomeNonControlling": -179704000, "calculatedEbitda": 272351000}, {"date": "2014-12-31", "symbol": "PWR", "reportedCurrency": "USD", "cik": "0001050915", "fillingDate": "2015-03-02", "acceptedDate": "2015-03-02 14:59:41", "calendarYear": "2014", "period": "FY", "revenue": 7851250000, "costOfRevenue": 6617730000, "grossProfit": 1233520000, "grossProfitRatio": 0.157111288, "researchAndDevelopmentExpenses": 0, "generalAndAdministrativeExpenses": 722038000, "sellingAndMarketingExpenses": -141308000, "sellingGeneralAndAdministrativeExpenses": 580730000, "otherExpenses": -1102000, "operatingExpenses": 757945000, "costAndExpenses": 7375675000, "interestIncome": 3741000, "interestExpense": 4765000, "depreciationAndAmortization": 35907000, "ebitda": 513789000, "ebitdaratio": 0.0654404076, "operatingIncome": 475575000, "operatingIncomeRatio": 0.0605731571, "totalOtherIncomeExpensesNet": -1434000, "incomeBeforeTax": 473117000, "incomeBeforeTaxRatio": 0.060260086, "incomeTaxExpense": 157408000, "netIncome": 296714000, "netIncomeRatio": 0.037791944, "eps": 1.35, "epsdiluted": 1.35, "weightedAverageShsOut": 219668000, "weightedAverageShsOutDil": 219690000, "link": "https://www.sec.gov/Archives/edgar/data/1050915/000119312515073003/0001193125-15-073003-index.htm", "finalLink": "https://www.sec.gov/Archives/edgar/data/1050915/000119312515073003/d834546d10k.htm", "calculatedOtherExpenses": 177215000, "calculatedOperatingExpenses": 757945000, "calculatedNetInterest": -1024000, "calculatedOtherIncome": -1434000, "calculatedIncomeNonControlling": 18995000, "calculatedEbitda": 511482000}, {"date": "2013-12-31", "symbol": "PWR", "reportedCurrency": "USD", "cik": "0001050915", "fillingDate": "2014-03-03", "acceptedDate": "2014-03-03 14:09:08", "calendarYear": "2013", "period": "FY", "revenue": 6522842000, "costOfRevenue": 5467389000, "grossProfit": 1055453000, "grossProfitRatio": 0.1618087637, "researchAndDevelopmentExpenses": 0, "generalAndAdministrativeExpenses": 501010000, "sellingAndMarketingExpenses": 0, "sellingGeneralAndAdministrativeExpenses": 501010000, "otherExpenses": -1135000, "operatingExpenses": 528525000, "costAndExpenses": 5995914000, "interestIncome": 3380000, "interestExpense": 2668000, "depreciationAndAmortization": 27515000, "ebitda": 669432000, "ebitdaratio": 0.1026288848, "operatingIncome": 526928000, "operatingIncomeRatio": 0.0807819659, "totalOtherIncomeExpensesNet": 111609000, "incomeBeforeTax": 639249000, "incomeBeforeTaxRatio": 0.0980016073, "incomeTaxExpense": 217940000, "netIncome": 401921000, "netIncomeRatio": 0.0616174667, "eps": 1.87, "epsdiluted": 1.87, "weightedAverageShsOut": 214929000, "weightedAverageShsOutDil": 214978000, "link": "https://www.sec.gov/Archives/edgar/data/1050915/000119312514079763/0001193125-14-079763-index.htm", "finalLink": "https://www.sec.gov/Archives/edgar/data/1050915/000119312514079763/d637038d10k.htm", "calculatedOtherExpenses": 27515000, "calculatedOperatingExpenses": 528525000, "calculatedNetInterest": 712000, "calculatedOtherIncome": 111609000, "calculatedIncomeNonControlling": 19388000, "calculatedEbitda": 554443000}, {"date": "2012-12-31", "symbol": "PWR", "reportedCurrency": "USD", "cik": "0001050915", "fillingDate": "2013-03-01", "acceptedDate": "2013-03-01 14:13:12", "calendarYear": "2012", "period": "FY", "revenue": 5920269000, "costOfRevenue": 4982562000, "grossProfit": 937707000, "grossProfitRatio": 0.1583892556, "researchAndDevelopmentExpenses": 0, "generalAndAdministrativeExpenses": 434894000, "sellingAndMarketingExpenses": 0, "sellingGeneralAndAdministrativeExpenses": 434894000, "otherExpenses": -351000, "operatingExpenses": 472585000, "costAndExpenses": 5455147000, "interestIncome": 1471000, "interestExpense": 3746000, "depreciationAndAmortization": 37691000, "ebitda": 506017000, "ebitdaratio": 0.0854719608, "operatingIncome": 465122000, "operatingIncomeRatio": 0.0785643355, "totalOtherIncomeExpensesNet": 1733000, "incomeBeforeTax": 464580000, "incomeBeforeTaxRatio": 0.0784727856, "incomeTaxExpense": 158859000, "netIncome": 306629000, "netIncomeRatio": 0.0517930858, "eps": 1.44, "epsdiluted": 1.44, "weightedAverageShsOut": 212777000, "weightedAverageShsOutDil": 212835000, "link": "https://www.sec.gov/Archives/edgar/data/1050915/000119312513087221/0001193125-13-087221-index.htm", "finalLink": "https://www.sec.gov/Archives/edgar/data/1050915/000119312513087221/d457733d10k.htm", "calculatedOtherExpenses": 37691000, "calculatedOperatingExpenses": 472585000, "calculatedNetInterest": -2275000, "calculatedOtherIncome": 1733000, "calculatedIncomeNonControlling": -908000, "calculatedEbitda": 502813000}, {"date": "2011-12-31", "symbol": "PWR", "reportedCurrency": "USD", "cik": "0001050915", "fillingDate": "2012-02-29", "acceptedDate": "2012-02-29 15:25:36", "calendarYear": "2011", "period": "FY", "revenue": 4623829000, "costOfRevenue": 4003230000, "grossProfit": 620599000, "grossProfitRatio": 0.13421755, "researchAndDevelopmentExpenses": 0, "generalAndAdministrativeExpenses": 372963000, "sellingAndMarketingExpenses": 0, "sellingGeneralAndAdministrativeExpenses": 372963000, "otherExpenses": 29953000, "operatingExpenses": 402916000, "costAndExpenses": 4406146000, "interestIncome": 1066000, "interestExpense": 1821000, "depreciationAndAmortization": 29953000, "ebitda": 248702000, "ebitdaratio": 0.0537870237, "operatingIncome": 217683000, "operatingIncomeRatio": 0.0470785144, "totalOtherIncomeExpensesNet": -558000, "incomeBeforeTax": 216370000, "incomeBeforeTaxRatio": 0.0467945506, "incomeTaxExpense": 71954000, "netIncome": 132515000, "netIncomeRatio": 0.0286591481, "eps": 0.62, "epsdiluted": 0.62, "weightedAverageShsOut": 212648000, "weightedAverageShsOutDil": 213168000, "link": "https://www.sec.gov/Archives/edgar/data/1050915/000119312512088822/0001193125-12-088822-index.htm", "finalLink": "https://www.sec.gov/Archives/edgar/data/1050915/000119312512088822/d264834d10k.htm", "calculatedOtherExpenses": 29953000, "calculatedOperatingExpenses": 402916000, "calculatedNetInterest": -755000, "calculatedOtherIncome": -558000, "calculatedIncomeNonControlling": 11901000, "calculatedEbitda": 247636000}, {"date": "2010-12-31", "symbol": "PWR", "reportedCurrency": "USD", "cik": "0001050915", "fillingDate": "2011-03-01", "acceptedDate": "2011-03-01 16:43:17", "calendarYear": "2010", "period": "FY", "revenue": 3931218000, "costOfRevenue": 3296795000, "grossProfit": 634423000, "grossProfitRatio": 0.1613807731, "researchAndDevelopmentExpenses": 0, "generalAndAdministrativeExpenses": 339672000, "sellingAndMarketingExpenses": 0, "sellingGeneralAndAdministrativeExpenses": 339672000, "otherExpenses": 38568000, "operatingExpenses": 378240000, "costAndExpenses": 3675035000, "interestIncome": 1417000, "interestExpense": 4913000, "depreciationAndAmortization": 38568000, "ebitda": 296168000, "ebitdaratio": 0.0753374654, "operatingIncome": 256183000, "operatingIncomeRatio": 0.0651663174, "totalOtherIncomeExpensesNet": -6432000, "incomeBeforeTax": 246255000, "incomeBeforeTaxRatio": 0.0626408914, "incomeTaxExpense": 90698000, "netIncome": 153176000, "netIncomeRatio": 0.0389640056, "eps": 0.73, "epsdiluted": 0.72, "weightedAverageShsOut": 210046000, "weightedAverageShsOutDil": 211796000, "link": "https://www.sec.gov/Archives/edgar/data/1050915/000095012311020719/0000950123-11-020719-index.htm", "finalLink": "https://www.sec.gov/Archives/edgar/data/1050915/000095012311020719/h78392e10vk.htm", "calculatedOtherExpenses": 38568000, "calculatedOperatingExpenses": 378240000, "calculatedNetInterest": -3496000, "calculatedOtherIncome": -6432000, "calculatedIncomeNonControlling": 2381000, "calculatedEbitda": 294751000}, {"date": "2009-12-31", "symbol": "PWR", "reportedCurrency": "USD", "cik": "0001050915", "fillingDate": "2010-03-01", "acceptedDate": "2010-03-01 15:02:39", "calendarYear": "2009", "period": "FY", "revenue": 3318126000, "costOfRevenue": 2724638000, "grossProfit": 593488000, "grossProfitRatio": 0.1788624061, "researchAndDevelopmentExpenses": 0, "generalAndAdministrativeExpenses": 312414000, "sellingAndMarketingExpenses": 0, "sellingGeneralAndAdministrativeExpenses": 312414000, "otherExpenses": 38952000, "operatingExpenses": 351366000, "costAndExpenses": 3076004000, "interestIncome": 2456000, "interestExpense": 11269000, "depreciationAndAmortization": 38952000, "ebitda": 283530000, "ebitdaratio": 0.0854488347, "operatingIncome": 242122000, "operatingIncomeRatio": 0.0729695015, "totalOtherIncomeExpensesNet": 421000, "incomeBeforeTax": 233730000, "incomeBeforeTaxRatio": 0.070440363, "incomeTaxExpense": 70195000, "netIncome": 162162000, "netIncomeRatio": 0.0488715618, "eps": 0.81, "epsdiluted": 0.81, "weightedAverageShsOut": 200733000, "weightedAverageShsOutDil": 201311000, "link": "https://www.sec.gov/Archives/edgar/data/1050915/000095012310019204/0000950123-10-019204-index.htm", "finalLink": "https://www.sec.gov/Archives/edgar/data/1050915/000095012310019204/h68032e10vk.htm", "calculatedOtherExpenses": 38952000, "calculatedOperatingExpenses": 351366000, "calculatedNetInterest": -8813000, "calculatedOtherIncome": 421000, "calculatedIncomeNonControlling": 1373000, "calculatedEbitda": 281074000}, {"date": "2008-12-31", "symbol": "PWR", "reportedCurrency": "USD", "cik": "0001050915", "fillingDate": "2009-03-02", "acceptedDate": "2009-03-02 17:04:59", "calendarYear": "2008", "period": "FY", "revenue": 3780213000, "costOfRevenue": 3145347000, "grossProfit": 634866000, "grossProfitRatio": 0.1679445047, "researchAndDevelopmentExpenses": 0, "generalAndAdministrativeExpenses": 309399000, "sellingAndMarketingExpenses": 0, "sellingGeneralAndAdministrativeExpenses": 309399000, "otherExpenses": 36300000, "operatingExpenses": 345699000, "costAndExpenses": 3491046000, "interestIncome": 9765000, "interestExpense": -17505000, "depreciationAndAmortization": 113954000, "ebitda": 402781000, "ebitdaratio": 0.1065498161, "operatingIncome": 289167000, "operatingIncomeRatio": 0.0764948959, "totalOtherIncomeExpensesNet": 340000, "incomeBeforeTax": 281767000, "incomeBeforeTaxRatio": 0.0745373343, "incomeTaxExpense": 115026000, "netIncome": 166741000, "netIncomeRatio": 0.0441088902, "eps": 0.89, "epsdiluted": 0.87, "weightedAverageShsOut": 178033000, "weightedAverageShsOutDil": 196975000, "link": "https://www.sec.gov/Archives/edgar/data/1050915/000095013409004251/0000950134-09-004251-index.htm", "finalLink": "https://www.sec.gov/Archives/edgar/data/1050915/000095013409004251/h65892e10vk.htm", "calculatedOtherExpenses": 36300000, "calculatedOperatingExpenses": 345699000, "calculatedNetInterest": 27270000, "calculatedOtherIncome": -34670000, "calculatedIncomeNonControlling": 0, "calculatedEbitda": 403121000}, {"date": "2007-12-31", "symbol": "PWR", "reportedCurrency": "USD", "cik": "0001050915", "fillingDate": "2008-02-29", "acceptedDate": "2008-02-29 15:58:40", "calendarYear": "2007", "period": "FY", "revenue": 2656036000, "costOfRevenue": 2227289000, "grossProfit": 428747000, "grossProfitRatio": 0.1614236403, "researchAndDevelopmentExpenses": 0, "generalAndAdministrativeExpenses": 240508000, "sellingAndMarketingExpenses": 0, "sellingGeneralAndAdministrativeExpenses": 240508000, "otherExpenses": 18759000, "operatingExpenses": 259267000, "costAndExpenses": 2486556000, "interestIncome": 19977000, "interestExpense": -21515000, "depreciationAndAmortization": 77312000, "ebitda": 247372000, "ebitdaratio": 0.0931357858, "operatingIncome": 169480000, "operatingIncomeRatio": 0.0638093761, "totalOtherIncomeExpensesNet": -580000, "incomeBeforeTax": 167362000, "incomeBeforeTaxRatio": 0.0630119471, "incomeTaxExpense": 34222000, "netIncome": 135977000, "netIncomeRatio": 0.0511954657, "eps": 1, "epsdiluted": 0.89, "weightedAverageShsOut": 135793000, "weightedAverageShsOutDil": 167260000, "link": "https://www.sec.gov/Archives/edgar/data/1050915/000095012908001378/0000950129-08-001378-index.htm", "finalLink": "https://www.sec.gov/Archives/edgar/data/1050915/000095012908001378/h54156e10vk.htm", "calculatedOtherExpenses": 18759000, "calculatedOperatingExpenses": 259267000, "calculatedNetInterest": 41492000, "calculatedOtherIncome": -43610000, "calculatedIncomeNonControlling": -2837000, "calculatedEbitda": 246792000}, {"date": "2006-12-31", "symbol": "PWR", "reportedCurrency": "USD", "cik": "0001050915", "fillingDate": "2007-02-28", "acceptedDate": "2007-02-27 19:12:33", "calendarYear": "2006", "period": "FY", "revenue": 2131038000, "costOfRevenue": 1815222000, "grossProfit": 315816000, "grossProfitRatio": 0.148198202, "researchAndDevelopmentExpenses": 0, "generalAndAdministrativeExpenses": 183002000, "sellingAndMarketingExpenses": 0, "sellingGeneralAndAdministrativeExpenses": 183002000, "otherExpenses": 56812000, "operatingExpenses": 239814000, "costAndExpenses": 2055036000, "interestIncome": 13924000, "interestExpense": 26823000, "depreciationAndAmortization": 56240000, "ebitda": 187031000, "ebitdaratio": 0.0877652111, "operatingIncome": 76002000, "operatingIncomeRatio": 0.0356643101, "totalOtherIncomeExpensesNet": -54789000, "incomeBeforeTax": 65126000, "incomeBeforeTaxRatio": 0.0305606939, "incomeTaxExpense": 47643000, "netIncome": 17483000, "netIncomeRatio": 0.0082039832, "eps": 0.15, "epsdiluted": 0.15, "weightedAverageShsOut": 117027000, "weightedAverageShsOutDil": 117863000, "link": "https://www.sec.gov/Archives/edgar/data/1050915/000095012907000940/0000950129-07-000940-index.htm", "finalLink": "https://www.sec.gov/Archives/edgar/data/1050915/000095012907000940/h42746e10vk.htm", "calculatedOtherExpenses": 56812000, "calculatedOperatingExpenses": 239814000, "calculatedNetInterest": -12899000, "calculatedOtherIncome": 2023000, "calculatedIncomeNonControlling": 0, "calculatedEbitda": 132242000}, {"date": "2005-12-31", "symbol": "PWR", "reportedCurrency": "USD", "cik": "0001050915", "fillingDate": "2006-03-02", "acceptedDate": "2006-03-02 16:39:20", "calendarYear": "2005", "period": "FY", "revenue": 1858626000, "costOfRevenue": 1601878000, "grossProfit": 256748000, "grossProfitRatio": 0.1381386035, "researchAndDevelopmentExpenses": 0, "generalAndAdministrativeExpenses": 188203000, "sellingAndMarketingExpenses": 0, "sellingGeneralAndAdministrativeExpenses": 188203000, "otherExpenses": 0, "operatingExpenses": 188203000, "costAndExpenses": 1790081000, "interestIncome": 7416000, "interestExpense": 23949000, "depreciationAndAmortization": 60379000, "ebitda": 128689000, "ebitdaratio": 0.0692387818, "operatingIncome": 68545000, "operatingIncomeRatio": 0.0368793937, "totalOtherIncomeExpensesNet": 235000, "incomeBeforeTax": 52247000, "incomeBeforeTaxRatio": 0.0281105505, "incomeTaxExpense": 22690000, "netIncome": 29557000, "netIncomeRatio": 0.0159026076, "eps": 0.26, "epsdiluted": 0.25, "weightedAverageShsOut": 115756000, "weightedAverageShsOutDil": 116634000, "link": "https://www.sec.gov/Archives/edgar/data/1050915/000095012906002185/0000950129-06-002185-index.htm", "finalLink": "https://www.sec.gov/Archives/edgar/data/1050915/000095012906002185/h33202e10vk.htm", "calculatedOtherExpenses": 0, "calculatedOperatingExpenses": 188203000, "calculatedNetInterest": -16533000, "calculatedOtherIncome": 235000, "calculatedIncomeNonControlling": 0, "calculatedEbitda": 128924000}, {"date": "2004-12-31", "symbol": "PWR", "reportedCurrency": "USD", "cik": "0001050915", "fillingDate": "2005-03-16", "acceptedDate": "2005-03-16 16:02:39", "calendarYear": "2004", "period": "FY", "revenue": 1626510000, "costOfRevenue": 1445119000, "grossProfit": 181391000, "grossProfitRatio": 0.1115216015, "researchAndDevelopmentExpenses": 0, "generalAndAdministrativeExpenses": 171537000, "sellingAndMarketingExpenses": 0, "sellingGeneralAndAdministrativeExpenses": 171537000, "otherExpenses": 0, "operatingExpenses": 171537000, "costAndExpenses": 1616656000, "interestIncome": 0, "interestExpense": -25067000, "depreciationAndAmortization": 64988000, "ebitda": 72274000, "ebitdaratio": 0.0444350173, "operatingIncome": 9854000, "operatingIncomeRatio": 0.0060583704, "totalOtherIncomeExpensesNet": 2568000, "incomeBeforeTax": -12645000, "incomeBeforeTaxRatio": -0.0077743143, "incomeTaxExpense": -3451000, "netIncome": -9194000, "netIncomeRatio": -0.0056525936, "eps": -0.08, "epsdiluted": -0.08, "weightedAverageShsOut": 114925000, "weightedAverageShsOutDil": 114925000, "link": "https://www.sec.gov/Archives/edgar/data/1050915/000095012905002505/0000950129-05-002505-index.htm", "finalLink": "https://www.sec.gov/Archives/edgar/data/1050915/000095012905002505/h22727e10vk.htm", "calculatedOtherExpenses": 0, "calculatedOperatingExpenses": 171537000, "calculatedNetInterest": 25067000, "calculatedOtherIncome": -47566000, "calculatedIncomeNonControlling": 0, "calculatedEbitda": 74842000}, {"date": "2003-12-31", "symbol": "PWR", "reportedCurrency": "USD", "cik": "0001050915", "fillingDate": "2004-03-15", "acceptedDate": "2004-03-15 15:41:45", "calendarYear": "2003", "period": "FY", "revenue": 1642853000, "costOfRevenue": 1442958000, "grossProfit": 199895000, "grossProfitRatio": 0.1216755242, "researchAndDevelopmentExpenses": 0, "generalAndAdministrativeExpenses": 176872000, "sellingAndMarketingExpenses": 0, "sellingGeneralAndAdministrativeExpenses": 176872000, "otherExpenses": 6452000, "operatingExpenses": 183324000, "costAndExpenses": 1626282000, "interestIncome": 0, "interestExpense": 31822000, "depreciationAndAmortization": 62871000, "ebitda": 123712000, "ebitdaratio": 0.0753031464, "operatingIncome": 16571000, "operatingIncomeRatio": 0.0100867211, "totalOtherIncomeExpensesNet": -44270000, "incomeBeforeTax": -53069000, "incomeBeforeTaxRatio": -0.032302951, "incomeTaxExpense": -18080000, "netIncome": -34989000, "netIncomeRatio": -0.0212977059, "eps": -0.32, "epsdiluted": -0.32, "weightedAverageShsOut": 110906000, "weightedAverageShsOutDil": 110906000, "link": "https://www.sec.gov/Archives/edgar/data/1050915/000095012904001307/0000950129-04-001307-index.htm", "finalLink": "https://www.sec.gov/Archives/edgar/data/1050915/000095012904001307/h13605e10vk.htm", "calculatedOtherExpenses": 6452000, "calculatedOperatingExpenses": 183324000, "calculatedNetInterest": -31822000, "calculatedOtherIncome": -37818000, "calculatedIncomeNonControlling": 0, "calculatedEbitda": 79442000}, {"date": "2002-12-31", "symbol": "PWR", "reportedCurrency": "USD", "cik": "0001050915", "fillingDate": "2003-03-31", "acceptedDate": "2003-03-31 13:19:48", "calendarYear": "2002", "period": "FY", "revenue": 1750713000, "costOfRevenue": 1513940000, "grossProfit": 236773000, "grossProfitRatio": 0.135243755, "researchAndDevelopmentExpenses": 0, "generalAndAdministrativeExpenses": 225725000, "sellingAndMarketingExpenses": 0, "sellingGeneralAndAdministrativeExpenses": 225725000, "otherExpenses": 166580000, "operatingExpenses": 392305000, "costAndExpenses": 1906245000, "interestIncome": 0, "interestExpense": -35866000, "depreciationAndAmortization": 60576000, "ebitda": 74070000, "ebitdaratio": 0.0423084766, "operatingIncome": -155532000, "operatingIncomeRatio": -0.0888392329, "totalOtherIncomeExpensesNet": -169026000, "incomeBeforeTax": -193844000, "incomeBeforeTaxRatio": -0.1107228883, "incomeTaxExpense": -19710000, "netIncome": -619556000, "netIncomeRatio": -0.353887816, "eps": -7.67, "epsdiluted": -7.67, "weightedAverageShsOut": 80815000, "weightedAverageShsOutDil": 80815000, "link": "https://www.sec.gov/Archives/edgar/data/1050915/000095012903001726/0000950129-03-001726-index.htm", "finalLink": "https://www.sec.gov/Archives/edgar/data/1050915/000095012903001726/h02158e10vk.htm", "calculatedOtherExpenses": 166580000, "calculatedOperatingExpenses": 392305000, "calculatedNetInterest": 35866000, "calculatedOtherIncome": -74178000, "calculatedIncomeNonControlling": 445422000, "calculatedEbitda": -94956000}, {"date": "2001-12-31", "symbol": "PWR", "reportedCurrency": "USD", "cik": "0001050915", "fillingDate": "2002-04-01", "acceptedDate": "2002-04-01 00:00:00", "calendarYear": "2001", "period": "FY", "revenue": 2014877000, "costOfRevenue": 1601039000, "grossProfit": 413838000, "grossProfitRatio": 0.2053911976, "researchAndDevelopmentExpenses": 0, "generalAndAdministrativeExpenses": 194575000, "sellingAndMarketingExpenses": 0, "sellingGeneralAndAdministrativeExpenses": 194575000, "otherExpenses": 25998000, "operatingExpenses": 220573000, "costAndExpenses": 1821612000, "interestIncome": 0, "interestExpense": 0, "depreciationAndAmortization": 79374000, "ebitda": 272866000, "ebitdaratio": 0.1354256364, "operatingIncome": 193265000, "operatingIncomeRatio": 0.0959190065, "totalOtherIncomeExpensesNet": -227000, "incomeBeforeTax": 156966000, "incomeBeforeTaxRatio": 0.0779035147, "incomeTaxExpense": 71200000, "netIncome": 85766000, "netIncomeRatio": 0.0425663701, "eps": 1.11, "epsdiluted": 1.1, "weightedAverageShsOut": 77256000, "weightedAverageShsOutDil": 78238000, "link": "https://www.sec.gov/Archives/edgar/data/1050915/000095012902001681/0000950129-02-001681-index.htm", "finalLink": "https://www.sec.gov/Archives/edgar/data/1050915/000095012902001681/h94363e10-k.txt", "calculatedOtherExpenses": 25998000, "calculatedOperatingExpenses": 220573000, "calculatedNetInterest": 0, "calculatedOtherIncome": -36299000, "calculatedIncomeNonControlling": 0, "calculatedEbitda": 272639000}, {"date": "2000-12-31", "symbol": "PWR", "reportedCurrency": "USD", "cik": "0001050915", "fillingDate": "2001-04-02", "acceptedDate": "2001-04-02 00:00:00", "calendarYear": "2000", "period": "FY", "revenue": 1793301000, "costOfRevenue": 1341715000, "grossProfit": 451586000, "grossProfitRatio": 0.2518182949, "researchAndDevelopmentExpenses": 0, "generalAndAdministrativeExpenses": 143564000, "sellingAndMarketingExpenses": 0, "sellingGeneralAndAdministrativeExpenses": 143564000, "otherExpenses": 57294000, "operatingExpenses": 200858000, "costAndExpenses": 1542573000, "interestIncome": 0, "interestExpense": 25708000, "depreciationAndAmortization": 57294000, "ebitda": 333991000, "ebitdaratio": 0.1862436925, "operatingIncome": 250728000, "operatingIncomeRatio": 0.1398136732, "totalOtherIncomeExpensesNet": -25969000, "incomeBeforeTax": 199051000, "incomeBeforeTaxRatio": 0.1109969827, "incomeTaxExpense": 93328000, "netIncome": 105723000, "netIncomeRatio": 0.0589544087, "eps": 1.78, "epsdiluted": 1.42, "weightedAverageShsOut": 58900000, "weightedAverageShsOutDil": 76583000, "link": "https://www.sec.gov/Archives/edgar/data/1050915/000095012901001845/0000950129-01-001845-index.htm", "finalLink": "https://www.sec.gov/Archives/edgar/data/1050915/000095012901001845/h85578e10-k.txt", "calculatedOtherExpenses": 57294000, "calculatedOperatingExpenses": 200858000, "calculatedNetInterest": -25708000, "calculatedOtherIncome": -25969000, "calculatedIncomeNonControlling": 0, "calculatedEbitda": 308022000}, {"date": "1999-12-31", "symbol": "PWR", "reportedCurrency": "USD", "cik": "0001050915", "fillingDate": "2000-03-30", "acceptedDate": "2000-03-30 00:00:00", "calendarYear": "1999", "period": "FY", "revenue": 925700000, "costOfRevenue": 687100000, "grossProfit": 238600000, "grossProfitRatio": 0.2577508912, "researchAndDevelopmentExpenses": 0, "generalAndAdministrativeExpenses": 80100000, "sellingAndMarketingExpenses": 0, "sellingGeneralAndAdministrativeExpenses": 80100000, "otherExpenses": 35200000, "operatingExpenses": 115300000, "costAndExpenses": 802400000, "interestIncome": 0, "interestExpense": 0, "depreciationAndAmortization": 35200000, "ebitda": 163700000, "ebitdaratio": 0.1768391488, "operatingIncome": 123300000, "operatingIncomeRatio": 0.1331964999, "totalOtherIncomeExpensesNet": -5200000, "incomeBeforeTax": 102900000, "incomeBeforeTaxRatio": 0.1111591228, "incomeTaxExpense": 49000000, "netIncome": 53900000, "netIncomeRatio": 0.0582262072, "eps": 0.76, "epsdiluted": 0.67, "weightedAverageShsOut": 70765500, "weightedAverageShsOutDil": 84219000, "link": "https://www.sec.gov/Archives/edgar/data/1050915/000095012900001546/0000950129-00-001546-index.html", "finalLink": "https://www.sec.gov/Archives/edgar/data/1050915/000095012900001546/", "calculatedOtherExpenses": 35200000, "calculatedOperatingExpenses": 115300000, "calculatedNetInterest": 0, "calculatedOtherIncome": -20400000, "calculatedIncomeNonControlling": 0, "calculatedEbitda": 158500000}, {"date": "1998-12-31", "symbol": "PWR", "reportedCurrency": "USD", "cik": "0001050915", "fillingDate": "1999-03-31", "acceptedDate": "1999-03-31 00:00:00", "calendarYear": "1998", "period": "FY", "revenue": 309200000, "costOfRevenue": 241100000, "grossProfit": 68100000, "grossProfitRatio": 0.2202457956, "researchAndDevelopmentExpenses": 0, "generalAndAdministrativeExpenses": 26400000, "sellingAndMarketingExpenses": 0, "sellingGeneralAndAdministrativeExpenses": 26400000, "otherExpenses": 10600000, "operatingExpenses": 37000000, "costAndExpenses": 278100000, "interestIncome": 0, "interestExpense": 0, "depreciationAndAmortization": 10600000, "ebitda": 41300000, "ebitdaratio": 0.1335705045, "operatingIncome": 31100000, "operatingIncomeRatio": 0.1005821475, "totalOtherIncomeExpensesNet": 400000, "incomeBeforeTax": 26900000, "incomeBeforeTaxRatio": 0.0869987063, "incomeTaxExpense": 11700000, "netIncome": 15200000, "netIncomeRatio": 0.0491591203, "eps": 0.4, "epsdiluted": 0.39, "weightedAverageShsOut": 40177500, "weightedAverageShsOutDil": 42472500, "link": "https://www.sec.gov/Archives/edgar/data/1050915/000095012999001324/0000950129-99-001324-index.html", "finalLink": "https://www.sec.gov/Archives/edgar/data/1050915/", "calculatedOtherExpenses": 10600000, "calculatedOperatingExpenses": 37000000, "calculatedNetInterest": 0, "calculatedOtherIncome": -4200000, "calculatedIncomeNonControlling": 0, "calculatedEbitda": 41700000}, {"date": "1997-12-31", "symbol": "PWR", "reportedCurrency": "USD", "cik": "0001050915", "fillingDate": "1998-03-31", "acceptedDate": "1998-03-31 00:00:00", "calendarYear": "1997", "period": "FY", "revenue": 76200000, "costOfRevenue": 55700000, "grossProfit": 20500000, "grossProfitRatio": 0.2690288714, "researchAndDevelopmentExpenses": 0, "generalAndAdministrativeExpenses": 11600000, "sellingAndMarketingExpenses": 0, "sellingGeneralAndAdministrativeExpenses": 11600000, "otherExpenses": 3300000, "operatingExpenses": 14900000, "costAndExpenses": 70600000, "interestIncome": 0, "interestExpense": 0, "depreciationAndAmortization": 3300000, "ebitda": 9000000, "ebitdaratio": 0.1181102362, "operatingIncome": 5600000, "operatingIncomeRatio": 0.0734908136, "totalOtherIncomeExpensesNet": -100000, "incomeBeforeTax": 4300000, "incomeBeforeTaxRatio": 0.0564304462, "incomeTaxExpense": 1800000, "netIncome": 2500000, "netIncomeRatio": 0.032808399, "eps": 0.13, "epsdiluted": 0.13, "weightedAverageShsOut": 43200000, "weightedAverageShsOutDil": 43200000, "link": "https://www.sec.gov/Archives/edgar/data/1050915/000089924398000535/0000899243-98-000535-index.html", "finalLink": "https://www.sec.gov/Archives/edgar/data/1050915/", "calculatedOtherExpenses": 3300000, "calculatedOperatingExpenses": 14900000, "calculatedNetInterest": 0, "calculatedOtherIncome": -1300000, "calculatedIncomeNonControlling": 0, "calculatedEbitda": 8900000}]}