{"originalCurrency": "USD", "convertedCurrency": "USD", "report": [{"date": "2023-12-31", "symbol": "PYPL", "reportedCurrency": "USD", "cik": "0001633917", "fillingDate": "2024-02-08", "acceptedDate": "2024-02-07 19:35:06", "calendarYear": "2023", "period": "FY", "revenue": 29771000000, "costOfRevenue": 16067000000, "grossProfit": 13704000000, "grossProfitRatio": 0.4603137281, "researchAndDevelopmentExpenses": 2973000000, "generalAndAdministrativeExpenses": 2059000000, "sellingAndMarketingExpenses": 1809000000, "sellingGeneralAndAdministrativeExpenses": 3868000000, "otherExpenses": 1919000000, "operatingExpenses": 8760000000, "costAndExpenses": 24827000000, "interestIncome": 480000000, "interestExpense": 347000000, "depreciationAndAmortization": 1072000000, "ebitda": 6545000000, "ebitdaratio": 0.2198448154, "operatingIncome": 5028000000, "operatingIncomeRatio": 0.1688891875, "totalOtherIncomeExpensesNet": 334000000, "incomeBeforeTax": 5411000000, "incomeBeforeTaxRatio": 0.181754056, "incomeTaxExpense": 1165000000, "netIncome": 4246000000, "netIncomeRatio": 0.1426220147, "eps": 3.85, "epsdiluted": 3.84, "weightedAverageShsOut": 1103000000, "weightedAverageShsOutDil": 1107000000, "link": "https://www.sec.gov/Archives/edgar/data/1633917/000163391724000024/0001633917-24-000024-index.htm", "finalLink": "https://www.sec.gov/Archives/edgar/data/1633917/000163391724000024/pypl-20231231.htm", "calculatedOtherExpenses": 1835000000, "calculatedOperatingExpenses": 8676000000, "calculatedNetInterest": 133000000, "calculatedOtherIncome": 250000000, "calculatedIncomeNonControlling": 0, "calculatedEbitda": 6100000000}, {"date": "2022-12-31", "symbol": "PYPL", "reportedCurrency": "USD", "cik": "0001633917", "fillingDate": "2023-02-10", "acceptedDate": "2023-02-09 19:38:19", "calendarYear": "2022", "period": "FY", "revenue": 27518000000, "costOfRevenue": 13745000000, "grossProfit": 13773000000, "grossProfitRatio": 0.5005087579, "researchAndDevelopmentExpenses": 3253000000, "generalAndAdministrativeExpenses": 2099000000, "sellingAndMarketingExpenses": 2257000000, "sellingGeneralAndAdministrativeExpenses": 4356000000, "otherExpenses": 2120000000, "operatingExpenses": 9729000000, "costAndExpenses": 23474000000, "interestIncome": 174000000, "interestExpense": 304000000, "depreciationAndAmortization": 1661000000, "ebitda": 5498000000, "ebitdaratio": 0.1997964968, "operatingIncome": 3837000000, "operatingIncomeRatio": 0.1394360055, "totalOtherIncomeExpensesNet": -471000000, "incomeBeforeTax": 3366000000, "incomeBeforeTaxRatio": 0.122319936, "incomeTaxExpense": 947000000, "netIncome": 2419000000, "netIncomeRatio": 0.0879060978, "eps": 2.1, "epsdiluted": 2.09, "weightedAverageShsOut": 1154000000, "weightedAverageShsOutDil": 1158000000, "link": "https://www.sec.gov/Archives/edgar/data/1633917/000163391723000033/0001633917-23-000033-index.htm", "finalLink": "https://www.sec.gov/Archives/edgar/data/1633917/000163391723000033/pypl-20221231.htm", "calculatedOtherExpenses": 2327000000, "calculatedOperatingExpenses": 9936000000, "calculatedNetInterest": -130000000, "calculatedOtherIncome": -341000000, "calculatedIncomeNonControlling": 0, "calculatedEbitda": 5498000000}, {"date": "2021-12-31", "symbol": "PYPL", "reportedCurrency": "USD", "cik": "0001633917", "fillingDate": "2022-02-03", "acceptedDate": "2022-02-03 16:55:53", "calendarYear": "2021", "period": "FY", "revenue": 25371000000, "costOfRevenue": 11375000000, "grossProfit": 13996000000, "grossProfitRatio": 0.5516534626, "researchAndDevelopmentExpenses": 3038000000, "generalAndAdministrativeExpenses": 2114000000, "sellingAndMarketingExpenses": 2445000000, "sellingGeneralAndAdministrativeExpenses": 4559000000, "otherExpenses": 2075000000, "operatingExpenses": 9672000000, "costAndExpenses": 21047000000, "interestIncome": 57000000, "interestExpense": 232000000, "depreciationAndAmortization": 1350000000, "ebitda": 5612000000, "ebitdaratio": 0.2211974301, "operatingIncome": 4262000000, "operatingIncomeRatio": 0.1679870719, "totalOtherIncomeExpensesNet": -163000000, "incomeBeforeTax": 4099000000, "incomeBeforeTaxRatio": 0.1615624138, "incomeTaxExpense": -70000000, "netIncome": 4169000000, "netIncomeRatio": 0.1643214694, "eps": 3.55, "epsdiluted": 3.52, "weightedAverageShsOut": 1174000000, "weightedAverageShsOutDil": 1186000000, "link": "https://www.sec.gov/Archives/edgar/data/1633917/000163391722000027/0001633917-22-000027-index.htm", "finalLink": "https://www.sec.gov/Archives/edgar/data/1633917/000163391722000027/pypl-20211231.htm", "calculatedOtherExpenses": 2137000000, "calculatedOperatingExpenses": 9734000000, "calculatedNetInterest": -175000000, "calculatedOtherIncome": 12000000, "calculatedIncomeNonControlling": 0, "calculatedEbitda": 5612000000}, {"date": "2020-12-31", "symbol": "PYPL", "reportedCurrency": "USD", "cik": "0001633917", "fillingDate": "2021-02-05", "acceptedDate": "2021-02-04 19:30:14", "calendarYear": "2020", "period": "FY", "revenue": 21454000000, "costOfRevenue": 9675000000, "grossProfit": 11779000000, "grossProfitRatio": 0.549035145, "researchAndDevelopmentExpenses": 2642000000, "generalAndAdministrativeExpenses": 2070000000, "sellingAndMarketingExpenses": 1861000000, "sellingGeneralAndAdministrativeExpenses": 3931000000, "otherExpenses": 1778000000, "operatingExpenses": 8351000000, "costAndExpenses": 18026000000, "interestIncome": 88000000, "interestExpense": 209000000, "depreciationAndAmortization": 1399000000, "ebitda": 4688000000, "ebitdaratio": 0.21851403, "operatingIncome": 3289000000, "operatingIncomeRatio": 0.153304745, "totalOtherIncomeExpensesNet": 1776000000, "incomeBeforeTax": 5065000000, "incomeBeforeTaxRatio": 0.2360865107, "incomeTaxExpense": 863000000, "netIncome": 4202000000, "netIncomeRatio": 0.1958609117, "eps": 3.58, "epsdiluted": 3.54, "weightedAverageShsOut": 1173000000, "weightedAverageShsOutDil": 1187000000, "link": "https://www.sec.gov/Archives/edgar/data/1633917/000163391721000018/0001633917-21-000018-index.htm", "finalLink": "https://www.sec.gov/Archives/edgar/data/1633917/000163391721000018/pypl-20201231.htm", "calculatedOtherExpenses": 1917000000, "calculatedOperatingExpenses": 8490000000, "calculatedNetInterest": -121000000, "calculatedOtherIncome": 1897000000, "calculatedIncomeNonControlling": 0, "calculatedEbitda": 4688000000}, {"date": "2019-12-31", "symbol": "PYPL", "reportedCurrency": "USD", "cik": "0001633917", "fillingDate": "2020-02-06", "acceptedDate": "2020-02-06 16:28:40", "calendarYear": "2019", "period": "FY", "revenue": 17772000000, "costOfRevenue": 8170000000, "grossProfit": 9602000000, "grossProfitRatio": 0.5402880936, "researchAndDevelopmentExpenses": 2085000000, "generalAndAdministrativeExpenses": 1711000000, "sellingAndMarketingExpenses": 1401000000, "sellingGeneralAndAdministrativeExpenses": 3112000000, "otherExpenses": 1615000000, "operatingExpenses": 6812000000, "costAndExpenses": 14982000000, "interestIncome": 197000000, "interestExpense": 115000000, "depreciationAndAmortization": 1054000000, "ebitda": 3773000000, "ebitdaratio": 0.2123002476, "operatingIncome": 2719000000, "operatingIncomeRatio": 0.1529934729, "totalOtherIncomeExpensesNet": 279000000, "incomeBeforeTax": 2998000000, "incomeBeforeTaxRatio": 0.168692325, "incomeTaxExpense": 539000000, "netIncome": 2459000000, "netIncomeRatio": 0.1383637182, "eps": 2.09, "epsdiluted": 2.07, "weightedAverageShsOut": 1174000000, "weightedAverageShsOutDil": 1188000000, "link": "https://www.sec.gov/Archives/edgar/data/1633917/000163391720000028/0001633917-20-000028-index.htm", "finalLink": "https://www.sec.gov/Archives/edgar/data/1633917/000163391720000028/pypl201910-k.htm", "calculatedOtherExpenses": 1686000000, "calculatedOperatingExpenses": 6883000000, "calculatedNetInterest": 82000000, "calculatedOtherIncome": 197000000, "calculatedIncomeNonControlling": 0, "calculatedEbitda": 3773000000}, {"date": "2018-12-31", "symbol": "PYPL", "reportedCurrency": "USD", "cik": "0001633917", "fillingDate": "2019-02-07", "acceptedDate": "2019-02-07 16:47:58", "calendarYear": "2018", "period": "FY", "revenue": 15451000000, "costOfRevenue": 6855000000, "grossProfit": 8596000000, "grossProfitRatio": 0.5563393955, "researchAndDevelopmentExpenses": 1071000000, "generalAndAdministrativeExpenses": 1451000000, "sellingAndMarketingExpenses": 1313000000, "sellingGeneralAndAdministrativeExpenses": 2764000000, "otherExpenses": 2258000000, "operatingExpenses": 6093000000, "costAndExpenses": 12948000000, "interestIncome": 168000000, "interestExpense": 77000000, "depreciationAndAmortization": 776000000, "ebitda": 3588000000, "ebitdaratio": 0.2322179794, "operatingIncome": 2194000000, "operatingIncomeRatio": 0.1419972817, "totalOtherIncomeExpensesNet": -127000000, "incomeBeforeTax": 2376000000, "incomeBeforeTaxRatio": 0.1537764546, "incomeTaxExpense": 319000000, "netIncome": 2057000000, "netIncomeRatio": 0.1331305417, "eps": 1.74, "epsdiluted": 1.71, "weightedAverageShsOut": 1184000000, "weightedAverageShsOutDil": 1203000000, "link": "https://www.sec.gov/Archives/edgar/data/1633917/000163391719000043/0001633917-19-000043-index.htm", "finalLink": "https://www.sec.gov/Archives/edgar/data/1633917/000163391719000043/pypl201810-k.htm", "calculatedOtherExpenses": 2567000000, "calculatedOperatingExpenses": 6402000000, "calculatedNetInterest": 91000000, "calculatedOtherIncome": 91000000, "calculatedIncomeNonControlling": 0, "calculatedEbitda": 2970000000}, {"date": "2017-12-31", "symbol": "PYPL", "reportedCurrency": "USD", "cik": "0001633917", "fillingDate": "2018-02-07", "acceptedDate": "2018-02-07 16:32:44", "calendarYear": "2017", "period": "FY", "revenue": 13094000000, "costOfRevenue": 5430000000, "grossProfit": 7664000000, "grossProfitRatio": 0.5853062471, "researchAndDevelopmentExpenses": 953000000, "generalAndAdministrativeExpenses": 1155000000, "sellingAndMarketingExpenses": 1128000000, "sellingGeneralAndAdministrativeExpenses": 2283000000, "otherExpenses": 2169000000, "operatingExpenses": 5405000000, "costAndExpenses": 10835000000, "interestIncome": 0, "interestExpense": 0, "depreciationAndAmortization": 805000000, "ebitda": 3196000000, "ebitdaratio": 0.2440812586, "operatingIncome": 2127000000, "operatingIncomeRatio": 0.1624408126, "totalOtherIncomeExpensesNet": -59000000, "incomeBeforeTax": 2200000000, "incomeBeforeTaxRatio": 0.1680158851, "incomeTaxExpense": 405000000, "netIncome": 1795000000, "netIncomeRatio": 0.1370856881, "eps": 1.49, "epsdiluted": 1.47, "weightedAverageShsOut": 1203000000, "weightedAverageShsOutDil": 1221000000, "link": "https://www.sec.gov/Archives/edgar/data/1633917/000163391718000029/0001633917-18-000029-index.htm", "finalLink": "https://www.sec.gov/Archives/edgar/data/1633917/000163391718000029/pypl201710-k.htm", "calculatedOtherExpenses": 2301000000, "calculatedOperatingExpenses": 5537000000, "calculatedNetInterest": 0, "calculatedOtherIncome": 73000000, "calculatedIncomeNonControlling": 0, "calculatedEbitda": 2932000000}, {"date": "2016-12-31", "symbol": "PYPL", "reportedCurrency": "USD", "cik": "0001633917", "fillingDate": "2017-02-08", "acceptedDate": "2017-02-08 16:35:30", "calendarYear": "2016", "period": "FY", "revenue": 10842000000, "costOfRevenue": 4434000000, "grossProfit": 6408000000, "grossProfitRatio": 0.5910348644, "researchAndDevelopmentExpenses": 834000000, "generalAndAdministrativeExpenses": 1028000000, "sellingAndMarketingExpenses": 969000000, "sellingGeneralAndAdministrativeExpenses": 1997000000, "otherExpenses": 1991000000, "operatingExpenses": 4822000000, "costAndExpenses": 9256000000, "interestIncome": 0, "interestExpense": 0, "depreciationAndAmortization": 724000000, "ebitda": 2310000000, "ebitdaratio": 0.213060321, "operatingIncome": 1586000000, "operatingIncomeRatio": 0.1462829736, "totalOtherIncomeExpensesNet": 45000000, "incomeBeforeTax": 1631000000, "incomeBeforeTaxRatio": 0.1504334994, "incomeTaxExpense": 230000000, "netIncome": 1401000000, "netIncomeRatio": 0.1292197012, "eps": 1.16, "epsdiluted": 1.15, "weightedAverageShsOut": 1210000000, "weightedAverageShsOutDil": 1218000000, "link": "https://www.sec.gov/Archives/edgar/data/1633917/000163391717000027/0001633917-17-000027-index.htm", "finalLink": "https://www.sec.gov/Archives/edgar/data/1633917/000163391717000027/pypl201610-k.htm", "calculatedOtherExpenses": 1991000000, "calculatedOperatingExpenses": 4822000000, "calculatedNetInterest": 0, "calculatedOtherIncome": 45000000, "calculatedIncomeNonControlling": 0, "calculatedEbitda": 2310000000}, {"date": "2015-12-31", "symbol": "PYPL", "reportedCurrency": "USD", "cik": "0001633917", "fillingDate": "2016-02-11", "acceptedDate": "2016-02-11 16:44:06", "calendarYear": "2015", "period": "FY", "revenue": 9248000000, "costOfRevenue": 3419000000, "grossProfit": 5829000000, "grossProfitRatio": 0.6302984429, "researchAndDevelopmentExpenses": 947000000, "generalAndAdministrativeExpenses": 560000000, "sellingAndMarketingExpenses": 985000000, "sellingGeneralAndAdministrativeExpenses": 1545000000, "otherExpenses": 1828000000, "operatingExpenses": 4320000000, "costAndExpenses": 7739000000, "interestIncome": 0, "interestExpense": 0, "depreciationAndAmortization": 608000000, "ebitda": 2165000000, "ebitdaratio": 0.2341046713, "operatingIncome": 1461000000, "operatingIncomeRatio": 0.1579801038, "totalOtherIncomeExpensesNet": -21000000, "incomeBeforeTax": 1488000000, "incomeBeforeTaxRatio": 0.160899654, "incomeTaxExpense": 260000000, "netIncome": 1228000000, "netIncomeRatio": 0.1327854671, "eps": 1, "epsdiluted": 1, "weightedAverageShsOut": 1222000000, "weightedAverageShsOutDil": 1229000000, "link": "https://www.sec.gov/Archives/edgar/data/1633917/000163391716000113/0001633917-16-000113-index.htm", "finalLink": "https://www.sec.gov/Archives/edgar/data/1633917/000163391716000113/pypl201510-k.htm", "calculatedOtherExpenses": 1876000000, "calculatedOperatingExpenses": 4368000000, "calculatedNetInterest": 0, "calculatedOtherIncome": 27000000, "calculatedIncomeNonControlling": 0, "calculatedEbitda": 2069000000}, {"date": "2014-12-31", "symbol": "PYPL", "reportedCurrency": "USD", "cik": "0001633917", "fillingDate": "2014-12-31", "acceptedDate": "2014-12-30 19:00:00", "calendarYear": "2014", "period": "FY", "revenue": 8025000000, "costOfRevenue": 2816000000, "grossProfit": 5209000000, "grossProfitRatio": 0.6490965732, "researchAndDevelopmentExpenses": 890000000, "generalAndAdministrativeExpenses": 482000000, "sellingAndMarketingExpenses": 998000000, "sellingGeneralAndAdministrativeExpenses": 1480000000, "otherExpenses": 1571000000, "operatingExpenses": 3941000000, "costAndExpenses": 6757000000, "interestIncome": 0, "interestExpense": 0, "depreciationAndAmortization": 516000000, "ebitda": 1784000000, "ebitdaratio": 0.222305296, "operatingIncome": 1268000000, "operatingIncomeRatio": 0.1580062305, "totalOtherIncomeExpensesNet": -7000000, "incomeBeforeTax": 1261000000, "incomeBeforeTaxRatio": 0.1571339564, "incomeTaxExpense": 842000000, "netIncome": 419000000, "netIncomeRatio": 0.052211838, "eps": 0.34, "epsdiluted": 0.34, "weightedAverageShsOut": 1218000000, "weightedAverageShsOutDil": 1224000000, "link": "", "finalLink": "", "calculatedOtherExpenses": 1571000000, "calculatedOperatingExpenses": 3941000000, "calculatedNetInterest": 0, "calculatedOtherIncome": -7000000, "calculatedIncomeNonControlling": 0, "calculatedEbitda": 1784000000}, {"date": "2013-12-31", "symbol": "PYPL", "reportedCurrency": "USD", "cik": "0001633917", "fillingDate": "2013-12-31", "acceptedDate": "2013-12-30 19:00:00", "calendarYear": "2013", "period": "FY", "revenue": 6727000000, "costOfRevenue": 2337000000, "grossProfit": 4390000000, "grossProfitRatio": 0.6525940241, "researchAndDevelopmentExpenses": 727000000, "generalAndAdministrativeExpenses": 378000000, "sellingAndMarketingExpenses": 791000000, "sellingGeneralAndAdministrativeExpenses": 1169000000, "otherExpenses": 1403000000, "operatingExpenses": 3299000000, "costAndExpenses": 5636000000, "interestIncome": 0, "interestExpense": 0, "depreciationAndAmortization": 453000000, "ebitda": 1544000000, "ebitdaratio": 0.2295228185, "operatingIncome": 1091000000, "operatingIncomeRatio": 0.1621822506, "totalOtherIncomeExpensesNet": -7000000, "incomeBeforeTax": 1084000000, "incomeBeforeTaxRatio": 0.1611416679, "incomeTaxExpense": 129000000, "netIncome": 955000000, "netIncomeRatio": 0.1419652148, "eps": 0.82, "epsdiluted": 0.8, "weightedAverageShsOut": 1171000000, "weightedAverageShsOutDil": 1188000000, "link": "", "finalLink": "", "calculatedOtherExpenses": 1403000000, "calculatedOperatingExpenses": 3299000000, "calculatedNetInterest": 0, "calculatedOtherIncome": -7000000, "calculatedIncomeNonControlling": 0, "calculatedEbitda": 1544000000}, {"date": "2012-12-31", "symbol": "PYPL", "reportedCurrency": "USD", "cik": "0001633917", "fillingDate": "2012-12-31", "acceptedDate": "2012-12-30 19:00:00", "calendarYear": "2012", "period": "FY", "revenue": 5662000000, "costOfRevenue": 1883000000, "grossProfit": 3779000000, "grossProfitRatio": 0.6674320028, "researchAndDevelopmentExpenses": 677000000, "generalAndAdministrativeExpenses": 345000000, "sellingAndMarketingExpenses": 662000000, "sellingGeneralAndAdministrativeExpenses": 1007000000, "otherExpenses": 1196000000, "operatingExpenses": 2880000000, "costAndExpenses": 4763000000, "interestIncome": 0, "interestExpense": 0, "depreciationAndAmortization": 382000000, "ebitda": 1300000000, "ebitdaratio": 0.2296008478, "operatingIncome": 880000000, "operatingIncomeRatio": 0.1554221123, "totalOtherIncomeExpensesNet": -8000000, "incomeBeforeTax": 891000000, "incomeBeforeTaxRatio": 0.1573648887, "incomeTaxExpense": 113000000, "netIncome": 778000000, "netIncomeRatio": 0.1374072766, "eps": 0.66, "epsdiluted": 0.65, "weightedAverageShsOut": 1171000000, "weightedAverageShsOutDil": 1188000000, "link": "", "finalLink": "", "calculatedOtherExpenses": 1215000000, "calculatedOperatingExpenses": 2899000000, "calculatedNetInterest": 0, "calculatedOtherIncome": 11000000, "calculatedIncomeNonControlling": 0, "calculatedEbitda": 1262000000}]}