{"originalCurrency": "USD", "convertedCurrency": "USD", "report": [{"date": "2023-09-24", "symbol": "QCOM", "reportedCurrency": "USD", "cik": "0000804328", "fillingDate": "2023-11-01", "acceptedDate": "2023-11-01 16:10:50", "calendarYear": "2023", "period": "FY", "revenue": 35820000000, "costOfRevenue": 15869000000, "grossProfit": 19951000000, "grossProfitRatio": 0.5569793412, "researchAndDevelopmentExpenses": 8818000000, "generalAndAdministrativeExpenses": 0, "sellingAndMarketingExpenses": 0, "sellingGeneralAndAdministrativeExpenses": 2483000000, "otherExpenses": 86000000, "operatingExpenses": 12163000000, "costAndExpenses": 28032000000, "interestIncome": 313000000, "interestExpense": 694000000, "depreciationAndAmortization": 1809000000, "ebitda": 9597000000, "ebitdaratio": 0.2679229481, "operatingIncome": 7788000000, "operatingIncomeRatio": 0.2174204355, "totalOtherIncomeExpensesNet": 349000000, "incomeBeforeTax": 7443000000, "incomeBeforeTaxRatio": 0.2077889447, "incomeTaxExpense": 104000000, "netIncome": 7232000000, "netIncomeRatio": 0.2018983808, "eps": 6.47, "epsdiluted": 6.42, "weightedAverageShsOut": 1117000000, "weightedAverageShsOutDil": 1126000000, "link": "https://www.sec.gov/Archives/edgar/data/804328/000080432823000055/0000804328-23-000055-index.htm", "finalLink": "https://www.sec.gov/Archives/edgar/data/804328/000080432823000055/qcom-20230924.htm", "calculatedOtherExpenses": 862000000, "calculatedOperatingExpenses": 12163000000, "calculatedNetInterest": -381000000, "calculatedOtherIncome": 36000000, "calculatedIncomeNonControlling": 107000000, "calculatedEbitda": 9597000000}, {"date": "2022-09-25", "symbol": "QCOM", "reportedCurrency": "USD", "cik": "0000804328", "fillingDate": "2022-11-02", "acceptedDate": "2022-11-02 16:04:10", "calendarYear": "2022", "period": "FY", "revenue": 44200000000, "costOfRevenue": 18635000000, "grossProfit": 25565000000, "grossProfitRatio": 0.5783936652, "researchAndDevelopmentExpenses": 8194000000, "generalAndAdministrativeExpenses": 0, "sellingAndMarketingExpenses": 0, "sellingGeneralAndAdministrativeExpenses": 2570000000, "otherExpenses": -1059000000, "operatingExpenses": 9705000000, "costAndExpenses": 28340000000, "interestIncome": 91000000, "interestExpense": 490000000, "depreciationAndAmortization": 1705000000, "ebitda": 17565000000, "ebitdaratio": 0.39739819, "operatingIncome": 15860000000, "operatingIncomeRatio": 0.3588235294, "totalOtherIncomeExpensesNet": -862000000, "incomeBeforeTax": 14998000000, "incomeBeforeTaxRatio": 0.339321267, "incomeTaxExpense": 2012000000, "netIncome": 12936000000, "netIncomeRatio": 0.2926696833, "eps": 11.52, "epsdiluted": 11.38, "weightedAverageShsOut": 1123000000, "weightedAverageShsOutDil": 1137000000, "link": "https://www.sec.gov/Archives/edgar/data/804328/000080432822000021/0000804328-22-000021-index.htm", "finalLink": "https://www.sec.gov/Archives/edgar/data/804328/000080432822000021/qcom-20220925.htm", "calculatedOtherExpenses": -1059000000, "calculatedOperatingExpenses": 9705000000, "calculatedNetInterest": -399000000, "calculatedOtherIncome": -463000000, "calculatedIncomeNonControlling": 50000000, "calculatedEbitda": 17565000000}, {"date": "2021-09-26", "symbol": "QCOM", "reportedCurrency": "USD", "cik": "0000804328", "fillingDate": "2021-11-03", "acceptedDate": "2021-11-03 16:06:41", "calendarYear": "2021", "period": "FY", "revenue": 33566000000, "costOfRevenue": 14262000000, "grossProfit": 19304000000, "grossProfitRatio": 0.5751057618, "researchAndDevelopmentExpenses": 7176000000, "generalAndAdministrativeExpenses": 0, "sellingAndMarketingExpenses": 0, "sellingGeneralAndAdministrativeExpenses": 2339000000, "otherExpenses": 130000000, "operatingExpenses": 9515000000, "costAndExpenses": 23777000000, "interestIncome": 83000000, "interestExpense": 559000000, "depreciationAndAmortization": 1582000000, "ebitda": 11371000000, "ebitdaratio": 0.3387654174, "operatingIncome": 9789000000, "operatingIncomeRatio": 0.2916343919, "totalOtherIncomeExpensesNet": 485000000, "incomeBeforeTax": 10274000000, "incomeBeforeTaxRatio": 0.3060835369, "incomeTaxExpense": 1231000000, "netIncome": 9043000000, "netIncomeRatio": 0.2694095215, "eps": 8, "epsdiluted": 7.87, "weightedAverageShsOut": 1131000000, "weightedAverageShsOutDil": 1149000000, "link": "https://www.sec.gov/Archives/edgar/data/804328/000172894921000076/0001728949-21-000076-index.htm", "finalLink": "https://www.sec.gov/Archives/edgar/data/804328/000172894921000076/qcom-20210926.htm", "calculatedOtherExpenses": 0, "calculatedOperatingExpenses": 9515000000, "calculatedNetInterest": -476000000, "calculatedOtherIncome": 961000000, "calculatedIncomeNonControlling": 0, "calculatedEbitda": 11371000000}, {"date": "2020-09-27", "symbol": "QCOM", "reportedCurrency": "USD", "cik": "0000804328", "fillingDate": "2020-11-04", "acceptedDate": "2020-11-04 17:19:44", "calendarYear": "2020", "period": "FY", "revenue": 23531000000, "costOfRevenue": 9255000000, "grossProfit": 14276000000, "grossProfitRatio": 0.6066890485, "researchAndDevelopmentExpenses": 5975000000, "generalAndAdministrativeExpenses": 0, "sellingAndMarketingExpenses": 0, "sellingGeneralAndAdministrativeExpenses": 2074000000, "otherExpenses": -28000000, "operatingExpenses": 8021000000, "costAndExpenses": 17276000000, "interestIncome": 156000000, "interestExpense": 602000000, "depreciationAndAmortization": 1393000000, "ebitda": 7648000000, "ebitdaratio": 0.3250180613, "operatingIncome": 6255000000, "operatingIncomeRatio": 0.2658195572, "totalOtherIncomeExpensesNet": -536000000, "incomeBeforeTax": 5719000000, "incomeBeforeTaxRatio": 0.2430410947, "incomeTaxExpense": 521000000, "netIncome": 5198000000, "netIncomeRatio": 0.2209000892, "eps": 4.58, "epsdiluted": 4.52, "weightedAverageShsOut": 1135000000, "weightedAverageShsOutDil": 1149000000, "link": "https://www.sec.gov/Archives/edgar/data/804328/000172894920000067/0001728949-20-000067-index.htm", "finalLink": "https://www.sec.gov/Archives/edgar/data/804328/000172894920000067/qcom-20200927.htm", "calculatedOtherExpenses": -28000000, "calculatedOperatingExpenses": 8021000000, "calculatedNetInterest": -446000000, "calculatedOtherIncome": -90000000, "calculatedIncomeNonControlling": 0, "calculatedEbitda": 7648000000}, {"date": "2019-09-29", "symbol": "QCOM", "reportedCurrency": "USD", "cik": "0000804328", "fillingDate": "2019-11-06", "acceptedDate": "2019-11-06 16:08:43", "calendarYear": "2019", "period": "FY", "revenue": 24273000000, "costOfRevenue": 8599000000, "grossProfit": 15674000000, "grossProfitRatio": 0.6457380629, "researchAndDevelopmentExpenses": 5398000000, "generalAndAdministrativeExpenses": 0, "sellingAndMarketingExpenses": 0, "sellingGeneralAndAdministrativeExpenses": 2195000000, "otherExpenses": 414000000, "operatingExpenses": 8007000000, "costAndExpenses": 16606000000, "interestIncome": 316000000, "interestExpense": 627000000, "depreciationAndAmortization": 1401000000, "ebitda": 9068000000, "ebitdaratio": 0.3735838174, "operatingIncome": 7667000000, "operatingIncomeRatio": 0.3158653648, "totalOtherIncomeExpensesNet": -186000000, "incomeBeforeTax": 7481000000, "incomeBeforeTaxRatio": 0.3082025296, "incomeTaxExpense": 3095000000, "netIncome": 4386000000, "netIncomeRatio": 0.1806945989, "eps": 3.62, "epsdiluted": 3.6, "weightedAverageShsOut": 1210000000, "weightedAverageShsOutDil": 1220000000, "link": "https://www.sec.gov/Archives/edgar/data/804328/000172894919000072/0001728949-19-000072-index.htm", "finalLink": "https://www.sec.gov/Archives/edgar/data/804328/000172894919000072/qcom10-k2019.htm", "calculatedOtherExpenses": 414000000, "calculatedOperatingExpenses": 8007000000, "calculatedNetInterest": -311000000, "calculatedOtherIncome": 125000000, "calculatedIncomeNonControlling": 0, "calculatedEbitda": 9068000000}, {"date": "2018-09-30", "symbol": "QCOM", "reportedCurrency": "USD", "cik": "0000804328", "fillingDate": "2018-11-07", "acceptedDate": "2018-11-07 16:15:48", "calendarYear": "2018", "period": "FY", "revenue": 22732000000, "costOfRevenue": 10244000000, "grossProfit": 12488000000, "grossProfitRatio": 0.5493577336, "researchAndDevelopmentExpenses": 5625000000, "generalAndAdministrativeExpenses": 0, "sellingAndMarketingExpenses": 0, "sellingGeneralAndAdministrativeExpenses": 2986000000, "otherExpenses": 3135000000, "operatingExpenses": 11746000000, "costAndExpenses": 21990000000, "interestIncome": 625000000, "interestExpense": 768000000, "depreciationAndAmortization": 1561000000, "ebitda": 2303000000, "ebitdaratio": 0.1013109273, "operatingIncome": 742000000, "operatingIncomeRatio": 0.0326412106, "totalOtherIncomeExpensesNet": 539000000, "incomeBeforeTax": 513000000, "incomeBeforeTaxRatio": 0.022567306, "incomeTaxExpense": 5377000000, "netIncome": -4864000000, "netIncomeRatio": -0.2139714939, "eps": -3.32, "epsdiluted": -3.32, "weightedAverageShsOut": 1463000000, "weightedAverageShsOutDil": 1463000000, "link": "https://www.sec.gov/Archives/edgar/data/804328/000172894918000095/0001728949-18-000095-index.htm", "finalLink": "https://www.sec.gov/Archives/edgar/data/804328/000172894918000095/qcom10-k2018.htm", "calculatedOtherExpenses": 3135000000, "calculatedOperatingExpenses": 11746000000, "calculatedNetInterest": -143000000, "calculatedOtherIncome": -86000000, "calculatedIncomeNonControlling": 0, "calculatedEbitda": 2303000000}, {"date": "2017-09-24", "symbol": "QCOM", "reportedCurrency": "USD", "cik": "0000804328", "fillingDate": "2017-11-01", "acceptedDate": "2017-11-01 16:10:14", "calendarYear": "2017", "period": "FY", "revenue": 22291000000, "costOfRevenue": 9792000000, "grossProfit": 12499000000, "grossProfitRatio": 0.5607195729, "researchAndDevelopmentExpenses": 5485000000, "generalAndAdministrativeExpenses": 0, "sellingAndMarketingExpenses": 0, "sellingGeneralAndAdministrativeExpenses": 2658000000, "otherExpenses": 1742000000, "operatingExpenses": 9885000000, "costAndExpenses": 19677000000, "interestIncome": 619000000, "interestExpense": 494000000, "depreciationAndAmortization": 1461000000, "ebitda": 4075000000, "ebitdaratio": 0.1828092055, "operatingIncome": 2614000000, "operatingIncomeRatio": 0.1172670585, "totalOtherIncomeExpensesNet": 900000000, "incomeBeforeTax": 3020000000, "incomeBeforeTaxRatio": 0.1354806873, "incomeTaxExpense": 555000000, "netIncome": 2466000000, "netIncomeRatio": 0.1106276076, "eps": 1.66, "epsdiluted": 1.64, "weightedAverageShsOut": 1477000000, "weightedAverageShsOutDil": 1490000000, "link": "https://www.sec.gov/Archives/edgar/data/804328/000123445217000190/0001234452-17-000190-index.htm", "finalLink": "https://www.sec.gov/Archives/edgar/data/804328/000123445217000190/qcom10-k2017.htm", "calculatedOtherExpenses": 1742000000, "calculatedOperatingExpenses": 9885000000, "calculatedNetInterest": 125000000, "calculatedOtherIncome": 281000000, "calculatedIncomeNonControlling": -1000000, "calculatedEbitda": 4075000000}, {"date": "2016-09-25", "symbol": "QCOM", "reportedCurrency": "USD", "cik": "0000804328", "fillingDate": "2016-11-02", "acceptedDate": "2016-11-02 16:11:53", "calendarYear": "2016", "period": "FY", "revenue": 23554000000, "costOfRevenue": 9749000000, "grossProfit": 13805000000, "grossProfitRatio": 0.5861000255, "researchAndDevelopmentExpenses": 5151000000, "generalAndAdministrativeExpenses": 0, "sellingAndMarketingExpenses": 0, "sellingGeneralAndAdministrativeExpenses": 2385000000, "otherExpenses": -226000000, "operatingExpenses": 7310000000, "costAndExpenses": 17059000000, "interestIncome": 611000000, "interestExpense": 297000000, "depreciationAndAmortization": 1428000000, "ebitda": 7923000000, "ebitdaratio": 0.3363759871, "operatingIncome": 6495000000, "operatingIncomeRatio": 0.2757493419, "totalOtherIncomeExpensesNet": 635000000, "incomeBeforeTax": 6833000000, "incomeBeforeTaxRatio": 0.2900993462, "incomeTaxExpense": 1131000000, "netIncome": 5705000000, "netIncomeRatio": 0.2422093912, "eps": 3.84, "epsdiluted": 3.81, "weightedAverageShsOut": 1484000000, "weightedAverageShsOutDil": 1498000000, "link": "https://www.sec.gov/Archives/edgar/data/804328/000123445216000552/0001234452-16-000552-index.htm", "finalLink": "https://www.sec.gov/Archives/edgar/data/804328/000123445216000552/qcom10-k2016.htm", "calculatedOtherExpenses": -226000000, "calculatedOperatingExpenses": 7310000000, "calculatedNetInterest": 314000000, "calculatedOtherIncome": 24000000, "calculatedIncomeNonControlling": -3000000, "calculatedEbitda": 7923000000}, {"date": "2015-09-27", "symbol": "QCOM", "reportedCurrency": "USD", "cik": "0000804328", "fillingDate": "2015-11-04", "acceptedDate": "2015-11-04 16:26:47", "calendarYear": "2015", "period": "FY", "revenue": 25281000000, "costOfRevenue": 10378000000, "grossProfit": 14903000000, "grossProfitRatio": 0.5894940865, "researchAndDevelopmentExpenses": 5490000000, "generalAndAdministrativeExpenses": 0, "sellingAndMarketingExpenses": 0, "sellingGeneralAndAdministrativeExpenses": 2344000000, "otherExpenses": 1293000000, "operatingExpenses": 9127000000, "costAndExpenses": 19505000000, "interestIncome": 527000000, "interestExpense": 104000000, "depreciationAndAmortization": 1214000000, "ebitda": 6990000000, "ebitdaratio": 0.2764922274, "operatingIncome": 5776000000, "operatingIncomeRatio": 0.228471975, "totalOtherIncomeExpensesNet": 815000000, "incomeBeforeTax": 6487000000, "incomeBeforeTaxRatio": 0.2565958625, "incomeTaxExpense": 1219000000, "netIncome": 5271000000, "netIncomeRatio": 0.2084964993, "eps": 3.26, "epsdiluted": 3.22, "weightedAverageShsOut": 1618000000, "weightedAverageShsOutDil": 1639000000, "link": "https://www.sec.gov/Archives/edgar/data/804328/000123445215000271/0001234452-15-000271-index.htm", "finalLink": "https://www.sec.gov/Archives/edgar/data/804328/000123445215000271/qcom10-k2015.htm", "calculatedOtherExpenses": 1293000000, "calculatedOperatingExpenses": 9127000000, "calculatedNetInterest": 423000000, "calculatedOtherIncome": 288000000, "calculatedIncomeNonControlling": -3000000, "calculatedEbitda": 6990000000}, {"date": "2014-09-28", "symbol": "QCOM", "reportedCurrency": "USD", "cik": "0000804328", "fillingDate": "2014-11-05", "acceptedDate": "2014-11-05 16:18:10", "calendarYear": "2014", "period": "FY", "revenue": 26487000000, "costOfRevenue": 10686000000, "grossProfit": 15801000000, "grossProfitRatio": 0.5965568014, "researchAndDevelopmentExpenses": 5477000000, "generalAndAdministrativeExpenses": 0, "sellingAndMarketingExpenses": 0, "sellingGeneralAndAdministrativeExpenses": 2290000000, "otherExpenses": 484000000, "operatingExpenses": 8251000000, "costAndExpenses": 18937000000, "interestIncome": 586000000, "interestExpense": 5000000, "depreciationAndAmortization": 1150000000, "ebitda": 9276000000, "ebitdaratio": 0.3502095368, "operatingIncome": 7550000000, "operatingIncomeRatio": 0.285045494, "totalOtherIncomeExpensesNet": 647000000, "incomeBeforeTax": 8778000000, "incomeBeforeTaxRatio": 0.3314078605, "incomeTaxExpense": 1244000000, "netIncome": 7967000000, "netIncomeRatio": 0.3007890663, "eps": 4.73, "epsdiluted": 4.65, "weightedAverageShsOut": 1683000000, "weightedAverageShsOutDil": 1714000000, "link": "https://www.sec.gov/Archives/edgar/data/804328/000123445214000320/0001234452-14-000320-index.htm", "finalLink": "https://www.sec.gov/Archives/edgar/data/804328/000123445214000320/qcom10-k2014.htm", "calculatedOtherExpenses": 484000000, "calculatedOperatingExpenses": 8251000000, "calculatedNetInterest": 581000000, "calculatedOtherIncome": 647000000, "calculatedIncomeNonControlling": -433000000, "calculatedEbitda": 8700000000}, {"date": "2013-09-29", "symbol": "QCOM", "reportedCurrency": "USD", "cik": "0000804328", "fillingDate": "2013-11-06", "acceptedDate": "2013-11-06 16:22:40", "calendarYear": "2013", "period": "FY", "revenue": 24866000000, "costOfRevenue": 9820000000, "grossProfit": 15046000000, "grossProfitRatio": 0.6050832462, "researchAndDevelopmentExpenses": 4967000000, "generalAndAdministrativeExpenses": 0, "sellingAndMarketingExpenses": 0, "sellingGeneralAndAdministrativeExpenses": 2518000000, "otherExpenses": 331000000, "operatingExpenses": 7816000000, "costAndExpenses": 17636000000, "interestIncome": 697000000, "interestExpense": 23000000, "depreciationAndAmortization": 1017000000, "ebitda": 8938000000, "ebitdaratio": 0.359446634, "operatingIncome": 7230000000, "operatingIncomeRatio": 0.2907584654, "totalOtherIncomeExpensesNet": 290000000, "incomeBeforeTax": 8194000000, "incomeBeforeTaxRatio": 0.3295262608, "incomeTaxExpense": 1349000000, "netIncome": 6853000000, "netIncomeRatio": 0.275597201, "eps": 3.99, "epsdiluted": 3.91, "weightedAverageShsOut": 1715000000, "weightedAverageShsOutDil": 1754000000, "link": "https://www.sec.gov/Archives/edgar/data/804328/000123445213000483/0001234452-13-000483-index.htm", "finalLink": "https://www.sec.gov/Archives/edgar/data/804328/000123445213000483/qcom10-k2013.htm", "calculatedOtherExpenses": 331000000, "calculatedOperatingExpenses": 7816000000, "calculatedNetInterest": 674000000, "calculatedOtherIncome": 290000000, "calculatedIncomeNonControlling": -8000000, "calculatedEbitda": 8247000000}, {"date": "2012-09-30", "symbol": "QCOM", "reportedCurrency": "USD", "cik": "0000804328", "fillingDate": "2012-11-07", "acceptedDate": "2012-11-07 16:15:01", "calendarYear": "2012", "period": "FY", "revenue": 19121000000, "costOfRevenue": 7096000000, "grossProfit": 12025000000, "grossProfitRatio": 0.6288897024, "researchAndDevelopmentExpenses": 3915000000, "generalAndAdministrativeExpenses": 0, "sellingAndMarketingExpenses": 0, "sellingGeneralAndAdministrativeExpenses": 2324000000, "otherExpenses": 104000000, "operatingExpenses": 6343000000, "costAndExpenses": 13439000000, "interestIncome": 609000000, "interestExpense": 90000000, "depreciationAndAmortization": 897000000, "ebitda": 5699000000, "ebitdaratio": 0.2980492652, "operatingIncome": 5682000000, "operatingIncomeRatio": 0.2971601904, "totalOtherIncomeExpensesNet": 880000000, "incomeBeforeTax": 6562000000, "incomeBeforeTaxRatio": 0.3431828879, "incomeTaxExpense": 1279000000, "netIncome": 6109000000, "netIncomeRatio": 0.3194916584, "eps": 3.59, "epsdiluted": 3.51, "weightedAverageShsOut": 1700000000, "weightedAverageShsOutDil": 1741000000, "link": "https://www.sec.gov/Archives/edgar/data/804328/000123445212000371/0001234452-12-000371-index.htm", "finalLink": "https://www.sec.gov/Archives/edgar/data/804328/000123445212000371/qcom10-k2012.htm", "calculatedOtherExpenses": 104000000, "calculatedOperatingExpenses": 6343000000, "calculatedNetInterest": 519000000, "calculatedOtherIncome": 361000000, "calculatedIncomeNonControlling": -826000000, "calculatedEbitda": 6579000000}, {"date": "2011-09-25", "symbol": "QCOM", "reportedCurrency": "USD", "cik": "0000804328", "fillingDate": "2011-11-02", "acceptedDate": "2011-11-02 16:08:57", "calendarYear": "2011", "period": "FY", "revenue": 14957000000, "costOfRevenue": 4877000000, "grossProfit": 10080000000, "grossProfitRatio": 0.6739319382, "researchAndDevelopmentExpenses": 2995000000, "generalAndAdministrativeExpenses": 0, "sellingAndMarketingExpenses": 0, "sellingGeneralAndAdministrativeExpenses": 1945000000, "otherExpenses": 114000000, "operatingExpenses": 5054000000, "costAndExpenses": 9931000000, "interestIncome": 500000000, "interestExpense": 114000000, "depreciationAndAmortization": 1061000000, "ebitda": 6580000000, "ebitdaratio": 0.439927793, "operatingIncome": 5026000000, "operatingIncomeRatio": 0.3360299525, "totalOtherIncomeExpensesNet": 275000000, "incomeBeforeTax": 5687000000, "incomeBeforeTaxRatio": 0.3802233068, "incomeTaxExpense": 1132000000, "netIncome": 4260000000, "netIncomeRatio": 0.2848164739, "eps": 2.57, "epsdiluted": 2.52, "weightedAverageShsOut": 1658000000, "weightedAverageShsOutDil": 1691000000, "link": "https://www.sec.gov/Archives/edgar/data/804328/000123445211000360/0001234452-11-000360-index.htm", "finalLink": "https://www.sec.gov/Archives/edgar/data/804328/000123445211000360/qcom10-k2011.htm", "calculatedOtherExpenses": 114000000, "calculatedOperatingExpenses": 5054000000, "calculatedNetInterest": 386000000, "calculatedOtherIncome": 275000000, "calculatedIncomeNonControlling": 295000000, "calculatedEbitda": 6087000000}, {"date": "2010-09-26", "symbol": "QCOM", "reportedCurrency": "USD", "cik": "0000804328", "fillingDate": "2010-11-03", "acceptedDate": "2010-11-03 17:18:30", "calendarYear": "2010", "period": "FY", "revenue": 10991000000, "costOfRevenue": 3517000000, "grossProfit": 7474000000, "grossProfitRatio": 0.680010918, "researchAndDevelopmentExpenses": 2549000000, "generalAndAdministrativeExpenses": 0, "sellingAndMarketingExpenses": 0, "sellingGeneralAndAdministrativeExpenses": 1642000000, "otherExpenses": 0, "operatingExpenses": 4191000000, "costAndExpenses": 7708000000, "interestIncome": 530000000, "interestExpense": 58000000, "depreciationAndAmortization": 666000000, "ebitda": 3198000000, "ebitdaratio": 0.2909653353, "operatingIncome": 3283000000, "operatingIncomeRatio": 0.2986989355, "totalOtherIncomeExpensesNet": 751000000, "incomeBeforeTax": 4034000000, "incomeBeforeTaxRatio": 0.367027568, "incomeTaxExpense": 787000000, "netIncome": 3247000000, "netIncomeRatio": 0.2954235283, "eps": 1.98, "epsdiluted": 1.96, "weightedAverageShsOut": 1643000000, "weightedAverageShsOutDil": 1658000000, "link": "https://www.sec.gov/Archives/edgar/data/804328/000095012310100207/0000950123-10-100207-index.htm", "finalLink": "https://www.sec.gov/Archives/edgar/data/804328/000095012310100207/a57478e10vk.htm", "calculatedOtherExpenses": 0, "calculatedOperatingExpenses": 4191000000, "calculatedNetInterest": 472000000, "calculatedOtherIncome": 279000000, "calculatedIncomeNonControlling": 0, "calculatedEbitda": 3949000000}, {"date": "2009-09-27", "symbol": "QCOM", "reportedCurrency": "USD", "cik": "0000804328", "fillingDate": "2009-11-05", "acceptedDate": "2009-11-04 20:21:47", "calendarYear": "2009", "period": "FY", "revenue": 10416000000, "costOfRevenue": 3181000000, "grossProfit": 7235000000, "grossProfitRatio": 0.6946044547, "researchAndDevelopmentExpenses": 2440000000, "generalAndAdministrativeExpenses": 0, "sellingAndMarketingExpenses": 0, "sellingGeneralAndAdministrativeExpenses": 1556000000, "otherExpenses": 1013000000, "operatingExpenses": 5009000000, "costAndExpenses": 8190000000, "interestIncome": 516000000, "interestExpense": 24000000, "depreciationAndAmortization": 635000000, "ebitda": 3011000000, "ebitdaratio": 0.2890745008, "operatingIncome": 2226000000, "operatingIncomeRatio": 0.2137096774, "totalOtherIncomeExpensesNet": -150000000, "incomeBeforeTax": 2076000000, "incomeBeforeTaxRatio": 0.1993087558, "incomeTaxExpense": 484000000, "netIncome": 1592000000, "netIncomeRatio": 0.1528417819, "eps": 0.96, "epsdiluted": 0.95, "weightedAverageShsOut": 1656000000, "weightedAverageShsOutDil": 1673000000, "link": "https://www.sec.gov/Archives/edgar/data/804328/000095012309057827/0000950123-09-057827-index.htm", "finalLink": "https://www.sec.gov/Archives/edgar/data/804328/000095012309057827/a54086e10vk.htm", "calculatedOtherExpenses": 1013000000, "calculatedOperatingExpenses": 5009000000, "calculatedNetInterest": 492000000, "calculatedOtherIncome": -642000000, "calculatedIncomeNonControlling": 0, "calculatedEbitda": 2861000000}, {"date": "2008-09-28", "symbol": "QCOM", "reportedCurrency": "USD", "cik": "0000804328", "fillingDate": "2008-11-06", "acceptedDate": "2008-11-06 16:23:15", "calendarYear": "2008", "period": "FY", "revenue": 11142000000, "costOfRevenue": 3414000000, "grossProfit": 7728000000, "grossProfitRatio": 0.6935918148, "researchAndDevelopmentExpenses": 2281000000, "generalAndAdministrativeExpenses": 0, "sellingAndMarketingExpenses": 0, "sellingGeneralAndAdministrativeExpenses": 1717000000, "otherExpenses": 0, "operatingExpenses": 3998000000, "costAndExpenses": 7412000000, "interestIncome": 0, "interestExpense": 0, "depreciationAndAmortization": 456000000, "ebitda": 4560000000, "ebitdaratio": 0.4092622509, "operatingIncome": 3730000000, "operatingIncomeRatio": 0.3347693412, "totalOtherIncomeExpensesNet": -373000000, "incomeBeforeTax": 3826000000, "incomeBeforeTaxRatio": 0.3433853886, "incomeTaxExpense": 666000000, "netIncome": 3160000000, "netIncomeRatio": 0.2836115599, "eps": 1.94, "epsdiluted": 1.9, "weightedAverageShsOut": 1632000000, "weightedAverageShsOutDil": 1660000000, "link": "https://www.sec.gov/Archives/edgar/data/804328/000093639208000707/0000936392-08-000707-index.htm", "finalLink": "https://www.sec.gov/Archives/edgar/data/804328/000093639208000707/a50397e10vk.htm", "calculatedOtherExpenses": 0, "calculatedOperatingExpenses": 3998000000, "calculatedNetInterest": 0, "calculatedOtherIncome": 96000000, "calculatedIncomeNonControlling": 0, "calculatedEbitda": 4186000000}, {"date": "2007-09-30", "symbol": "QCOM", "reportedCurrency": "USD", "cik": "0000804328", "fillingDate": "2007-11-08", "acceptedDate": "2007-11-08 16:03:56", "calendarYear": "2007", "period": "FY", "revenue": 8871000000, "costOfRevenue": 2681000000, "grossProfit": 6190000000, "grossProfitRatio": 0.6977792808, "researchAndDevelopmentExpenses": 1829000000, "generalAndAdministrativeExpenses": 0, "sellingAndMarketingExpenses": 0, "sellingGeneralAndAdministrativeExpenses": 1478000000, "otherExpenses": 0, "operatingExpenses": 3307000000, "costAndExpenses": 5988000000, "interestIncome": 0, "interestExpense": 0, "depreciationAndAmortization": 383000000, "ebitda": 3069000000, "ebitdaratio": 0.345958742, "operatingIncome": 2883000000, "operatingIncomeRatio": 0.3249915455, "totalOtherIncomeExpensesNet": 196000000, "incomeBeforeTax": 3626000000, "incomeBeforeTaxRatio": 0.4087476046, "incomeTaxExpense": 323000000, "netIncome": 3303000000, "netIncomeRatio": 0.3723368279, "eps": 1.99, "epsdiluted": 1.95, "weightedAverageShsOut": 1660000000, "weightedAverageShsOutDil": 1693000000, "link": "https://www.sec.gov/Archives/edgar/data/804328/000093639207000836/0000936392-07-000836-index.htm", "finalLink": "https://www.sec.gov/Archives/edgar/data/804328/000093639207000836/a35354e10vk.htm", "calculatedOtherExpenses": 0, "calculatedOperatingExpenses": 3307000000, "calculatedNetInterest": 0, "calculatedOtherIncome": 743000000, "calculatedIncomeNonControlling": 0, "calculatedEbitda": 3266000000}, {"date": "2006-09-24", "symbol": "QCOM", "reportedCurrency": "USD", "cik": "0000804328", "fillingDate": "2006-11-02", "acceptedDate": "2006-11-02 16:24:35", "calendarYear": "2006", "period": "FY", "revenue": 7526000000, "costOfRevenue": 2182000000, "grossProfit": 5344000000, "grossProfitRatio": 0.7100717513, "researchAndDevelopmentExpenses": 1538000000, "generalAndAdministrativeExpenses": 0, "sellingAndMarketingExpenses": 0, "sellingGeneralAndAdministrativeExpenses": 1116000000, "otherExpenses": 0, "operatingExpenses": 2654000000, "costAndExpenses": 4836000000, "interestIncome": 0, "interestExpense": 0, "depreciationAndAmortization": 272000000, "ebitda": 2879000000, "ebitdaratio": 0.3825405262, "operatingIncome": 2690000000, "operatingIncomeRatio": 0.3574275844, "totalOtherIncomeExpensesNet": 54000000, "incomeBeforeTax": 3156000000, "incomeBeforeTaxRatio": 0.4193462663, "incomeTaxExpense": 686000000, "netIncome": 2470000000, "netIncomeRatio": 0.3281955886, "eps": 1.49, "epsdiluted": 1.44, "weightedAverageShsOut": 1659000000, "weightedAverageShsOutDil": 1711000000, "link": "https://www.sec.gov/Archives/edgar/data/804328/000093639206000996/0000936392-06-000996-index.htm", "finalLink": "https://www.sec.gov/Archives/edgar/data/804328/000093639206000996/a24679e10vk.htm", "calculatedOtherExpenses": 0, "calculatedOperatingExpenses": 2654000000, "calculatedNetInterest": 0, "calculatedOtherIncome": 466000000, "calculatedIncomeNonControlling": 0, "calculatedEbitda": 2962000000}, {"date": "2005-09-25", "symbol": "QCOM", "reportedCurrency": "USD", "cik": "0000804328", "fillingDate": "2005-11-02", "acceptedDate": "2005-11-02 17:17:00", "calendarYear": "2005", "period": "FY", "revenue": 5673000000, "costOfRevenue": 1645000000, "grossProfit": 4028000000, "grossProfitRatio": 0.7100299665, "researchAndDevelopmentExpenses": 1011000000, "generalAndAdministrativeExpenses": 0, "sellingAndMarketingExpenses": 0, "sellingGeneralAndAdministrativeExpenses": 631000000, "otherExpenses": 0, "operatingExpenses": 1642000000, "costAndExpenses": 3287000000, "interestIncome": 0, "interestExpense": 0, "depreciationAndAmortization": 200000000, "ebitda": 2388000000, "ebitdaratio": 0.4209413009, "operatingIncome": 2386000000, "operatingIncomeRatio": 0.4205887537, "totalOtherIncomeExpensesNet": 170000000, "incomeBeforeTax": 2809000000, "incomeBeforeTaxRatio": 0.4951524766, "incomeTaxExpense": 666000000, "netIncome": 2143000000, "netIncomeRatio": 0.3777542746, "eps": 1.31, "epsdiluted": 1.26, "weightedAverageShsOut": 1638000000, "weightedAverageShsOutDil": 1694000000, "link": "https://www.sec.gov/Archives/edgar/data/804328/000093639205000362/0000936392-05-000362-index.htm", "finalLink": "https://www.sec.gov/Archives/edgar/data/804328/000093639205000362/a14009e10vk.htm", "calculatedOtherExpenses": 0, "calculatedOperatingExpenses": 1642000000, "calculatedNetInterest": 0, "calculatedOtherIncome": 423000000, "calculatedIncomeNonControlling": 0, "calculatedEbitda": 2586000000}, {"date": "2004-09-26", "symbol": "QCOM", "reportedCurrency": "USD", "cik": "0000804328", "fillingDate": "2004-11-03", "acceptedDate": "2004-11-03 17:24:17", "calendarYear": "2004", "period": "FY", "revenue": 4880000000, "costOfRevenue": 1484000000, "grossProfit": 3396000000, "grossProfitRatio": 0.6959016393, "researchAndDevelopmentExpenses": 720000000, "generalAndAdministrativeExpenses": 0, "sellingAndMarketingExpenses": 0, "sellingGeneralAndAdministrativeExpenses": 568000000, "otherExpenses": -21000000, "operatingExpenses": 1267000000, "costAndExpenses": 2751000000, "interestIncome": 0, "interestExpense": 0, "depreciationAndAmortization": 163000000, "ebitda": 2183000000, "ebitdaratio": 0.4473360656, "operatingIncome": 2129000000, "operatingIncomeRatio": 0.4362704918, "totalOtherIncomeExpensesNet": 37000000, "incomeBeforeTax": 2313000000, "incomeBeforeTaxRatio": 0.4739754098, "incomeTaxExpense": 588000000, "netIncome": 1720000000, "netIncomeRatio": 0.3524590164, "eps": 1.06, "epsdiluted": 1.03, "weightedAverageShsOut": 1616000000, "weightedAverageShsOutDil": 1675000000, "link": "https://www.sec.gov/Archives/edgar/data/804328/000093639204000858/0000936392-04-000858-index.htm", "finalLink": "https://www.sec.gov/Archives/edgar/data/804328/000093639204000858/a02900e10vk.htm", "calculatedOtherExpenses": -21000000, "calculatedOperatingExpenses": 1267000000, "calculatedNetInterest": 0, "calculatedOtherIncome": 184000000, "calculatedIncomeNonControlling": 5000000, "calculatedEbitda": 2292000000}, {"date": "2003-09-28", "symbol": "QCOM", "reportedCurrency": "USD", "cik": "0000804328", "fillingDate": "2003-11-05", "acceptedDate": "2003-11-05 17:15:06", "calendarYear": "2003", "period": "FY", "revenue": 3970636000, "costOfRevenue": 1430047000, "grossProfit": 2540589000, "grossProfitRatio": 0.6398443474, "researchAndDevelopmentExpenses": 523267000, "generalAndAdministrativeExpenses": 0, "sellingAndMarketingExpenses": 0, "sellingGeneralAndAdministrativeExpenses": 534915000, "otherExpenses": 172172000, "operatingExpenses": 1230354000, "costAndExpenses": 2660401000, "interestIncome": 0, "interestExpense": -30709000, "depreciationAndAmortization": 179694000, "ebitda": 1647891000, "ebitdaratio": 0.4150194075, "operatingIncome": 1310235000, "operatingIncomeRatio": 0.3299811416, "totalOtherIncomeExpensesNet": -157962000, "incomeBeforeTax": 1285147000, "incomeBeforeTaxRatio": 0.3236627583, "incomeTaxExpense": 457706000, "netIncome": 827441000, "netIncomeRatio": 0.2083900413, "eps": 0.52, "epsdiluted": 0.51, "weightedAverageShsOut": 1590384615, "weightedAverageShsOutDil": 1621568627, "link": "https://www.sec.gov/Archives/edgar/data/804328/000093639203001502/0000936392-03-001502-index.htm", "finalLink": "https://www.sec.gov/Archives/edgar/data/804328/000093639203001502/a94029e10vk.htm", "calculatedOtherExpenses": 172172000, "calculatedOperatingExpenses": 1230354000, "calculatedNetInterest": 30709000, "calculatedOtherIncome": -55797000, "calculatedIncomeNonControlling": 0, "calculatedEbitda": 1489929000}, {"date": "2002-09-29", "symbol": "QCOM", "reportedCurrency": "USD", "cik": "0000804328", "fillingDate": "2002-11-26", "acceptedDate": "2002-11-26 17:05:50", "calendarYear": "2002", "period": "FY", "revenue": 3039560000, "costOfRevenue": 1137360000, "grossProfit": 1902200000, "grossProfitRatio": 0.6258142626, "researchAndDevelopmentExpenses": 451678000, "generalAndAdministrativeExpenses": 0, "sellingAndMarketingExpenses": 0, "sellingGeneralAndAdministrativeExpenses": 508644000, "otherExpenses": 268610000, "operatingExpenses": 1228932000, "costAndExpenses": 2366292000, "interestIncome": 0, "interestExpense": -25731000, "depreciationAndAmortization": 394257000, "ebitda": 1263351000, "ebitdaratio": 0.4156361447, "operatingIncome": 673268000, "operatingIncomeRatio": 0.2215017963, "totalOtherIncomeExpensesNet": -195826000, "incomeBeforeTax": 461125000, "incomeBeforeTaxRatio": 0.151707813, "incomeTaxExpense": 101448000, "netIncome": 359677000, "netIncomeRatio": 0.1183319296, "eps": 0.24, "epsdiluted": 0.22, "weightedAverageShsOut": 1541774000, "weightedAverageShsOutDil": 1618658000, "link": "https://www.sec.gov/Archives/edgar/data/804328/000093639202001489/0000936392-02-001489-index.htm", "finalLink": "https://www.sec.gov/Archives/edgar/data/804328/000093639202001489/a85543e10vk.htm", "calculatedOtherExpenses": 268610000, "calculatedOperatingExpenses": 1228932000, "calculatedNetInterest": 25731000, "calculatedOtherIncome": -237874000, "calculatedIncomeNonControlling": 0, "calculatedEbitda": 1067525000}, {"date": "2001-09-30", "symbol": "QCOM", "reportedCurrency": "USD", "cik": "0000804328", "fillingDate": "2001-11-09", "acceptedDate": "2001-11-09 00:00:00", "calendarYear": "2001", "period": "FY", "revenue": 2679786000, "costOfRevenue": 1035103000, "grossProfit": 1644683000, "grossProfitRatio": 0.6137366939, "researchAndDevelopmentExpenses": 414760000, "generalAndAdministrativeExpenses": 0, "sellingAndMarketingExpenses": 0, "sellingGeneralAndAdministrativeExpenses": 367155000, "otherExpenses": 855838000, "operatingExpenses": 1637753000, "costAndExpenses": 2672856000, "interestIncome": 0, "interestExpense": -10235000, "depreciationAndAmortization": 319811000, "ebitda": 1350349000, "ebitdaratio": 0.5039018041, "operatingIncome": 6930000, "operatingIncomeRatio": 0.0025860274, "totalOtherIncomeExpensesNet": -1023608000, "incomeBeforeTax": -426305000, "incomeBeforeTaxRatio": -0.1590817326, "incomeTaxExpense": 104501000, "netIncome": -548743000, "netIncomeRatio": -0.2047712019, "eps": -0.36, "epsdiluted": -0.36, "weightedAverageShsOut": 1511938000, "weightedAverageShsOutDil": 1511938000, "link": "https://www.sec.gov/Archives/edgar/data/804328/000093639201500225/0000936392-01-500225-index.htm", "finalLink": "https://www.sec.gov/Archives/edgar/data/804328/000093639201500225/a76829e10-k.htm", "calculatedOtherExpenses": 855838000, "calculatedOperatingExpenses": 1637753000, "calculatedNetInterest": 10235000, "calculatedOtherIncome": -443470000, "calculatedIncomeNonControlling": 17937000, "calculatedEbitda": 326741000}, {"date": "2000-09-24", "symbol": "QCOM", "reportedCurrency": "USD", "cik": "0000804328", "fillingDate": "2000-11-03", "acceptedDate": "2000-11-03 00:00:00", "calendarYear": "2000", "period": "FY", "revenue": 3196780000, "costOfRevenue": 1507122000, "grossProfit": 1689658000, "grossProfitRatio": 0.5285499784, "researchAndDevelopmentExpenses": 340407000, "generalAndAdministrativeExpenses": 0, "sellingAndMarketingExpenses": 0, "sellingGeneralAndAdministrativeExpenses": 342940000, "otherExpenses": 223643000, "operatingExpenses": 906990000, "costAndExpenses": 2414112000, "interestIncome": 0, "interestExpense": 0, "depreciationAndAmortization": 243842000, "ebitda": 672411000, "ebitdaratio": 0.2103400922, "operatingIncome": 722638000, "operatingIncomeRatio": 0.2260518397, "totalOtherIncomeExpensesNet": 354099000, "incomeBeforeTax": 1196805000, "incomeBeforeTaxRatio": 0.3743782806, "incomeTaxExpense": 526594000, "netIncome": 670211000, "netIncomeRatio": 0.2096518997, "eps": 0.47, "epsdiluted": 0.43, "weightedAverageShsOut": 1434410000, "weightedAverageShsOutDil": 1600242000, "link": "https://www.sec.gov/Archives/edgar/data/804328/000091205700047095/0000912057-00-047095-index.htm", "finalLink": "https://www.sec.gov/Archives/edgar/data/804328/000091205700047095/a2029329z10-k.txt", "calculatedOtherExpenses": 283673000, "calculatedOperatingExpenses": 967020000, "calculatedNetInterest": 0, "calculatedOtherIncome": 474167000, "calculatedIncomeNonControlling": 0, "calculatedEbitda": 966480000}, {"date": "1999-09-26", "symbol": "QCOM", "reportedCurrency": "USD", "cik": "0000804328", "fillingDate": "1999-11-17", "acceptedDate": "1999-11-17 00:00:00", "calendarYear": "1999", "period": "FY", "revenue": 3937299000, "costOfRevenue": 2485072000, "grossProfit": 1452227000, "grossProfitRatio": 0.3688383839, "researchAndDevelopmentExpenses": 381139000, "generalAndAdministrativeExpenses": 0, "sellingAndMarketingExpenses": 0, "sellingGeneralAndAdministrativeExpenses": 425941000, "otherExpenses": 240007000, "operatingExpenses": 1047087000, "costAndExpenses": 3532159000, "interestIncome": 0, "interestExpense": 0, "depreciationAndAmortization": 158429000, "ebitda": 872611000, "ebitdaratio": 0.2216268056, "operatingIncome": 405140000, "operatingIncomeRatio": 0.1028979511, "totalOtherIncomeExpensesNet": -309042000, "incomeBeforeTax": 306686000, "incomeBeforeTaxRatio": 0.0778924842, "incomeTaxExpense": 105807000, "netIncome": 200879000, "netIncomeRatio": 0.0510194933, "eps": 0.17, "epsdiluted": 0.16, "weightedAverageShsOut": 1189428000, "weightedAverageShsOutDil": 1299778000, "link": "https://www.sec.gov/Archives/edgar/data/804328/000093639299001354/0000936392-99-001354-index.htm", "finalLink": "https://www.sec.gov/Archives/edgar/data/804328/000093639299001354/", "calculatedOtherExpenses": 240007000, "calculatedOperatingExpenses": 1047087000, "calculatedNetInterest": 0, "calculatedOtherIncome": -98454000, "calculatedIncomeNonControlling": 0, "calculatedEbitda": 563569000}, {"date": "1998-09-27", "symbol": "QCOM", "reportedCurrency": "USD", "cik": "0000804328", "fillingDate": "1998-11-23", "acceptedDate": "1998-11-23 00:00:00", "calendarYear": "1998", "period": "FY", "revenue": 3347870000, "costOfRevenue": 2333399000, "grossProfit": 1014471000, "grossProfitRatio": 0.3030198305, "researchAndDevelopmentExpenses": 349483000, "generalAndAdministrativeExpenses": 0, "sellingAndMarketingExpenses": 0, "sellingGeneralAndAdministrativeExpenses": 410347000, "otherExpenses": 11976000, "operatingExpenses": 771806000, "costAndExpenses": 3105205000, "interestIncome": 0, "interestExpense": 0, "depreciationAndAmortization": 141892000, "ebitda": 413583000, "ebitdaratio": 0.1235361588, "operatingIncome": 242665000, "operatingIncomeRatio": 0.0724833999, "totalOtherIncomeExpensesNet": -49757000, "incomeBeforeTax": 148674000, "incomeBeforeTaxRatio": 0.0444085344, "incomeTaxExpense": 40142000, "netIncome": 108532000, "netIncomeRatio": 0.0324182241, "eps": 0.0975, "epsdiluted": 0.0913, "weightedAverageShsOut": 1107248000, "weightedAverageShsOutDil": 1183392000, "link": "https://www.sec.gov/Archives/edgar/data/804328/000093639298001564/0000936392-98-001564-index.htm", "finalLink": "https://www.sec.gov/Archives/edgar/data/804328/0000936392-98-001564.txt", "calculatedOtherExpenses": 11976000, "calculatedOperatingExpenses": 771806000, "calculatedNetInterest": 0, "calculatedOtherIncome": -93991000, "calculatedIncomeNonControlling": 0, "calculatedEbitda": 384557000}, {"date": "1997-09-28", "symbol": "QCOM", "reportedCurrency": "USD", "cik": "0000804328", "fillingDate": "1997-12-03", "acceptedDate": "1997-12-03 00:00:00", "calendarYear": "1997", "period": "FY", "revenue": 2096365000, "costOfRevenue": 1518006000, "grossProfit": 578359000, "grossProfitRatio": 0.2758865942, "researchAndDevelopmentExpenses": 235922000, "generalAndAdministrativeExpenses": 0, "sellingAndMarketingExpenses": 0, "sellingGeneralAndAdministrativeExpenses": 236188000, "otherExpenses": 8792000, "operatingExpenses": 480902000, "costAndExpenses": 1998908000, "interestIncome": 0, "interestExpense": 0, "depreciationAndAmortization": 93598000, "ebitda": 209724000, "ebitdaratio": 0.1000417389, "operatingIncome": 97457000, "operatingIncomeRatio": 0.0464885647, "totalOtherIncomeExpensesNet": -18669000, "incomeBeforeTax": 108434000, "incomeBeforeTaxRatio": 0.0517247712, "incomeTaxExpense": 16500000, "netIncome": 91934000, "netIncomeRatio": 0.0438540044, "eps": 0.0794, "epsdiluted": 0.0794, "weightedAverageShsOut": 1158880000, "weightedAverageShsOutDil": 1162640000, "link": "https://www.sec.gov/Archives/edgar/data/804328/000093639297001609/0000936392-97-001609-index.htm", "finalLink": "https://www.sec.gov/Archives/edgar/data/804328/000093639297001609/", "calculatedOtherExpenses": 8792000, "calculatedOperatingExpenses": 480902000, "calculatedNetInterest": 0, "calculatedOtherIncome": 10977000, "calculatedIncomeNonControlling": 0, "calculatedEbitda": 191055000}, {"date": "1996-09-29", "symbol": "QCOM", "reportedCurrency": "USD", "cik": "0000804328", "fillingDate": "1996-12-03", "acceptedDate": "1996-12-03 00:00:00", "calendarYear": "1996", "period": "FY", "revenue": 813900000, "costOfRevenue": 479100000, "grossProfit": 334800000, "grossProfitRatio": 0.411352746, "researchAndDevelopmentExpenses": 162300000, "generalAndAdministrativeExpenses": 0, "sellingAndMarketingExpenses": 0, "sellingGeneralAndAdministrativeExpenses": 123100000, "otherExpenses": 56800000, "operatingExpenses": 342200000, "costAndExpenses": 821300000, "interestIncome": 0, "interestExpense": 0, "depreciationAndAmortization": 56800000, "ebitda": 25200000, "ebitdaratio": 0.0309620346, "operatingIncome": -7400000, "operatingIncomeRatio": -0.009092026, "totalOtherIncomeExpensesNet": 24200000, "incomeBeforeTax": 26600000, "incomeBeforeTaxRatio": 0.0326821477, "incomeTaxExpense": 5600000, "netIncome": 21000000, "netIncomeRatio": 0.0258016955, "eps": 0.02, "epsdiluted": 0.02, "weightedAverageShsOut": 1050000000, "weightedAverageShsOutDil": 1050000000, "link": "https://www.sec.gov/Archives/edgar/data/804328/000093639296001149/0000936392-96-001149-index.htm", "finalLink": "https://www.sec.gov/Archives/edgar/data/804328/0000936392-96-001149.txt", "calculatedOtherExpenses": 56800000, "calculatedOperatingExpenses": 342200000, "calculatedNetInterest": 0, "calculatedOtherIncome": 34000000, "calculatedIncomeNonControlling": 0, "calculatedEbitda": 49400000}, {"date": "1995-09-30", "symbol": "QCOM", "reportedCurrency": "USD", "cik": "0000804328", "fillingDate": "1995-09-30", "acceptedDate": "1995-09-29 20:00:00", "calendarYear": "1995", "period": "FY", "revenue": 386600000, "costOfRevenue": 182300000, "grossProfit": 204300000, "grossProfitRatio": 0.5284531816, "researchAndDevelopmentExpenses": 80200000, "generalAndAdministrativeExpenses": 0, "sellingAndMarketingExpenses": 0, "sellingGeneralAndAdministrativeExpenses": 72700000, "otherExpenses": 30900000, "operatingExpenses": 183800000, "costAndExpenses": 366100000, "interestIncome": 0, "interestExpense": 0, "depreciationAndAmortization": 30900000, "ebitda": 44100000, "ebitdaratio": 0.1140713916, "operatingIncome": 20500000, "operatingIncomeRatio": 0.0530263839, "totalOtherIncomeExpensesNet": 7300000, "incomeBeforeTax": 39900000, "incomeBeforeTaxRatio": 0.1032074496, "incomeTaxExpense": 9700000, "netIncome": 30200000, "netIncomeRatio": 0.0781169167, "eps": 0.035, "epsdiluted": 0.035, "weightedAverageShsOut": 862857143, "weightedAverageShsOutDil": 862857143, "link": "", "finalLink": "", "calculatedOtherExpenses": 30900000, "calculatedOperatingExpenses": 183800000, "calculatedNetInterest": 0, "calculatedOtherIncome": 19400000, "calculatedIncomeNonControlling": 0, "calculatedEbitda": 51400000}, {"date": "1994-09-30", "symbol": "QCOM", "reportedCurrency": "USD", "cik": "0000804328", "fillingDate": "1994-09-30", "acceptedDate": "1994-09-29 20:00:00", "calendarYear": "1994", "period": "FY", "revenue": 271600000, "costOfRevenue": 137900000, "grossProfit": 133700000, "grossProfitRatio": 0.4922680412, "researchAndDevelopmentExpenses": 49600000, "generalAndAdministrativeExpenses": 0, "sellingAndMarketingExpenses": 0, "sellingGeneralAndAdministrativeExpenses": 42400000, "otherExpenses": 18800000, "operatingExpenses": 110800000, "costAndExpenses": 248700000, "interestIncome": 0, "interestExpense": 0, "depreciationAndAmortization": 18800000, "ebitda": 50200000, "ebitdaratio": 0.1848306333, "operatingIncome": 22900000, "operatingIncomeRatio": 0.0843151694, "totalOtherIncomeExpensesNet": -8500000, "incomeBeforeTax": 17300000, "incomeBeforeTaxRatio": 0.0636966127, "incomeTaxExpense": 2100000, "netIncome": 15200000, "netIncomeRatio": 0.0559646539, "eps": 0.02, "epsdiluted": 0.02, "weightedAverageShsOut": 760000000, "weightedAverageShsOutDil": 760000000, "link": "", "finalLink": "", "calculatedOtherExpenses": 18800000, "calculatedOperatingExpenses": 110800000, "calculatedNetInterest": 0, "calculatedOtherIncome": -5600000, "calculatedIncomeNonControlling": 0, "calculatedEbitda": 41700000}, {"date": "1993-09-30", "symbol": "QCOM", "reportedCurrency": "USD", "cik": "0000804328", "fillingDate": "1993-09-30", "acceptedDate": "1993-09-29 20:00:00", "calendarYear": "1993", "period": "FY", "revenue": 168700000, "costOfRevenue": 90800000, "grossProfit": 77900000, "grossProfitRatio": 0.4617664493, "researchAndDevelopmentExpenses": 0, "generalAndAdministrativeExpenses": 0, "sellingAndMarketingExpenses": 0, "sellingGeneralAndAdministrativeExpenses": 56100000, "otherExpenses": 9800000, "operatingExpenses": 65900000, "costAndExpenses": 156700000, "interestIncome": 0, "interestExpense": 0, "depreciationAndAmortization": 9800000, "ebitda": 18700000, "ebitdaratio": 0.1108476586, "operatingIncome": 12000000, "operatingIncomeRatio": 0.0711321873, "totalOtherIncomeExpensesNet": 3100000, "incomeBeforeTax": 13100000, "incomeBeforeTaxRatio": 0.0776526378, "incomeTaxExpense": 1000000, "netIncome": 12100000, "netIncomeRatio": 0.0717249555, "eps": 0.015, "epsdiluted": 0.015, "weightedAverageShsOut": 806666667, "weightedAverageShsOutDil": 806666667, "link": "", "finalLink": "", "calculatedOtherExpenses": 9800000, "calculatedOperatingExpenses": 65900000, "calculatedNetInterest": 0, "calculatedOtherIncome": 1100000, "calculatedIncomeNonControlling": 0, "calculatedEbitda": 21800000}, {"date": "1992-09-30", "symbol": "QCOM", "reportedCurrency": "USD", "cik": "0000804328", "fillingDate": "1992-09-30", "acceptedDate": "1992-09-29 20:00:00", "calendarYear": "1992", "period": "FY", "revenue": 107500000, "costOfRevenue": 57900000, "grossProfit": 49600000, "grossProfitRatio": 0.4613953488, "researchAndDevelopmentExpenses": 0, "generalAndAdministrativeExpenses": 0, "sellingAndMarketingExpenses": 0, "sellingGeneralAndAdministrativeExpenses": 44400000, "otherExpenses": 7200000, "operatingExpenses": 51600000, "costAndExpenses": 109500000, "interestIncome": 0, "interestExpense": 0, "depreciationAndAmortization": 7200000, "ebitda": 4600000, "ebitdaratio": 0.0427906977, "operatingIncome": -2000000, "operatingIncomeRatio": -0.0186046512, "totalOtherIncomeExpensesNet": 600000, "incomeBeforeTax": -3500000, "incomeBeforeTaxRatio": -0.0325581395, "incomeTaxExpense": 600000, "netIncome": -4100000, "netIncomeRatio": -0.0381395349, "eps": -0.0059, "epsdiluted": -0.0059, "weightedAverageShsOut": 700000000, "weightedAverageShsOutDil": 700000000, "link": "", "finalLink": "", "calculatedOtherExpenses": 7200000, "calculatedOperatingExpenses": 51600000, "calculatedNetInterest": 0, "calculatedOtherIncome": -1500000, "calculatedIncomeNonControlling": 0, "calculatedEbitda": 5200000}, {"date": "1991-09-30", "symbol": "QCOM", "reportedCurrency": "USD", "cik": "0000804328", "fillingDate": "1991-09-30", "acceptedDate": "1991-09-29 20:00:00", "calendarYear": "1991", "period": "FY", "revenue": 90300000, "costOfRevenue": 53900000, "grossProfit": 36400000, "grossProfitRatio": 0.4031007752, "researchAndDevelopmentExpenses": 0, "generalAndAdministrativeExpenses": 0, "sellingAndMarketingExpenses": 0, "sellingGeneralAndAdministrativeExpenses": 36900000, "otherExpenses": 5800000, "operatingExpenses": 42700000, "costAndExpenses": 96600000, "interestIncome": 0, "interestExpense": 0, "depreciationAndAmortization": 5800000, "ebitda": -500000, "ebitdaratio": -0.0055370986, "operatingIncome": -6300000, "operatingIncomeRatio": -0.0697674419, "totalOtherIncomeExpensesNet": 0, "incomeBeforeTax": 0, "incomeBeforeTaxRatio": 0, "incomeTaxExpense": 2100000, "netIncome": -8400000, "netIncomeRatio": -0.0930232558, "eps": -0.0129, "epsdiluted": -0.0129, "weightedAverageShsOut": 650640000, "weightedAverageShsOutDil": 650640000, "link": "", "finalLink": "", "calculatedOtherExpenses": 5800000, "calculatedOperatingExpenses": 42700000, "calculatedNetInterest": 0, "calculatedOtherIncome": 6300000, "calculatedIncomeNonControlling": 6300000, "calculatedEbitda": -500000}, {"date": "1990-09-30", "symbol": "QCOM", "reportedCurrency": "USD", "cik": "0000804328", "fillingDate": "1990-09-30", "acceptedDate": "1990-09-29 20:00:00", "calendarYear": "1990", "period": "FY", "revenue": 46500000, "costOfRevenue": 39300000, "grossProfit": 7200000, "grossProfitRatio": 0.1548387097, "researchAndDevelopmentExpenses": 0, "generalAndAdministrativeExpenses": 0, "sellingAndMarketingExpenses": 0, "sellingGeneralAndAdministrativeExpenses": 17500000, "otherExpenses": 5600000, "operatingExpenses": 23100000, "costAndExpenses": 62400000, "interestIncome": 0, "interestExpense": 0, "depreciationAndAmortization": 5600000, "ebitda": -10300000, "ebitdaratio": -0.2215053763, "operatingIncome": -15900000, "operatingIncomeRatio": -0.3419354839, "totalOtherIncomeExpensesNet": 0, "incomeBeforeTax": 0, "incomeBeforeTaxRatio": 0, "incomeTaxExpense": 1200000, "netIncome": -17100000, "netIncomeRatio": -0.3677419355, "eps": -0.035, "epsdiluted": -0.035, "weightedAverageShsOut": 488571429, "weightedAverageShsOutDil": 488571429, "link": "", "finalLink": "", "calculatedOtherExpenses": 5600000, "calculatedOperatingExpenses": 23100000, "calculatedNetInterest": 0, "calculatedOtherIncome": 15900000, "calculatedIncomeNonControlling": 15900000, "calculatedEbitda": -10300000}]}