{"originalCurrency": "USD", "convertedCurrency": "USD", "report": [{"date": "2023-12-31", "symbol": "QDEL", "reportedCurrency": "USD", "cik": "0001906324", "fillingDate": "2024-02-29", "acceptedDate": "2024-02-29 15:29:59", "calendarYear": "2023", "period": "FY", "revenue": 2993500000, "costOfRevenue": 1710100000, "grossProfit": 1283400000, "grossProfitRatio": 0.4287289126, "researchAndDevelopmentExpenses": 246800000, "generalAndAdministrativeExpenses": 748100000, "sellingAndMarketingExpenses": 15100000, "sellingGeneralAndAdministrativeExpenses": 763200000, "otherExpenses": -27099999, "operatingExpenses": 1037099999, "costAndExpenses": 2747200000, "interestIncome": 5500000, "interestExpense": 117500000, "depreciationAndAmortization": 457200000, "ebitda": 703500000, "ebitdaratio": 0.2350091866, "operatingIncome": 246300000, "operatingIncomeRatio": 0.0822782696, "totalOtherIncomeExpensesNet": -275400000, "incomeBeforeTax": -29100000, "incomeBeforeTaxRatio": -0.0097210623, "incomeTaxExpense": -19000000, "netIncome": -10100000, "netIncomeRatio": -0.003373977, "eps": -0.15, "epsdiluted": -0.15, "weightedAverageShsOut": 66800000, "weightedAverageShsOutDil": 66800000, "link": "https://www.sec.gov/Archives/edgar/data/1906324/000190632424000011/0001906324-24-000011-index.htm", "finalLink": "https://www.sec.gov/Archives/edgar/data/1906324/000190632424000011/qdel-20231231.htm", "calculatedOtherExpenses": 27100000, "calculatedOperatingExpenses": 1037100000, "calculatedNetInterest": -112000000, "calculatedOtherIncome": -163400000, "calculatedIncomeNonControlling": 0, "calculatedEbitda": 703500000}, {"date": "2022-12-31", "symbol": "QDEL", "reportedCurrency": "USD", "cik": "0001906324", "fillingDate": "2023-02-23", "acceptedDate": "2023-02-23 17:16:50", "calendarYear": "2022", "period": "FY", "revenue": 3266000000, "costOfRevenue": 1330000000, "grossProfit": 1936000000, "grossProfitRatio": 0.5927740355, "researchAndDevelopmentExpenses": 190500000, "generalAndAdministrativeExpenses": 594200000, "sellingAndMarketingExpenses": 26800000, "sellingGeneralAndAdministrativeExpenses": 621000000, "otherExpenses": 144800000, "operatingExpenses": 956300000, "costAndExpenses": 2286300000, "interestIncome": 1300000, "interestExpense": 75700000, "depreciationAndAmortization": 260400000, "ebitda": 1104100000, "ebitdaratio": 0.3380587875, "operatingIncome": 843700000, "operatingIncomeRatio": 0.2583282303, "totalOtherIncomeExpensesNet": -107800000, "incomeBeforeTax": 735900000, "incomeBeforeTaxRatio": 0.2253214942, "incomeTaxExpense": 187200000, "netIncome": 548700000, "netIncomeRatio": 0.1680036742, "eps": 9.66, "epsdiluted": 9.56, "weightedAverageShsOut": 56800000, "weightedAverageShsOutDil": 57400000, "link": "https://www.sec.gov/Archives/edgar/data/1906324/000190632423000014/0001906324-23-000014-index.htm", "finalLink": "https://www.sec.gov/Archives/edgar/data/1906324/000190632423000014/qdel-20230101.htm", "calculatedOtherExpenses": 280800000, "calculatedOperatingExpenses": 1092300000, "calculatedNetInterest": -74400000, "calculatedOtherIncome": -33400000, "calculatedIncomeNonControlling": 0, "calculatedEbitda": 1104100000}, {"date": "2021-12-31", "symbol": "QDEL", "reportedCurrency": "USD", "cik": "0001906324", "fillingDate": "2021-12-31", "acceptedDate": "2021-12-31 00:00:00", "calendarYear": "2021", "period": "FY", "revenue": 1698551000, "costOfRevenue": 427656000, "grossProfit": 1270895000, "grossProfitRatio": 0.7482230442, "researchAndDevelopmentExpenses": 95701000, "generalAndAdministrativeExpenses": 84247000, "sellingAndMarketingExpenses": 175325000, "sellingGeneralAndAdministrativeExpenses": 259572000, "otherExpenses": 100000, "operatingExpenses": 355273000, "costAndExpenses": 782929000, "interestIncome": 300000, "interestExpense": 5706000, "depreciationAndAmortization": 9557000, "ebitda": 915622000, "ebitdaratio": 0.5390606464, "operatingIncome": 906065000, "operatingIncomeRatio": 0.5334340859, "totalOtherIncomeExpensesNet": -5706000, "incomeBeforeTax": 900359000, "incomeBeforeTaxRatio": 0.530074752, "incomeTaxExpense": 196133000, "netIncome": 704200000, "netIncomeRatio": 0.41458867, "eps": 16.74, "epsdiluted": 16.43, "weightedAverageShsOut": 42078000, "weightedAverageShsOutDil": 42874000, "link": null, "finalLink": null, "calculatedOtherExpenses": 9557000, "calculatedOperatingExpenses": 364830000, "calculatedNetInterest": -5406000, "calculatedOtherIncome": -300000, "calculatedIncomeNonControlling": 26000, "calculatedEbitda": 915622000}, {"date": "2020-12-31", "symbol": "QDEL", "reportedCurrency": "USD", "cik": "0001906324", "fillingDate": "2020-12-31", "acceptedDate": "2020-12-31 00:00:00", "calendarYear": "2020", "period": "FY", "revenue": 1661668000, "costOfRevenue": 312813000, "grossProfit": 1348855000, "grossProfitRatio": 0.8117475934, "researchAndDevelopmentExpenses": 84292000, "generalAndAdministrativeExpenses": 66586000, "sellingAndMarketingExpenses": 133957000, "sellingGeneralAndAdministrativeExpenses": 200543000, "otherExpenses": 0, "operatingExpenses": 284835000, "costAndExpenses": 597648000, "interestIncome": 600000, "interestExpense": 9623000, "depreciationAndAmortization": 3694000, "ebitda": 1064020000, "ebitdaratio": 0.6403324852, "operatingIncome": 1060326000, "operatingIncomeRatio": 0.6381094178, "totalOtherIncomeExpensesNet": -20007000, "incomeBeforeTax": 1040319000, "incomeBeforeTaxRatio": 0.6260691065, "incomeTaxExpense": 230032000, "netIncome": 810287000, "netIncomeRatio": 0.487634714, "eps": 19.24, "epsdiluted": 18.6, "weightedAverageShsOut": 42124000, "weightedAverageShsOutDil": 43591000, "link": null, "finalLink": null, "calculatedOtherExpenses": 3694000, "calculatedOperatingExpenses": 288529000, "calculatedNetInterest": -9023000, "calculatedOtherIncome": -10984000, "calculatedIncomeNonControlling": 0, "calculatedEbitda": 1064020000}, {"date": "2019-12-31", "symbol": "QDEL", "reportedCurrency": "USD", "cik": "0001906324", "fillingDate": "2019-12-31", "acceptedDate": "2019-12-31 00:00:00", "calendarYear": "2019", "period": "FY", "revenue": 534890000, "costOfRevenue": 214085000, "grossProfit": 320805000, "grossProfitRatio": 0.5997588289, "researchAndDevelopmentExpenses": 52553000, "generalAndAdministrativeExpenses": 52755000, "sellingAndMarketingExpenses": 111114000, "sellingGeneralAndAdministrativeExpenses": 163869000, "otherExpenses": 0, "operatingExpenses": 216422000, "costAndExpenses": 430507000, "interestIncome": 14790000, "interestExpense": 14790000, "depreciationAndAmortization": 51791000, "ebitda": 104383000, "ebitdaratio": 0.1951485352, "operatingIncome": 52592000, "operatingIncomeRatio": 0.0983230197, "totalOtherIncomeExpensesNet": 24586000, "incomeBeforeTax": 77178000, "incomeBeforeTaxRatio": 0.1442876105, "incomeTaxExpense": 4257000, "netIncome": 72921000, "netIncomeRatio": 0.1363289648, "eps": 1.78, "epsdiluted": 1.73, "weightedAverageShsOut": 40860000, "weightedAverageShsOutDil": 43111000, "link": null, "finalLink": null, "calculatedOtherExpenses": 51791000, "calculatedOperatingExpenses": 268213000, "calculatedNetInterest": 0, "calculatedOtherIncome": 24586000, "calculatedIncomeNonControlling": 0, "calculatedEbitda": 104383000}, {"date": "2018-12-31", "symbol": "QDEL", "reportedCurrency": "USD", "cik": "0001906324", "fillingDate": "2018-12-31", "acceptedDate": "2018-12-31 00:00:00", "calendarYear": "2018", "period": "FY", "revenue": 522285000, "costOfRevenue": 206572000, "grossProfit": 315713000, "grossProfitRatio": 0.6044841418, "researchAndDevelopmentExpenses": 51649000, "generalAndAdministrativeExpenses": 44951000, "sellingAndMarketingExpenses": 108987000, "sellingGeneralAndAdministrativeExpenses": 153938000, "otherExpenses": 0, "operatingExpenses": 205587000, "costAndExpenses": 412159000, "interestIncome": 0, "interestExpense": 24283000, "depreciationAndAmortization": 46266000, "ebitda": 110126000, "ebitdaratio": 0.2108542271, "operatingIncome": 95929000, "operatingIncomeRatio": 0.1836717501, "totalOtherIncomeExpensesNet": -22459000, "incomeBeforeTax": 63384000, "incomeBeforeTaxRatio": 0.1213590281, "incomeTaxExpense": -10799000, "netIncome": 74183000, "netIncomeRatio": 0.1420354787, "eps": 1.74, "epsdiluted": 1.74, "weightedAverageShsOut": 42554000, "weightedAverageShsOutDil": 42554000, "link": null, "finalLink": null, "calculatedOtherExpenses": 14197000, "calculatedOperatingExpenses": 219784000, "calculatedNetInterest": -24283000, "calculatedOtherIncome": -8262000, "calculatedIncomeNonControlling": 0, "calculatedEbitda": 142195000}, {"date": "2017-12-31", "symbol": "QDEL", "reportedCurrency": "USD", "cik": "0001906324", "fillingDate": "2017-12-31", "acceptedDate": "2017-12-31 00:00:00", "calendarYear": "2017", "period": "FY", "revenue": 277743000, "costOfRevenue": 121601000, "grossProfit": 156142000, "grossProfitRatio": 0.5621815851, "researchAndDevelopmentExpenses": 33644000, "generalAndAdministrativeExpenses": 29192000, "sellingAndMarketingExpenses": 67248000, "sellingGeneralAndAdministrativeExpenses": 96440000, "otherExpenses": 0, "operatingExpenses": 130084000, "costAndExpenses": 251685000, "interestIncome": 0, "interestExpense": 17588000, "depreciationAndAmortization": 30762000, "ebitda": 26058000, "ebitdaratio": 0.0938205463, "operatingIncome": 9552000, "operatingIncomeRatio": 0.0343915058, "totalOtherIncomeExpensesNet": -16506000, "incomeBeforeTax": -8036000, "incomeBeforeTaxRatio": -0.0289332224, "incomeTaxExpense": 129000, "netIncome": -8165000, "netIncomeRatio": -0.0293976806, "eps": -0.24, "epsdiluted": -0.24, "weightedAverageShsOut": 33734000, "weightedAverageShsOutDil": 33734089, "link": null, "finalLink": null, "calculatedOtherExpenses": 16506000, "calculatedOperatingExpenses": 146590000, "calculatedNetInterest": -17588000, "calculatedOtherIncome": 0, "calculatedIncomeNonControlling": 0, "calculatedEbitda": 40314000}, {"date": "2016-12-31", "symbol": "QDEL", "reportedCurrency": "USD", "cik": "0001906324", "fillingDate": "2016-12-31", "acceptedDate": "2016-12-31 00:00:00", "calendarYear": "2016", "period": "FY", "revenue": 191603000, "costOfRevenue": 73414000, "grossProfit": 118189000, "grossProfitRatio": 0.6168431601, "researchAndDevelopmentExpenses": 38672000, "generalAndAdministrativeExpenses": 27062000, "sellingAndMarketingExpenses": 47821000, "sellingGeneralAndAdministrativeExpenses": 74883000, "otherExpenses": 9073000, "operatingExpenses": 122628000, "costAndExpenses": 196042000, "interestIncome": 0, "interestExpense": 11760000, "depreciationAndAmortization": 9073000, "ebitda": 4634000, "ebitdaratio": 0.0241854251, "operatingIncome": -4439000, "operatingIncomeRatio": -0.0231676957, "totalOtherIncomeExpensesNet": -11760000, "incomeBeforeTax": -16199000, "incomeBeforeTaxRatio": -0.0845446053, "incomeTaxExpense": -2391000, "netIncome": -13808000, "netIncomeRatio": -0.0720656775, "eps": -0.42, "epsdiluted": -0.42, "weightedAverageShsOut": 32708000, "weightedAverageShsOutDil": 32708055, "link": null, "finalLink": null, "calculatedOtherExpenses": 9073000, "calculatedOperatingExpenses": 122628000, "calculatedNetInterest": -11760000, "calculatedOtherIncome": 0, "calculatedIncomeNonControlling": 0, "calculatedEbitda": 4634000}, {"date": "2015-12-31", "symbol": "QDEL", "reportedCurrency": "USD", "cik": "0001906324", "fillingDate": "2015-12-31", "acceptedDate": "2015-12-31 00:00:00", "calendarYear": "2015", "period": "FY", "revenue": 196129000, "costOfRevenue": 71688000, "grossProfit": 124441000, "grossProfitRatio": 0.6344854662, "researchAndDevelopmentExpenses": 35514000, "generalAndAdministrativeExpenses": 29447000, "sellingAndMarketingExpenses": 47886000, "sellingGeneralAndAdministrativeExpenses": 77333000, "otherExpenses": 8856000, "operatingExpenses": 121703000, "costAndExpenses": 193391000, "interestIncome": 0, "interestExpense": 12035000, "depreciationAndAmortization": 8856000, "ebitda": 11594000, "ebitdaratio": 0.0591141545, "operatingIncome": 2738000, "operatingIncomeRatio": 0.0139601997, "totalOtherIncomeExpensesNet": -12035000, "incomeBeforeTax": -9297000, "incomeBeforeTaxRatio": -0.0474024749, "incomeTaxExpense": -3218000, "netIncome": -6079000, "netIncomeRatio": -0.0309949064, "eps": -0.18, "epsdiluted": -0.18, "weightedAverageShsOut": 33772222, "weightedAverageShsOutDil": 34104000, "link": null, "finalLink": null, "calculatedOtherExpenses": 8856000, "calculatedOperatingExpenses": 121703000, "calculatedNetInterest": -12035000, "calculatedOtherIncome": 0, "calculatedIncomeNonControlling": 0, "calculatedEbitda": 11594000}, {"date": "2014-12-31", "symbol": "QDEL", "reportedCurrency": "USD", "cik": "0001906324", "fillingDate": "2014-12-31", "acceptedDate": "2014-12-31 00:00:00", "calendarYear": "2014", "period": "FY", "revenue": 182615000, "costOfRevenue": 74180000, "grossProfit": 108435000, "grossProfitRatio": 0.5937902144, "researchAndDevelopmentExpenses": 37913000, "generalAndAdministrativeExpenses": 25811000, "sellingAndMarketingExpenses": 41533000, "sellingGeneralAndAdministrativeExpenses": 67344000, "otherExpenses": 8828000, "operatingExpenses": 114085000, "costAndExpenses": 188265000, "interestIncome": 0, "interestExpense": 1775000, "depreciationAndAmortization": 8828000, "ebitda": 3178000, "ebitdaratio": 0.0174027325, "operatingIncome": -9208000, "operatingIncomeRatio": -0.0504230211, "totalOtherIncomeExpensesNet": -3558000, "incomeBeforeTax": -10983000, "incomeBeforeTaxRatio": -0.0601429236, "incomeTaxExpense": -3909000, "netIncome": -7074000, "netIncomeRatio": -0.0387372341, "eps": -0.21, "epsdiluted": -0.21, "weightedAverageShsOut": 33685714, "weightedAverageShsOutDil": 34451000, "link": null, "finalLink": null, "calculatedOtherExpenses": 12386000, "calculatedOperatingExpenses": 117643000, "calculatedNetInterest": -1775000, "calculatedOtherIncome": 0, "calculatedIncomeNonControlling": 0, "calculatedEbitda": -380000}, {"date": "2013-12-31", "symbol": "QDEL", "reportedCurrency": "USD", "cik": "0001906324", "fillingDate": "2013-12-31", "acceptedDate": "2013-12-31 00:00:00", "calendarYear": "2013", "period": "FY", "revenue": 175410000, "costOfRevenue": 66976000, "grossProfit": 108434000, "grossProfitRatio": 0.6181745625, "researchAndDevelopmentExpenses": 34186000, "generalAndAdministrativeExpenses": 26258000, "sellingAndMarketingExpenses": 33829000, "sellingGeneralAndAdministrativeExpenses": 60087000, "otherExpenses": 31000, "operatingExpenses": 102444000, "costAndExpenses": 169420000, "interestIncome": 15000, "interestExpense": 777000, "depreciationAndAmortization": 8171000, "ebitda": 14207000, "ebitdaratio": 0.0809931019, "operatingIncome": 4165000, "operatingIncomeRatio": 0.0237443703, "totalOtherIncomeExpensesNet": -1794000, "incomeBeforeTax": 3434000, "incomeBeforeTaxRatio": 0.019576991, "incomeTaxExpense": -3956000, "netIncome": 7390000, "netIncomeRatio": 0.0421298672, "eps": 0.22, "epsdiluted": 0.21, "weightedAverageShsOut": 34942299, "weightedAverageShsOutDil": 34947000, "link": null, "finalLink": null, "calculatedOtherExpenses": 9996000, "calculatedOperatingExpenses": 104269000, "calculatedNetInterest": -762000, "calculatedOtherIncome": 31000, "calculatedIncomeNonControlling": 0, "calculatedEbitda": 12336000}, {"date": "2012-12-31", "symbol": "QDEL", "reportedCurrency": "USD", "cik": "0001906324", "fillingDate": "2012-12-31", "acceptedDate": "2012-12-31 00:00:00", "calendarYear": "2012", "period": "FY", "revenue": 155741000, "costOfRevenue": 61285000, "grossProfit": 94456000, "grossProfitRatio": 0.6064941152, "researchAndDevelopmentExpenses": 27716000, "generalAndAdministrativeExpenses": 20640000, "sellingAndMarketingExpenses": 30319000, "sellingGeneralAndAdministrativeExpenses": 50959000, "otherExpenses": -30000, "operatingExpenses": 85610000, "costAndExpenses": 146895000, "interestIncome": 41000, "interestExpense": 1246000, "depreciationAndAmortization": 6935000, "ebitda": 15792000, "ebitdaratio": 0.1013991178, "operatingIncome": 8846000, "operatingIncomeRatio": 0.0567994298, "totalOtherIncomeExpensesNet": -30000, "incomeBeforeTax": 7611000, "incomeBeforeTaxRatio": 0.0488695976, "incomeTaxExpense": 2618000, "netIncome": 4993000, "netIncomeRatio": 0.0320596375, "eps": 0.15, "epsdiluted": 0.15, "weightedAverageShsOut": 33695283, "weightedAverageShsOutDil": 33702000, "link": null, "finalLink": null, "calculatedOtherExpenses": 6935000, "calculatedOperatingExpenses": 85610000, "calculatedNetInterest": -1205000, "calculatedOtherIncome": -30000, "calculatedIncomeNonControlling": 0, "calculatedEbitda": 15781000}, {"date": "2011-12-31", "symbol": "QDEL", "reportedCurrency": "USD", "cik": "0001906324", "fillingDate": "2011-12-31", "acceptedDate": "2011-12-31 00:00:00", "calendarYear": "2011", "period": "FY", "revenue": 158603000, "costOfRevenue": 62865000, "grossProfit": 95738000, "grossProfitRatio": 0.6036329704, "researchAndDevelopmentExpenses": 26325000, "generalAndAdministrativeExpenses": 22798000, "sellingAndMarketingExpenses": 25751000, "sellingGeneralAndAdministrativeExpenses": 48549000, "otherExpenses": 7124000, "operatingExpenses": 81998000, "costAndExpenses": 144863000, "interestIncome": 203000, "interestExpense": 2083000, "depreciationAndAmortization": 7124000, "ebitda": 21067000, "ebitdaratio": 0.1328285089, "operatingIncome": 13740000, "operatingIncomeRatio": 0.0866314004, "totalOtherIncomeExpensesNet": -376000, "incomeBeforeTax": 11484000, "incomeBeforeTaxRatio": 0.0724072054, "incomeTaxExpense": 3851000, "netIncome": 7633000, "netIncomeRatio": 0.0481264541, "eps": 0.23, "epsdiluted": 0.23, "weightedAverageShsOut": 32903000, "weightedAverageShsOutDil": 33320000, "link": null, "finalLink": null, "calculatedOtherExpenses": 7124000, "calculatedOperatingExpenses": 81998000, "calculatedNetInterest": -1880000, "calculatedOtherIncome": -376000, "calculatedIncomeNonControlling": 0, "calculatedEbitda": 20864000}, {"date": "2010-12-31", "symbol": "QDEL", "reportedCurrency": "USD", "cik": "0001906324", "fillingDate": "2010-12-31", "acceptedDate": "2010-12-31 00:00:00", "calendarYear": "2010", "period": "FY", "revenue": 113339000, "costOfRevenue": 52607000, "grossProfit": 60732000, "grossProfitRatio": 0.535843796, "researchAndDevelopmentExpenses": 24571000, "generalAndAdministrativeExpenses": 18471000, "sellingAndMarketingExpenses": 23972000, "sellingGeneralAndAdministrativeExpenses": 42443000, "otherExpenses": 6731000, "operatingExpenses": 73745000, "costAndExpenses": 126352000, "interestIncome": 214000, "interestExpense": 2345000, "depreciationAndAmortization": 6731000, "ebitda": -6068000, "ebitdaratio": -0.0535384995, "operatingIncome": -15289000, "operatingIncomeRatio": -0.1348961964, "totalOtherIncomeExpensesNet": -2276000, "incomeBeforeTax": -17420000, "incomeBeforeTaxRatio": -0.1536981974, "incomeTaxExpense": -6149000, "netIncome": -11271000, "netIncomeRatio": -0.0994450277, "eps": -0.39, "epsdiluted": -0.39, "weightedAverageShsOut": 28582000, "weightedAverageShsOutDil": 28582000, "link": null, "finalLink": null, "calculatedOtherExpenses": 9007000, "calculatedOperatingExpenses": 76021000, "calculatedNetInterest": -2131000, "calculatedOtherIncome": 0, "calculatedIncomeNonControlling": 0, "calculatedEbitda": -8558000}, {"date": "2009-12-31", "symbol": "QDEL", "reportedCurrency": "USD", "cik": "0001906324", "fillingDate": "2009-12-31", "acceptedDate": "2009-12-31 00:00:00", "calendarYear": "2009", "period": "FY", "revenue": 164282000, "costOfRevenue": 55218000, "grossProfit": 109064000, "grossProfitRatio": 0.6638828356, "researchAndDevelopmentExpenses": 12526000, "generalAndAdministrativeExpenses": 16783000, "sellingAndMarketingExpenses": 23347000, "sellingGeneralAndAdministrativeExpenses": 40130000, "otherExpenses": 1364000, "operatingExpenses": 54020000, "costAndExpenses": 109238000, "interestIncome": 372000, "interestExpense": 767000, "depreciationAndAmortization": 1364000, "ebitda": 56780000, "ebitdaratio": 0.3456252054, "operatingIncome": 52549000, "operatingIncomeRatio": 0.3198707101, "totalOtherIncomeExpensesNet": -2500000, "incomeBeforeTax": 52149000, "incomeBeforeTaxRatio": 0.3174358725, "incomeTaxExpense": 19266000, "netIncome": 32883000, "netIncomeRatio": 0.2001619167, "eps": 1.1, "epsdiluted": 1.08, "weightedAverageShsOut": 29964000, "weightedAverageShsOutDil": 30418000, "link": null, "finalLink": null, "calculatedOtherExpenses": 3859000, "calculatedOperatingExpenses": 56515000, "calculatedNetInterest": -395000, "calculatedOtherIncome": -5000, "calculatedIncomeNonControlling": 0, "calculatedEbitda": 53913000}, {"date": "2008-12-31", "symbol": "QDEL", "reportedCurrency": "USD", "cik": "0001906324", "fillingDate": "2008-12-31", "acceptedDate": "2008-12-31 00:00:00", "calendarYear": "2008", "period": "FY", "revenue": 128132000, "costOfRevenue": 50206000, "grossProfit": 77926000, "grossProfitRatio": 0.6081697, "researchAndDevelopmentExpenses": 11147000, "generalAndAdministrativeExpenses": 12786000, "sellingAndMarketingExpenses": 20898000, "sellingGeneralAndAdministrativeExpenses": 33684000, "otherExpenses": 4476000, "operatingExpenses": 49307000, "costAndExpenses": 99513000, "interestIncome": 1686000, "interestExpense": 671000, "depreciationAndAmortization": 4476000, "ebitda": 34781000, "ebitdaratio": 0.2714466332, "operatingIncome": 28619000, "operatingIncomeRatio": 0.223355602, "totalOtherIncomeExpensesNet": 135000, "incomeBeforeTax": 29769000, "incomeBeforeTaxRatio": 0.2323307214, "incomeTaxExpense": 10921000, "netIncome": 18848000, "netIncomeRatio": 0.1470983049, "eps": 0.59, "epsdiluted": 0.58, "weightedAverageShsOut": 31853000, "weightedAverageShsOutDil": 32612000, "link": null, "finalLink": null, "calculatedOtherExpenses": 4476000, "calculatedOperatingExpenses": 49307000, "calculatedNetInterest": 1015000, "calculatedOtherIncome": 135000, "calculatedIncomeNonControlling": 0, "calculatedEbitda": 33095000}, {"date": "2007-12-31", "symbol": "QDEL", "reportedCurrency": "USD", "cik": "0001906324", "fillingDate": "2007-12-31", "acceptedDate": "2007-12-31 00:00:00", "calendarYear": "2007", "period": "FY", "revenue": 118065000, "costOfRevenue": 48573000, "grossProfit": 69492000, "grossProfitRatio": 0.5885910304, "researchAndDevelopmentExpenses": 12855000, "generalAndAdministrativeExpenses": 31658000, "sellingAndMarketingExpenses": 0, "sellingGeneralAndAdministrativeExpenses": 31658000, "otherExpenses": 5493000, "operatingExpenses": 50006000, "costAndExpenses": 98579000, "interestIncome": 0, "interestExpense": -921000, "depreciationAndAmortization": 9852000, "ebitda": 29455000, "ebitdaratio": 0.249481218, "operatingIncome": 19486000, "operatingIncomeRatio": 0.1650446788, "totalOtherIncomeExpensesNet": -117000, "incomeBeforeTax": 20524000, "incomeBeforeTaxRatio": 0.173836446, "incomeTaxExpense": 6893000, "netIncome": 13631000, "netIncomeRatio": 0.115453352, "eps": 0.43, "epsdiluted": 0.41, "weightedAverageShsOut": 32028000, "weightedAverageShsOutDil": 32996000, "link": null, "finalLink": null, "calculatedOtherExpenses": 5493000, "calculatedOperatingExpenses": 50006000, "calculatedNetInterest": 921000, "calculatedOtherIncome": 117000, "calculatedIncomeNonControlling": 0, "calculatedEbitda": 29338000}, {"date": "2006-12-31", "symbol": "QDEL", "reportedCurrency": "USD", "cik": "0001906324", "fillingDate": "2006-12-31", "acceptedDate": "2006-12-31 00:00:00", "calendarYear": "2006", "period": "FY", "revenue": 106015000, "costOfRevenue": 44818000, "grossProfit": 61197000, "grossProfitRatio": 0.5772485026, "researchAndDevelopmentExpenses": 13047000, "generalAndAdministrativeExpenses": 29736000, "sellingAndMarketingExpenses": 0, "sellingGeneralAndAdministrativeExpenses": 29736000, "otherExpenses": 4580000, "operatingExpenses": 47363000, "costAndExpenses": 92181000, "interestIncome": 0, "interestExpense": -2538000, "depreciationAndAmortization": 9109000, "ebitda": 22398000, "ebitdaratio": 0.2112719898, "operatingIncome": 13834000, "operatingIncomeRatio": 0.1304909683, "totalOtherIncomeExpensesNet": 545000, "incomeBeforeTax": 15030000, "incomeBeforeTaxRatio": 0.1417723907, "incomeTaxExpense": -5891000, "netIncome": 21718000, "netIncomeRatio": 0.2048578031, "eps": 0.66, "epsdiluted": 0.63, "weightedAverageShsOut": 32985000, "weightedAverageShsOutDil": 34367000, "link": null, "finalLink": null, "calculatedOtherExpenses": 4580000, "calculatedOperatingExpenses": 47363000, "calculatedNetInterest": 2538000, "calculatedOtherIncome": -1342000, "calculatedIncomeNonControlling": -797000, "calculatedEbitda": 22943000}, {"date": "2005-12-31", "symbol": "QDEL", "reportedCurrency": "USD", "cik": "0001906324", "fillingDate": "2005-12-31", "acceptedDate": "2005-12-31 00:00:00", "calendarYear": "2005", "period": "FY", "revenue": 92299000, "costOfRevenue": 37101000, "grossProfit": 55198000, "grossProfitRatio": 0.5980346483, "researchAndDevelopmentExpenses": 12829000, "generalAndAdministrativeExpenses": 29183000, "sellingAndMarketingExpenses": 0, "sellingGeneralAndAdministrativeExpenses": 29183000, "otherExpenses": 18476000, "operatingExpenses": 60488000, "costAndExpenses": 97589000, "interestIncome": 0, "interestExpense": 17920000, "depreciationAndAmortization": 5466000, "ebitda": 17127000, "ebitdaratio": 0.1855599736, "operatingIncome": -5290000, "operatingIncomeRatio": -0.0573137304, "totalOtherIncomeExpensesNet": -16951000, "incomeBeforeTax": -5327000, "incomeBeforeTaxRatio": -0.0577146015, "incomeTaxExpense": 3000000, "netIncome": -9259000, "netIncomeRatio": -0.1003152797, "eps": -0.28, "epsdiluted": -0.28, "weightedAverageShsOut": 32525000, "weightedAverageShsOutDil": 32525000, "link": null, "finalLink": null, "calculatedOtherExpenses": 18476000, "calculatedOperatingExpenses": 60488000, "calculatedNetInterest": -17920000, "calculatedOtherIncome": 17883000, "calculatedIncomeNonControlling": 932000, "calculatedEbitda": 176000}, {"date": "2004-12-31", "symbol": "QDEL", "reportedCurrency": "USD", "cik": "0001906324", "fillingDate": "2004-12-31", "acceptedDate": "2004-12-31 00:00:00", "calendarYear": "2004", "period": "FY", "revenue": 78691000, "costOfRevenue": 35234000, "grossProfit": 43457000, "grossProfitRatio": 0.5522486688, "researchAndDevelopmentExpenses": 11340000, "generalAndAdministrativeExpenses": 28842000, "sellingAndMarketingExpenses": 0, "sellingGeneralAndAdministrativeExpenses": 28842000, "otherExpenses": 1459000, "operatingExpenses": 41641000, "costAndExpenses": 76875000, "interestIncome": 0, "interestExpense": 0, "depreciationAndAmortization": 6207000, "ebitda": 7369000, "ebitdaratio": 0.0936447624, "operatingIncome": 1816000, "operatingIncomeRatio": 0.0230776074, "totalOtherIncomeExpensesNet": 654000, "incomeBeforeTax": 1584000, "incomeBeforeTaxRatio": 0.0201293668, "incomeTaxExpense": 7449000, "netIncome": -6287000, "netIncomeRatio": -0.0798947783, "eps": -0.2, "epsdiluted": -0.19, "weightedAverageShsOut": 31487000, "weightedAverageShsOutDil": 32386000, "link": null, "finalLink": null, "calculatedOtherExpenses": 1459000, "calculatedOperatingExpenses": 41641000, "calculatedNetInterest": 0, "calculatedOtherIncome": -232000, "calculatedIncomeNonControlling": 422000, "calculatedEbitda": 8023000}, {"date": "2003-12-31", "symbol": "QDEL", "reportedCurrency": "USD", "cik": "0001906324", "fillingDate": "2003-12-31", "acceptedDate": "2003-12-31 00:00:00", "calendarYear": "2003", "period": "FY", "revenue": 95105000, "costOfRevenue": 42812000, "grossProfit": 52293000, "grossProfitRatio": 0.5498449083, "researchAndDevelopmentExpenses": 8465000, "generalAndAdministrativeExpenses": 28505000, "sellingAndMarketingExpenses": 0, "sellingGeneralAndAdministrativeExpenses": 28505000, "otherExpenses": 2057000, "operatingExpenses": 39027000, "costAndExpenses": 81839000, "interestIncome": 0, "interestExpense": 4554000, "depreciationAndAmortization": 6601000, "ebitda": 21654000, "ebitdaratio": 0.2276851901, "operatingIncome": 11058000, "operatingIncomeRatio": 0.1162714894, "totalOtherIncomeExpensesNet": -1787000, "incomeBeforeTax": 10499000, "incomeBeforeTaxRatio": 0.1103937753, "incomeTaxExpense": -9152000, "netIncome": 19651000, "netIncomeRatio": 0.2066242574, "eps": 0.67, "epsdiluted": 0.65, "weightedAverageShsOut": 29177000, "weightedAverageShsOutDil": 30374000, "link": null, "finalLink": null, "calculatedOtherExpenses": 4265000, "calculatedOperatingExpenses": 41235000, "calculatedNetInterest": -4554000, "calculatedOtherIncome": 3995000, "calculatedIncomeNonControlling": 0, "calculatedEbitda": 17659000}, {"date": "2002-12-31", "symbol": "QDEL", "reportedCurrency": "USD", "cik": "0001906324", "fillingDate": "2002-12-31", "acceptedDate": "2002-12-31 00:00:00", "calendarYear": "2002", "period": "FY", "revenue": 76273000, "costOfRevenue": 38267000, "grossProfit": 38006000, "grossProfitRatio": 0.4982890407, "researchAndDevelopmentExpenses": 6748000, "generalAndAdministrativeExpenses": 25847000, "sellingAndMarketingExpenses": 0, "sellingGeneralAndAdministrativeExpenses": 25847000, "otherExpenses": 1945000, "operatingExpenses": 34540000, "costAndExpenses": 72807000, "interestIncome": 0, "interestExpense": -1360000, "depreciationAndAmortization": 6147000, "ebitda": 7628000, "ebitdaratio": 0.1000091776, "operatingIncome": 3466000, "operatingIncomeRatio": 0.0454420306, "totalOtherIncomeExpensesNet": 1985000, "incomeBeforeTax": 2841000, "incomeBeforeTaxRatio": 0.037247781, "incomeTaxExpense": 1550000, "netIncome": 1291000, "netIncomeRatio": 0.016926042, "eps": 0.04, "epsdiluted": 0.04, "weightedAverageShsOut": 28824000, "weightedAverageShsOutDil": 29629000, "link": null, "finalLink": null, "calculatedOtherExpenses": 1945000, "calculatedOperatingExpenses": 34540000, "calculatedNetInterest": 1360000, "calculatedOtherIncome": -1985000, "calculatedIncomeNonControlling": 0, "calculatedEbitda": 9613000}, {"date": "2001-12-31", "symbol": "QDEL", "reportedCurrency": "USD", "cik": "0001906324", "fillingDate": "2001-12-31", "acceptedDate": "2001-12-31 00:00:00", "calendarYear": "2001", "period": "FY", "revenue": 74055000, "costOfRevenue": 35271000, "grossProfit": 38784000, "grossProfitRatio": 0.5237188576, "researchAndDevelopmentExpenses": 6203000, "generalAndAdministrativeExpenses": 0, "sellingAndMarketingExpenses": 0, "sellingGeneralAndAdministrativeExpenses": 24491000, "otherExpenses": 4365000, "operatingExpenses": 35059000, "costAndExpenses": 70330000, "interestIncome": 0, "interestExpense": -1575000, "depreciationAndAmortization": 8149000, "ebitda": 10430000, "ebitdaratio": 0.1408412666, "operatingIncome": 3175000, "operatingIncomeRatio": 0.0428735399, "totalOtherIncomeExpensesNet": 1444000, "incomeBeforeTax": 3855000, "incomeBeforeTaxRatio": 0.0520559044, "incomeTaxExpense": 3002000, "netIncome": 854000, "netIncomeRatio": 0.0115319695, "eps": 0.01, "epsdiluted": 0.01, "weightedAverageShsOut": 28287000, "weightedAverageShsOutDil": 29282000, "link": null, "finalLink": null, "calculatedOtherExpenses": 4915000, "calculatedOperatingExpenses": 35609000, "calculatedNetInterest": 1575000, "calculatedOtherIncome": -895000, "calculatedIncomeNonControlling": -1000, "calculatedEbitda": 11324000}, {"date": "2000-12-31", "symbol": "QDEL", "reportedCurrency": "USD", "cik": "0001906324", "fillingDate": "2000-12-31", "acceptedDate": "2000-12-31 00:00:00", "calendarYear": "2000", "period": "FY", "revenue": 68351000, "costOfRevenue": 36503000, "grossProfit": 31848000, "grossProfitRatio": 0.4659478281, "researchAndDevelopmentExpenses": 7046000, "generalAndAdministrativeExpenses": 8845000, "sellingAndMarketingExpenses": 16341000, "sellingGeneralAndAdministrativeExpenses": 25186000, "otherExpenses": 1981000, "operatingExpenses": 34213000, "costAndExpenses": 70716000, "interestIncome": 86000, "interestExpense": 1247000, "depreciationAndAmortization": 6530000, "ebitda": 4251000, "ebitdaratio": 0.0621936768, "operatingIncome": -4665000, "operatingIncomeRatio": -0.0682506474, "totalOtherIncomeExpensesNet": -1252000, "incomeBeforeTax": -4778000, "incomeBeforeTaxRatio": -0.0699038785, "incomeTaxExpense": 2320000, "netIncome": -5846000, "netIncomeRatio": -0.0855291071, "eps": -0.23, "epsdiluted": -0.23, "weightedAverageShsOut": 24882000, "weightedAverageShsOutDil": 24882000, "link": null, "finalLink": null, "calculatedOtherExpenses": 4281000, "calculatedOperatingExpenses": 36513000, "calculatedNetInterest": -1161000, "calculatedOtherIncome": 1048000, "calculatedIncomeNonControlling": -1252000, "calculatedEbitda": 1865000}, {"date": "1999-03-31", "symbol": "QDEL", "reportedCurrency": "USD", "cik": "0001906324", "fillingDate": "1999-03-31", "acceptedDate": "1999-03-31 00:00:00", "calendarYear": "1998", "period": "FY", "revenue": 47200000, "costOfRevenue": 22800000, "grossProfit": 24400000, "grossProfitRatio": 0.5169491525, "researchAndDevelopmentExpenses": 7900000, "generalAndAdministrativeExpenses": 0, "sellingAndMarketingExpenses": 0, "sellingGeneralAndAdministrativeExpenses": 15800000, "otherExpenses": 0, "operatingExpenses": 27000000, "costAndExpenses": 49800000, "interestIncome": 0, "interestExpense": 0, "depreciationAndAmortization": 3300000, "ebitda": -3700000, "ebitdaratio": -0.0783898305, "operatingIncome": -2600000, "operatingIncomeRatio": -0.0550847458, "totalOtherIncomeExpensesNet": 4400000, "incomeBeforeTax": 1400000, "incomeBeforeTaxRatio": 0.0296610169, "incomeTaxExpense": -6300000, "netIncome": 7700000, "netIncomeRatio": 0.1631355932, "eps": 0.32, "epsdiluted": 0.32, "weightedAverageShsOut": 24062500, "weightedAverageShsOutDil": 24062500, "link": null, "finalLink": null, "calculatedOtherExpenses": 3300000, "calculatedOperatingExpenses": 27000000, "calculatedNetInterest": 0, "calculatedOtherIncome": 4000000, "calculatedIncomeNonControlling": 0, "calculatedEbitda": 700000}, {"date": "1998-03-31", "symbol": "QDEL", "reportedCurrency": "USD", "cik": "0001906324", "fillingDate": "1998-03-31", "acceptedDate": "1998-03-31 00:00:00", "calendarYear": "1997", "period": "FY", "revenue": 45700000, "costOfRevenue": 21100000, "grossProfit": 24600000, "grossProfitRatio": 0.5382932166, "researchAndDevelopmentExpenses": 7900000, "generalAndAdministrativeExpenses": 0, "sellingAndMarketingExpenses": 0, "sellingGeneralAndAdministrativeExpenses": 15700000, "otherExpenses": 0, "operatingExpenses": 26700000, "costAndExpenses": 47800000, "interestIncome": 0, "interestExpense": 0, "depreciationAndAmortization": 3100000, "ebitda": -200000, "ebitdaratio": -0.0043763676, "operatingIncome": -2100000, "operatingIncomeRatio": -0.04595186, "totalOtherIncomeExpensesNet": 1200000, "incomeBeforeTax": -1500000, "incomeBeforeTaxRatio": -0.0328227571, "incomeTaxExpense": -2600000, "netIncome": 1100000, "netIncomeRatio": 0.0240700219, "eps": 0.05, "epsdiluted": 0.05, "weightedAverageShsOut": 22000000, "weightedAverageShsOutDil": 22000000, "link": null, "finalLink": null, "calculatedOtherExpenses": 3100000, "calculatedOperatingExpenses": 26700000, "calculatedNetInterest": 0, "calculatedOtherIncome": 600000, "calculatedIncomeNonControlling": 0, "calculatedEbitda": 1000000}, {"date": "1997-03-31", "symbol": "QDEL", "reportedCurrency": "USD", "cik": "0001906324", "fillingDate": "1997-03-31", "acceptedDate": "1997-03-31 00:00:00", "calendarYear": "1996", "period": "FY", "revenue": 41900000, "costOfRevenue": 17200000, "grossProfit": 24700000, "grossProfitRatio": 0.5894988067, "researchAndDevelopmentExpenses": 6700000, "generalAndAdministrativeExpenses": 0, "sellingAndMarketingExpenses": 0, "sellingGeneralAndAdministrativeExpenses": 14200000, "otherExpenses": 0, "operatingExpenses": 23400000, "costAndExpenses": 40600000, "interestIncome": 0, "interestExpense": 0, "depreciationAndAmortization": 2500000, "ebitda": 800000, "ebitdaratio": 0.0190930788, "operatingIncome": 1300000, "operatingIncomeRatio": 0.031026253, "totalOtherIncomeExpensesNet": 3000000, "incomeBeforeTax": 3600000, "incomeBeforeTaxRatio": 0.0859188544, "incomeTaxExpense": 100000, "netIncome": 3500000, "netIncomeRatio": 0.0835322196, "eps": 0.16, "epsdiluted": 0.16, "weightedAverageShsOut": 22000000, "weightedAverageShsOutDil": 22791000, "link": null, "finalLink": null, "calculatedOtherExpenses": 2500000, "calculatedOperatingExpenses": 23400000, "calculatedNetInterest": 0, "calculatedOtherIncome": 2300000, "calculatedIncomeNonControlling": 0, "calculatedEbitda": 3800000}, {"date": "1996-03-31", "symbol": "QDEL", "reportedCurrency": "USD", "cik": "0001906324", "fillingDate": "1996-03-31", "acceptedDate": "1996-03-31 00:00:00", "calendarYear": "1995", "period": "FY", "revenue": 34500000, "costOfRevenue": 13900000, "grossProfit": 20600000, "grossProfitRatio": 0.5971014493, "researchAndDevelopmentExpenses": 4100000, "generalAndAdministrativeExpenses": 0, "sellingAndMarketingExpenses": 0, "sellingGeneralAndAdministrativeExpenses": 13900000, "otherExpenses": 0, "operatingExpenses": 20100000, "costAndExpenses": 34000000, "interestIncome": 0, "interestExpense": 0, "depreciationAndAmortization": 2100000, "ebitda": 1800000, "ebitdaratio": 0.052173913, "operatingIncome": 500000, "operatingIncomeRatio": 0.0144927536, "totalOtherIncomeExpensesNet": 800000, "incomeBeforeTax": 1300000, "incomeBeforeTaxRatio": 0.0376811594, "incomeTaxExpense": -100000, "netIncome": 600000, "netIncomeRatio": 0.0173913043, "eps": 0.03, "epsdiluted": 0.03, "weightedAverageShsOut": 20000000, "weightedAverageShsOutDil": 20000000, "link": null, "finalLink": null, "calculatedOtherExpenses": 2100000, "calculatedOperatingExpenses": 20100000, "calculatedNetInterest": 0, "calculatedOtherIncome": 800000, "calculatedIncomeNonControlling": 800000, "calculatedEbitda": 2600000}, {"date": "1995-03-31", "symbol": "QDEL", "reportedCurrency": "USD", "cik": "0001906324", "fillingDate": "1995-03-31", "acceptedDate": "1995-03-31 00:00:00", "calendarYear": "1994", "period": "FY", "revenue": 31100000, "costOfRevenue": 14200000, "grossProfit": 16900000, "grossProfitRatio": 0.5434083601, "researchAndDevelopmentExpenses": 0, "generalAndAdministrativeExpenses": 0, "sellingAndMarketingExpenses": 0, "sellingGeneralAndAdministrativeExpenses": 18900000, "otherExpenses": 0, "operatingExpenses": 20800000, "costAndExpenses": 35000000, "interestIncome": 0, "interestExpense": 0, "depreciationAndAmortization": 1900000, "ebitda": -2700000, "ebitdaratio": -0.0868167203, "operatingIncome": -3900000, "operatingIncomeRatio": -0.1254019293, "totalOtherIncomeExpensesNet": 700000, "incomeBeforeTax": -3200000, "incomeBeforeTaxRatio": -0.1028938907, "incomeTaxExpense": 200000, "netIncome": -4100000, "netIncomeRatio": -0.1318327974, "eps": -0.21, "epsdiluted": -0.21, "weightedAverageShsOut": 19523810, "weightedAverageShsOutDil": 19523810, "link": null, "finalLink": null, "calculatedOtherExpenses": 1900000, "calculatedOperatingExpenses": 20800000, "calculatedNetInterest": 0, "calculatedOtherIncome": 700000, "calculatedIncomeNonControlling": 700000, "calculatedEbitda": -2000000}, {"date": "1994-03-31", "symbol": "QDEL", "reportedCurrency": "USD", "cik": "0001906324", "fillingDate": "1994-03-31", "acceptedDate": "1994-03-31 00:00:00", "calendarYear": "1993", "period": "FY", "revenue": 28400000, "costOfRevenue": 13800000, "grossProfit": 14600000, "grossProfitRatio": 0.514084507, "researchAndDevelopmentExpenses": 0, "generalAndAdministrativeExpenses": 0, "sellingAndMarketingExpenses": 0, "sellingGeneralAndAdministrativeExpenses": 16000000, "otherExpenses": 0, "operatingExpenses": 17500000, "costAndExpenses": 31300000, "interestIncome": 0, "interestExpense": 0, "depreciationAndAmortization": 1500000, "ebitda": -2800000, "ebitdaratio": -0.0985915493, "operatingIncome": -2900000, "operatingIncomeRatio": -0.1021126761, "totalOtherIncomeExpensesNet": 1400000, "incomeBeforeTax": -1500000, "incomeBeforeTaxRatio": -0.0528169014, "incomeTaxExpense": -900000, "netIncome": -2000000, "netIncomeRatio": -0.0704225352, "eps": -0.11, "epsdiluted": -0.11, "weightedAverageShsOut": 18181818, "weightedAverageShsOutDil": 18181818, "link": null, "finalLink": null, "calculatedOtherExpenses": 1500000, "calculatedOperatingExpenses": 17500000, "calculatedNetInterest": 0, "calculatedOtherIncome": 1400000, "calculatedIncomeNonControlling": 1400000, "calculatedEbitda": -1400000}, {"date": "1993-03-31", "symbol": "QDEL", "reportedCurrency": "USD", "cik": "0001906324", "fillingDate": "1993-03-31", "acceptedDate": "1993-03-31 00:00:00", "calendarYear": "1992", "period": "FY", "revenue": 27700000, "costOfRevenue": 13200000, "grossProfit": 14500000, "grossProfitRatio": 0.523465704, "researchAndDevelopmentExpenses": 0, "generalAndAdministrativeExpenses": 0, "sellingAndMarketingExpenses": 0, "sellingGeneralAndAdministrativeExpenses": 13200000, "otherExpenses": 0, "operatingExpenses": 14500000, "costAndExpenses": 27700000, "interestIncome": 0, "interestExpense": 0, "depreciationAndAmortization": 1300000, "ebitda": 1000000, "ebitdaratio": 0.036101083, "operatingIncome": -300000, "operatingIncomeRatio": -0.0108303249, "totalOtherIncomeExpensesNet": 1300000, "incomeBeforeTax": 700000, "incomeBeforeTaxRatio": 0.0252707581, "incomeTaxExpense": 300000, "netIncome": 700000, "netIncomeRatio": 0.0252707581, "eps": 0.04, "epsdiluted": 0.04, "weightedAverageShsOut": 17500000, "weightedAverageShsOutDil": 17500000, "link": null, "finalLink": null, "calculatedOtherExpenses": 1600000, "calculatedOperatingExpenses": 14800000, "calculatedNetInterest": 0, "calculatedOtherIncome": 1000000, "calculatedIncomeNonControlling": -300000, "calculatedEbitda": 1000000}, {"date": "1992-03-31", "symbol": "QDEL", "reportedCurrency": "USD", "cik": "0001906324", "fillingDate": "1992-03-31", "acceptedDate": "1992-03-31 00:00:00", "calendarYear": "1991", "period": "FY", "revenue": 26500000, "costOfRevenue": 12900000, "grossProfit": 13600000, "grossProfitRatio": 0.5132075472, "researchAndDevelopmentExpenses": 0, "generalAndAdministrativeExpenses": 0, "sellingAndMarketingExpenses": 0, "sellingGeneralAndAdministrativeExpenses": 11700000, "otherExpenses": 0, "operatingExpenses": 13100000, "costAndExpenses": 26000000, "interestIncome": 0, "interestExpense": 0, "depreciationAndAmortization": 1400000, "ebitda": 800000, "ebitdaratio": 0.0301886792, "operatingIncome": 500000, "operatingIncomeRatio": 0.0188679245, "totalOtherIncomeExpensesNet": 1100000, "incomeBeforeTax": 900000, "incomeBeforeTaxRatio": 0.0339622642, "incomeTaxExpense": 400000, "netIncome": 800000, "netIncomeRatio": 0.0301886792, "eps": 0.05, "epsdiluted": 0.05, "weightedAverageShsOut": 14000000, "weightedAverageShsOutDil": 14000000, "link": null, "finalLink": null, "calculatedOtherExpenses": 1400000, "calculatedOperatingExpenses": 13100000, "calculatedNetInterest": 0, "calculatedOtherIncome": 400000, "calculatedIncomeNonControlling": -300000, "calculatedEbitda": 1900000}, {"date": "1991-03-31", "symbol": "QDEL", "reportedCurrency": "USD", "cik": "0001906324", "fillingDate": "1991-03-31", "acceptedDate": "1991-03-31 00:00:00", "calendarYear": "1990", "period": "FY", "revenue": 27800000, "costOfRevenue": 13700000, "grossProfit": 14100000, "grossProfitRatio": 0.5071942446, "researchAndDevelopmentExpenses": 0, "generalAndAdministrativeExpenses": 0, "sellingAndMarketingExpenses": 0, "sellingGeneralAndAdministrativeExpenses": 17500000, "otherExpenses": 0, "operatingExpenses": 19300000, "costAndExpenses": 33000000, "interestIncome": 0, "interestExpense": 0, "depreciationAndAmortization": 1800000, "ebitda": -4000000, "ebitdaratio": -0.1438848921, "operatingIncome": -5200000, "operatingIncomeRatio": -0.1870503597, "totalOtherIncomeExpensesNet": 600000, "incomeBeforeTax": -4600000, "incomeBeforeTaxRatio": -0.1654676259, "incomeTaxExpense": 300000, "netIncome": -5500000, "netIncomeRatio": -0.1978417266, "eps": -0.45, "epsdiluted": -0.45, "weightedAverageShsOut": 12340426, "weightedAverageShsOutDil": 12340426, "link": null, "finalLink": null, "calculatedOtherExpenses": 1800000, "calculatedOperatingExpenses": 19300000, "calculatedNetInterest": 0, "calculatedOtherIncome": 600000, "calculatedIncomeNonControlling": 600000, "calculatedEbitda": -3400000}, {"date": "1990-03-31", "symbol": "QDEL", "reportedCurrency": "USD", "cik": "0001906324", "fillingDate": "1990-03-31", "acceptedDate": "1990-03-31 00:00:00", "calendarYear": "1989", "period": "FY", "revenue": 9000000, "costOfRevenue": 3700000, "grossProfit": 5300000, "grossProfitRatio": 0.5888888889, "researchAndDevelopmentExpenses": 0, "generalAndAdministrativeExpenses": 0, "sellingAndMarketingExpenses": 0, "sellingGeneralAndAdministrativeExpenses": 4700000, "otherExpenses": 0, "operatingExpenses": 5200000, "costAndExpenses": 8900000, "interestIncome": 0, "interestExpense": 0, "depreciationAndAmortization": 500000, "ebitda": 1400000, "ebitdaratio": 0.1555555556, "operatingIncome": 100000, "operatingIncomeRatio": 0.0111111111, "totalOtherIncomeExpensesNet": -800000, "incomeBeforeTax": -700000, "incomeBeforeTaxRatio": -0.0777777778, "incomeTaxExpense": 1300000, "netIncome": -1200000, "netIncomeRatio": -0.1333333333, "eps": -0.33, "epsdiluted": -0.33, "weightedAverageShsOut": 3611111, "weightedAverageShsOutDil": 3611111, "link": null, "finalLink": null, "calculatedOtherExpenses": 500000, "calculatedOperatingExpenses": 5200000, "calculatedNetInterest": 0, "calculatedOtherIncome": -800000, "calculatedIncomeNonControlling": -800000, "calculatedEbitda": 600000}, {"date": "1989-03-31", "symbol": "QDEL", "reportedCurrency": "USD", "cik": "0001906324", "fillingDate": "1989-03-31", "acceptedDate": "1989-03-31 00:00:00", "calendarYear": "1988", "period": "FY", "revenue": 8700000, "costOfRevenue": 5300000, "grossProfit": 3400000, "grossProfitRatio": 0.3908045977, "researchAndDevelopmentExpenses": 0, "generalAndAdministrativeExpenses": 0, "sellingAndMarketingExpenses": 0, "sellingGeneralAndAdministrativeExpenses": 5600000, "otherExpenses": 0, "operatingExpenses": 6200000, "costAndExpenses": 11500000, "interestIncome": 0, "interestExpense": 0, "depreciationAndAmortization": 600000, "ebitda": -2400000, "ebitdaratio": -0.275862069, "operatingIncome": -2800000, "operatingIncomeRatio": -0.3218390805, "totalOtherIncomeExpensesNet": 200000, "incomeBeforeTax": -2600000, "incomeBeforeTaxRatio": -0.2988505747, "incomeTaxExpense": 300000, "netIncome": -3100000, "netIncomeRatio": -0.3563218391, "eps": -0.86, "epsdiluted": -0.86, "weightedAverageShsOut": 3604651, "weightedAverageShsOutDil": 3604651, "link": null, "finalLink": null, "calculatedOtherExpenses": 600000, "calculatedOperatingExpenses": 6200000, "calculatedNetInterest": 0, "calculatedOtherIncome": 200000, "calculatedIncomeNonControlling": 200000, "calculatedEbitda": -2200000}, {"date": "1988-03-31", "symbol": "QDEL", "reportedCurrency": "USD", "cik": "0001906324", "fillingDate": "1988-03-31", "acceptedDate": "1988-03-31 00:00:00", "calendarYear": "1987", "period": "FY", "revenue": 6100000, "costOfRevenue": 4300000, "grossProfit": 1800000, "grossProfitRatio": 0.2950819672, "researchAndDevelopmentExpenses": 0, "generalAndAdministrativeExpenses": 0, "sellingAndMarketingExpenses": 0, "sellingGeneralAndAdministrativeExpenses": 5900000, "otherExpenses": 0, "operatingExpenses": 6500000, "costAndExpenses": 10800000, "interestIncome": 0, "interestExpense": 0, "depreciationAndAmortization": 600000, "ebitda": -1700000, "ebitdaratio": -0.2786885246, "operatingIncome": -4700000, "operatingIncomeRatio": -0.7704918033, "totalOtherIncomeExpensesNet": -2400000, "incomeBeforeTax": -7100000, "incomeBeforeTaxRatio": -1.1639344262, "incomeTaxExpense": 2600000, "netIncome": -7300000, "netIncomeRatio": -1.1967213115, "eps": -2.04, "epsdiluted": -2.04, "weightedAverageShsOut": 3578431, "weightedAverageShsOutDil": 3578431, "link": null, "finalLink": null, "calculatedOtherExpenses": 600000, "calculatedOperatingExpenses": 6500000, "calculatedNetInterest": 0, "calculatedOtherIncome": -2400000, "calculatedIncomeNonControlling": -2400000, "calculatedEbitda": -4100000}, {"date": "1987-03-31", "symbol": "QDEL", "reportedCurrency": "USD", "cik": "0001906324", "fillingDate": "1987-03-31", "acceptedDate": "1987-03-31 00:00:00", "calendarYear": "1986", "period": "FY", "revenue": 7500000, "costOfRevenue": 8600000, "grossProfit": -1100000, "grossProfitRatio": -0.1466666667, "researchAndDevelopmentExpenses": 0, "generalAndAdministrativeExpenses": 0, "sellingAndMarketingExpenses": 0, "sellingGeneralAndAdministrativeExpenses": 7200000, "otherExpenses": 0, "operatingExpenses": 7700000, "costAndExpenses": 16300000, "interestIncome": 0, "interestExpense": 0, "depreciationAndAmortization": 500000, "ebitda": -9000000, "ebitdaratio": -1.2, "operatingIncome": -8800000, "operatingIncomeRatio": -1.1733333333, "totalOtherIncomeExpensesNet": 700000, "incomeBeforeTax": -8100000, "incomeBeforeTaxRatio": -1.08, "incomeTaxExpense": -700000, "netIncome": -8100000, "netIncomeRatio": -1.08, "eps": -2.31, "epsdiluted": -2.31, "weightedAverageShsOut": 3506494, "weightedAverageShsOutDil": 3506494, "link": null, "finalLink": null, "calculatedOtherExpenses": 500000, "calculatedOperatingExpenses": 7700000, "calculatedNetInterest": 0, "calculatedOtherIncome": 700000, "calculatedIncomeNonControlling": 700000, "calculatedEbitda": -8300000}, {"date": "1986-03-31", "symbol": "QDEL", "reportedCurrency": "USD", "cik": "0001906324", "fillingDate": "1986-03-31", "acceptedDate": "1986-03-31 00:00:00", "calendarYear": "1985", "period": "FY", "revenue": 9500000, "costOfRevenue": 3600000, "grossProfit": 5900000, "grossProfitRatio": 0.6210526316, "researchAndDevelopmentExpenses": 0, "generalAndAdministrativeExpenses": 0, "sellingAndMarketingExpenses": 0, "sellingGeneralAndAdministrativeExpenses": 5500000, "otherExpenses": 0, "operatingExpenses": 6000000, "costAndExpenses": 9600000, "interestIncome": 0, "interestExpense": 0, "depreciationAndAmortization": 500000, "ebitda": 200000, "ebitdaratio": 0.0210526316, "operatingIncome": -100000, "operatingIncomeRatio": -0.0105263158, "totalOtherIncomeExpensesNet": 200000, "incomeBeforeTax": 100000, "incomeBeforeTaxRatio": 0.0105263158, "incomeTaxExpense": 0, "netIncome": -100000, "netIncomeRatio": -0.0105263158, "eps": -0.03, "epsdiluted": -0.03, "weightedAverageShsOut": 3333333, "weightedAverageShsOutDil": 3333333, "link": null, "finalLink": null, "calculatedOtherExpenses": 500000, "calculatedOperatingExpenses": 6000000, "calculatedNetInterest": 0, "calculatedOtherIncome": 200000, "calculatedIncomeNonControlling": 200000, "calculatedEbitda": 400000}]}