{"originalCurrency": "USD", "convertedCurrency": "USD", "report": [{"date": "2023-12-31", "symbol": "QLYS", "reportedCurrency": "USD", "cik": "0001107843", "fillingDate": "2024-02-22", "acceptedDate": "2024-02-22 17:07:54", "calendarYear": "2023", "period": "FY", "revenue": 554458000, "costOfRevenue": 107585000, "grossProfit": 446873000, "grossProfitRatio": 0.8059636618, "researchAndDevelopmentExpenses": 110372000, "generalAndAdministrativeExpenses": 61741000, "sellingAndMarketingExpenses": 111691000, "sellingGeneralAndAdministrativeExpenses": 173432000, "otherExpenses": -626000, "operatingExpenses": 283804000, "costAndExpenses": 391389000, "interestIncome": 16905000, "interestExpense": 0, "depreciationAndAmortization": 26991000, "ebitda": 190060000, "ebitdaratio": 0.3427852065, "operatingIncome": 163069000, "operatingIncomeRatio": 0.2941052343, "totalOtherIncomeExpensesNet": 15582000, "incomeBeforeTax": 178651000, "incomeBeforeTaxRatio": 0.3222083548, "incomeTaxExpense": 27056000, "netIncome": 151595000, "netIncomeRatio": 0.2734111511, "eps": 4.11, "epsdiluted": 4.03, "weightedAverageShsOut": 36879000, "weightedAverageShsOutDil": 37602000, "link": "https://www.sec.gov/Archives/edgar/data/1107843/000110784324000008/0001107843-24-000008-index.htm", "finalLink": "https://www.sec.gov/Archives/edgar/data/1107843/000110784324000008/qlys-20231231.htm", "calculatedOtherExpenses": 0, "calculatedOperatingExpenses": 283804000, "calculatedNetInterest": 16905000, "calculatedOtherIncome": -1323000, "calculatedIncomeNonControlling": 0, "calculatedEbitda": 190060000}, {"date": "2022-12-31", "symbol": "QLYS", "reportedCurrency": "USD", "cik": "0001107843", "fillingDate": "2023-02-23", "acceptedDate": "2023-02-23 16:08:00", "calendarYear": "2022", "period": "FY", "revenue": 489723000, "costOfRevenue": 102788000, "grossProfit": 386935000, "grossProfitRatio": 0.7901099193, "researchAndDevelopmentExpenses": 101186000, "generalAndAdministrativeExpenses": 57981000, "sellingAndMarketingExpenses": 97221000, "sellingGeneralAndAdministrativeExpenses": 155202000, "otherExpenses": -2038000, "operatingExpenses": 256388000, "costAndExpenses": 359176000, "interestIncome": 5191000, "interestExpense": -3153000, "depreciationAndAmortization": 37775000, "ebitda": 168322000, "ebitdaratio": 0.3437085863, "operatingIncome": 130547000, "operatingIncomeRatio": 0.2665731444, "totalOtherIncomeExpensesNet": 3153000, "incomeBeforeTax": 133700000, "incomeBeforeTaxRatio": 0.2730114779, "incomeTaxExpense": 25708000, "netIncome": 107992000, "netIncomeRatio": 0.2205164961, "eps": 2.81, "epsdiluted": 2.74, "weightedAverageShsOut": 38453000, "weightedAverageShsOutDil": 39344000, "link": "https://www.sec.gov/Archives/edgar/data/1107843/000143774923004384/0001437749-23-004384-index.htm", "finalLink": "https://www.sec.gov/Archives/edgar/data/1107843/000143774923004384/qlys20221231_10k.htm", "calculatedOtherExpenses": 0, "calculatedOperatingExpenses": 256388000, "calculatedNetInterest": 8344000, "calculatedOtherIncome": -5191000, "calculatedIncomeNonControlling": 0, "calculatedEbitda": 168322000}, {"date": "2021-12-31", "symbol": "QLYS", "reportedCurrency": "USD", "cik": "0001107843", "fillingDate": "2022-02-22", "acceptedDate": "2022-02-22 16:31:19", "calendarYear": "2021", "period": "FY", "revenue": 411172000, "costOfRevenue": 89439000, "grossProfit": 321733000, "grossProfitRatio": 0.7824778925, "researchAndDevelopmentExpenses": 81289000, "generalAndAdministrativeExpenses": 76274000, "sellingAndMarketingExpenses": 76487000, "sellingGeneralAndAdministrativeExpenses": 152761000, "otherExpenses": -573000, "operatingExpenses": 234050000, "costAndExpenses": 323489000, "interestIncome": 2287000, "interestExpense": 0, "depreciationAndAmortization": 37611000, "ebitda": 125294000, "ebitdaratio": 0.3047240571, "operatingIncome": 87683000, "operatingIncomeRatio": 0.2132513887, "totalOtherIncomeExpensesNet": 1714000, "incomeBeforeTax": 89397000, "incomeBeforeTaxRatio": 0.2174199605, "incomeTaxExpense": 18437000, "netIncome": 70960000, "netIncomeRatio": 0.1725798449, "eps": 1.82, "epsdiluted": 1.77, "weightedAverageShsOut": 39030000, "weightedAverageShsOutDil": 40118000, "link": "https://www.sec.gov/Archives/edgar/data/1107843/000143774922004075/0001437749-22-004075-index.htm", "finalLink": "https://www.sec.gov/Archives/edgar/data/1107843/000143774922004075/qlys20211231_10k.htm", "calculatedOtherExpenses": 0, "calculatedOperatingExpenses": 234050000, "calculatedNetInterest": 2287000, "calculatedOtherIncome": -573000, "calculatedIncomeNonControlling": 0, "calculatedEbitda": 125294000}, {"date": "2020-12-31", "symbol": "QLYS", "reportedCurrency": "USD", "cik": "0001107843", "fillingDate": "2021-02-22", "acceptedDate": "2021-02-22 17:01:27", "calendarYear": "2020", "period": "FY", "revenue": 362963000, "costOfRevenue": 79226000, "grossProfit": 283737000, "grossProfitRatio": 0.781724308, "researchAndDevelopmentExpenses": 72548000, "generalAndAdministrativeExpenses": 46570000, "sellingAndMarketingExpenses": 67965000, "sellingGeneralAndAdministrativeExpenses": 114535000, "otherExpenses": 7000, "operatingExpenses": 187083000, "costAndExpenses": 266309000, "interestIncome": 5385000, "interestExpense": 9000, "depreciationAndAmortization": 38237000, "ebitda": 134891000, "ebitdaratio": 0.3716384315, "operatingIncome": 96654000, "operatingIncomeRatio": 0.2662916055, "totalOtherIncomeExpensesNet": 5383000, "incomeBeforeTax": 102037000, "incomeBeforeTaxRatio": 0.2811223183, "incomeTaxExpense": 10465000, "netIncome": 91572000, "netIncomeRatio": 0.2522901783, "eps": 2.34, "epsdiluted": 2.24, "weightedAverageShsOut": 39167000, "weightedAverageShsOutDil": 40823000, "link": "https://www.sec.gov/Archives/edgar/data/1107843/000143774921003648/0001437749-21-003648-index.htm", "finalLink": "https://www.sec.gov/Archives/edgar/data/1107843/000143774921003648/qlys20201231_10k.htm", "calculatedOtherExpenses": 0, "calculatedOperatingExpenses": 187083000, "calculatedNetInterest": 5376000, "calculatedOtherIncome": 7000, "calculatedIncomeNonControlling": 0, "calculatedEbitda": 134891000}, {"date": "2019-12-31", "symbol": "QLYS", "reportedCurrency": "USD", "cik": "0001107843", "fillingDate": "2020-02-21", "acceptedDate": "2020-02-21 16:41:41", "calendarYear": "2019", "period": "FY", "revenue": 321607000, "costOfRevenue": 69517000, "grossProfit": 252090000, "grossProfitRatio": 0.783844879, "researchAndDevelopmentExpenses": 68239000, "generalAndAdministrativeExpenses": 40765000, "sellingAndMarketingExpenses": 70833000, "sellingGeneralAndAdministrativeExpenses": 111598000, "otherExpenses": -607000, "operatingExpenses": 179837000, "costAndExpenses": 249354000, "interestIncome": 8443000, "interestExpense": 106000, "depreciationAndAmortization": 39037000, "ebitda": 111290000, "ebitdaratio": 0.346043463, "operatingIncome": 72253000, "operatingIncomeRatio": 0.2246623985, "totalOtherIncomeExpensesNet": 7730000, "incomeBeforeTax": 79983000, "incomeBeforeTaxRatio": 0.248697945, "incomeTaxExpense": 10647000, "netIncome": 69336000, "netIncomeRatio": 0.2155923223, "eps": 1.77, "epsdiluted": 1.68, "weightedAverageShsOut": 39075000, "weightedAverageShsOutDil": 41345000, "link": "https://www.sec.gov/Archives/edgar/data/1107843/000162828020001963/0001628280-20-001963-index.htm", "finalLink": "https://www.sec.gov/Archives/edgar/data/1107843/000162828020001963/qlys-2019x1231x10kq412.htm", "calculatedOtherExpenses": 0, "calculatedOperatingExpenses": 179837000, "calculatedNetInterest": 8337000, "calculatedOtherIncome": -607000, "calculatedIncomeNonControlling": 0, "calculatedEbitda": 111290000}, {"date": "2018-12-31", "symbol": "QLYS", "reportedCurrency": "USD", "cik": "0001107843", "fillingDate": "2019-02-27", "acceptedDate": "2019-02-27 14:11:44", "calendarYear": "2018", "period": "FY", "revenue": 278889000, "costOfRevenue": 66185000, "grossProfit": 212704000, "grossProfitRatio": 0.7626833615, "researchAndDevelopmentExpenses": 53255000, "generalAndAdministrativeExpenses": 39049000, "sellingAndMarketingExpenses": 70039000, "sellingGeneralAndAdministrativeExpenses": 109088000, "otherExpenses": -801000, "operatingExpenses": 162343000, "costAndExpenses": 228528000, "interestIncome": 6080000, "interestExpense": 172000, "depreciationAndAmortization": 28905000, "ebitda": 84545000, "ebitdaratio": 0.3031492816, "operatingIncome": 50361000, "operatingIncomeRatio": 0.1805772189, "totalOtherIncomeExpensesNet": -801000, "incomeBeforeTax": 55468000, "incomeBeforeTaxRatio": 0.1988891638, "incomeTaxExpense": -1836000, "netIncome": 57304000, "netIncomeRatio": 0.2054724281, "eps": 1.37, "epsdiluted": 1.37, "weightedAverageShsOut": 41827737, "weightedAverageShsOutDil": 41897000, "link": "https://www.sec.gov/Archives/edgar/data/1107843/000162828019002099/0001628280-19-002099-index.htm", "finalLink": "https://www.sec.gov/Archives/edgar/data/1107843/000162828019002099/qlys-2018x1231x10k.htm", "calculatedOtherExpenses": 0, "calculatedOperatingExpenses": 162343000, "calculatedNetInterest": 5908000, "calculatedOtherIncome": -801000, "calculatedIncomeNonControlling": 0, "calculatedEbitda": 79266000}, {"date": "2017-12-31", "symbol": "QLYS", "reportedCurrency": "USD", "cik": "0001107843", "fillingDate": "2018-02-23", "acceptedDate": "2018-02-23 16:28:10", "calendarYear": "2017", "period": "FY", "revenue": 230828000, "costOfRevenue": 51580000, "grossProfit": 179248000, "grossProfitRatio": 0.7765435736, "researchAndDevelopmentExpenses": 42816000, "generalAndAdministrativeExpenses": 35334000, "sellingAndMarketingExpenses": 63855000, "sellingGeneralAndAdministrativeExpenses": 99189000, "otherExpenses": -536000, "operatingExpenses": 142005000, "costAndExpenses": 193585000, "interestIncome": 2674000, "interestExpense": 3000, "depreciationAndAmortization": 20636000, "ebitda": 60017000, "ebitdaratio": 0.2600074514, "operatingIncome": 37243000, "operatingIncomeRatio": 0.1613452441, "totalOtherIncomeExpensesNet": -536000, "incomeBeforeTax": 39378000, "incomeBeforeTaxRatio": 0.1705945553, "incomeTaxExpense": -1062000, "netIncome": 40440000, "netIncomeRatio": 0.1751953836, "eps": 1.08, "epsdiluted": 1.01, "weightedAverageShsOut": 37443000, "weightedAverageShsOutDil": 40071000, "link": "https://www.sec.gov/Archives/edgar/data/1107843/000110784318000003/0001107843-18-000003-index.htm", "finalLink": "https://www.sec.gov/Archives/edgar/data/1107843/000110784318000003/qlys-2017x1231x10k.htm", "calculatedOtherExpenses": 0, "calculatedOperatingExpenses": 142005000, "calculatedNetInterest": 2671000, "calculatedOtherIncome": -536000, "calculatedIncomeNonControlling": 0, "calculatedEbitda": 57879000}, {"date": "2016-12-31", "symbol": "QLYS", "reportedCurrency": "USD", "cik": "0001107843", "fillingDate": "2017-02-24", "acceptedDate": "2017-02-24 16:19:38", "calendarYear": "2016", "period": "FY", "revenue": 197925000, "costOfRevenue": 42473000, "grossProfit": 155452000, "grossProfitRatio": 0.7854086144, "researchAndDevelopmentExpenses": 35267000, "generalAndAdministrativeExpenses": 32108000, "sellingAndMarketingExpenses": 57970000, "sellingGeneralAndAdministrativeExpenses": 90078000, "otherExpenses": -972000, "operatingExpenses": 125345000, "costAndExpenses": 167818000, "interestIncome": 1320000, "interestExpense": 26000, "depreciationAndAmortization": 16994000, "ebitda": 47449000, "ebitdaratio": 0.2397322218, "operatingIncome": 30107000, "operatingIncomeRatio": 0.1521131742, "totalOtherIncomeExpensesNet": -972000, "incomeBeforeTax": 30429000, "incomeBeforeTaxRatio": 0.1537400531, "incomeTaxExpense": 11205000, "netIncome": 19224000, "netIncomeRatio": 0.0971276999, "eps": 0.55, "epsdiluted": 0.5, "weightedAverageShsOut": 35247000, "weightedAverageShsOutDil": 38369000, "link": "https://www.sec.gov/Archives/edgar/data/1107843/000110784317000003/0001107843-17-000003-index.htm", "finalLink": "https://www.sec.gov/Archives/edgar/data/1107843/000110784317000003/qlys-2016x1231x10k.htm", "calculatedOtherExpenses": 0, "calculatedOperatingExpenses": 125345000, "calculatedNetInterest": 1294000, "calculatedOtherIncome": -972000, "calculatedIncomeNonControlling": 0, "calculatedEbitda": 47101000}, {"date": "2015-12-31", "symbol": "QLYS", "reportedCurrency": "USD", "cik": "0001107843", "fillingDate": "2016-02-26", "acceptedDate": "2016-02-25 19:30:06", "calendarYear": "2015", "period": "FY", "revenue": 164284000, "costOfRevenue": 33885000, "grossProfit": 130399000, "grossProfitRatio": 0.793741326, "researchAndDevelopmentExpenses": 29451000, "generalAndAdministrativeExpenses": 26573000, "sellingAndMarketingExpenses": 49569000, "sellingGeneralAndAdministrativeExpenses": 76142000, "otherExpenses": -850000, "operatingExpenses": 105593000, "costAndExpenses": 139478000, "interestIncome": 570000, "interestExpense": 6000, "depreciationAndAmortization": 14360000, "ebitda": 38886000, "ebitdaratio": 0.2366998612, "operatingIncome": 24806000, "operatingIncomeRatio": 0.1509946191, "totalOtherIncomeExpensesNet": -850000, "incomeBeforeTax": 24520000, "incomeBeforeTaxRatio": 0.1492537313, "incomeTaxExpense": 8655000, "netIncome": 15865000, "netIncomeRatio": 0.0965705729, "eps": 0.47, "epsdiluted": 0.42, "weightedAverageShsOut": 34050000, "weightedAverageShsOutDil": 38184000, "link": "https://www.sec.gov/Archives/edgar/data/1107843/000110784316000022/0001107843-16-000022-index.htm", "finalLink": "https://www.sec.gov/Archives/edgar/data/1107843/000110784316000022/qlys-2015x1231x10kq42015.htm", "calculatedOtherExpenses": 0, "calculatedOperatingExpenses": 105593000, "calculatedNetInterest": 564000, "calculatedOtherIncome": -850000, "calculatedIncomeNonControlling": 0, "calculatedEbitda": 39166000}, {"date": "2014-12-31", "symbol": "QLYS", "reportedCurrency": "USD", "cik": "0001107843", "fillingDate": "2015-03-06", "acceptedDate": "2015-03-06 16:52:26", "calendarYear": "2014", "period": "FY", "revenue": 133579000, "costOfRevenue": 28963000, "grossProfit": 104616000, "grossProfitRatio": 0.7831769964, "researchAndDevelopmentExpenses": 26320000, "generalAndAdministrativeExpenses": 21000000, "sellingAndMarketingExpenses": 48049000, "sellingGeneralAndAdministrativeExpenses": 69049000, "otherExpenses": -1077000, "operatingExpenses": 95369000, "costAndExpenses": 124332000, "interestIncome": 452000, "interestExpense": 9000, "depreciationAndAmortization": 11897000, "ebitda": 20519000, "ebitdaratio": 0.1536094745, "operatingIncome": 9247000, "operatingIncomeRatio": 0.069224953, "totalOtherIncomeExpensesNet": -1077000, "incomeBeforeTax": 8613000, "incomeBeforeTaxRatio": 0.064478698, "incomeTaxExpense": -21631000, "netIncome": 30244000, "netIncomeRatio": 0.2264128344, "eps": 0.92, "epsdiluted": 0.81, "weightedAverageShsOut": 32979000, "weightedAverageShsOutDil": 37170000, "link": "https://www.sec.gov/Archives/edgar/data/1107843/000110784315000003/0001107843-15-000003-index.htm", "finalLink": "https://www.sec.gov/Archives/edgar/data/1107843/000110784315000003/qlys-2014x1231x10kq42014.htm", "calculatedOtherExpenses": 0, "calculatedOperatingExpenses": 95369000, "calculatedNetInterest": 443000, "calculatedOtherIncome": -1077000, "calculatedIncomeNonControlling": 0, "calculatedEbitda": 21144000}, {"date": "2013-12-31", "symbol": "QLYS", "reportedCurrency": "USD", "cik": "0001107843", "fillingDate": "2014-02-28", "acceptedDate": "2014-02-27 19:44:24", "calendarYear": "2013", "period": "FY", "revenue": 107962000, "costOfRevenue": 24660000, "grossProfit": 83302000, "grossProfitRatio": 0.7715862989, "researchAndDevelopmentExpenses": 21678000, "generalAndAdministrativeExpenses": 16792000, "sellingAndMarketingExpenses": 42523000, "sellingGeneralAndAdministrativeExpenses": 59315000, "otherExpenses": -517000, "operatingExpenses": 80993000, "costAndExpenses": 105653000, "interestIncome": 375000, "interestExpense": 43000, "depreciationAndAmortization": 9612000, "ebitda": 11779000, "ebitdaratio": 0.109103203, "operatingIncome": 2309000, "operatingIncomeRatio": 0.0213871547, "totalOtherIncomeExpensesNet": -517000, "incomeBeforeTax": 2124000, "incomeBeforeTaxRatio": 0.0196735889, "incomeTaxExpense": 500000, "netIncome": 1624000, "netIncomeRatio": 0.0150423297, "eps": 0.05, "epsdiluted": 0.05, "weightedAverageShsOut": 31914000, "weightedAverageShsOutDil": 35973000, "link": "https://www.sec.gov/Archives/edgar/data/1107843/000110784314000004/0001107843-14-000004-index.htm", "finalLink": "https://www.sec.gov/Archives/edgar/data/1107843/000110784314000004/qlys-2013x1231x10k.htm", "calculatedOtherExpenses": 0, "calculatedOperatingExpenses": 80993000, "calculatedNetInterest": 332000, "calculatedOtherIncome": -517000, "calculatedIncomeNonControlling": 0, "calculatedEbitda": 11921000}, {"date": "2012-12-31", "symbol": "QLYS", "reportedCurrency": "USD", "cik": "0001107843", "fillingDate": "2013-03-05", "acceptedDate": "2013-03-05 16:52:16", "calendarYear": "2012", "period": "FY", "revenue": 91420000, "costOfRevenue": 18404000, "grossProfit": 73016000, "grossProfitRatio": 0.7986873769, "researchAndDevelopmentExpenses": 20195000, "generalAndAdministrativeExpenses": 12079000, "sellingAndMarketingExpenses": 37738000, "sellingGeneralAndAdministrativeExpenses": 49817000, "otherExpenses": -188000, "operatingExpenses": 70012000, "costAndExpenses": 88416000, "interestIncome": 14000, "interestExpense": 192000, "depreciationAndAmortization": 7341000, "ebitda": 10171000, "ebitdaratio": 0.1112557427, "operatingIncome": 3004000, "operatingIncomeRatio": 0.0328593306, "totalOtherIncomeExpensesNet": -188000, "incomeBeforeTax": 2638000, "incomeBeforeTaxRatio": 0.0288558302, "incomeTaxExpense": 358000, "netIncome": 2280000, "netIncomeRatio": 0.0249398381, "eps": 0.09, "epsdiluted": 0.08, "weightedAverageShsOut": 11891000, "weightedAverageShsOutDil": 28352000, "link": "https://www.sec.gov/Archives/edgar/data/1107843/000110784313000003/0001107843-13-000003-index.htm", "finalLink": "https://www.sec.gov/Archives/edgar/data/1107843/000110784313000003/qlys-2012x1231x10k.htm", "calculatedOtherExpenses": 0, "calculatedOperatingExpenses": 70012000, "calculatedNetInterest": -178000, "calculatedOtherIncome": -188000, "calculatedIncomeNonControlling": 0, "calculatedEbitda": 10345000}, {"date": "2011-12-31", "symbol": "QLYS", "reportedCurrency": "USD", "cik": "0001107843", "fillingDate": "2011-12-31", "acceptedDate": "2011-12-30 19:00:00", "calendarYear": "2011", "period": "FY", "revenue": 76212000, "costOfRevenue": 13247000, "grossProfit": 62965000, "grossProfitRatio": 0.8261822285, "researchAndDevelopmentExpenses": 19633000, "generalAndAdministrativeExpenses": 8900000, "sellingAndMarketingExpenses": 31526000, "sellingGeneralAndAdministrativeExpenses": 40426000, "otherExpenses": -8000, "operatingExpenses": 60059000, "costAndExpenses": 73306000, "interestIncome": 14000, "interestExpense": 204000, "depreciationAndAmortization": 5373000, "ebitda": 8285000, "ebitdaratio": 0.1087099144, "operatingIncome": 2906000, "operatingIncomeRatio": 0.0381304781, "totalOtherIncomeExpensesNet": -346000, "incomeBeforeTax": 2370000, "incomeBeforeTaxRatio": 0.031097465, "incomeTaxExpense": 416000, "netIncome": 1954000, "netIncomeRatio": 0.025639007, "eps": 0.0809, "epsdiluted": 0.0809, "weightedAverageShsOut": 5392000, "weightedAverageShsOutDil": 5392000, "link": "", "finalLink": "", "calculatedOtherExpenses": 0, "calculatedOperatingExpenses": 60059000, "calculatedNetInterest": -190000, "calculatedOtherIncome": -346000, "calculatedIncomeNonControlling": 0, "calculatedEbitda": 8279000}, {"date": "2010-12-31", "symbol": "QLYS", "reportedCurrency": "USD", "cik": "0001107843", "fillingDate": "2010-12-31", "acceptedDate": "2010-12-30 19:00:00", "calendarYear": "2010", "period": "FY", "revenue": 65432000, "costOfRevenue": 11204000, "grossProfit": 54228000, "grossProfitRatio": 0.8287687981, "researchAndDevelopmentExpenses": 15780000, "generalAndAdministrativeExpenses": 8183000, "sellingAndMarketingExpenses": 29056000, "sellingGeneralAndAdministrativeExpenses": 37239000, "otherExpenses": -11000, "operatingExpenses": 53019000, "costAndExpenses": 64223000, "interestIncome": 3000, "interestExpense": 186000, "depreciationAndAmortization": 4569000, "ebitda": 5770000, "ebitdaratio": 0.088183152, "operatingIncome": 1209000, "operatingIncomeRatio": 0.0184771977, "totalOtherIncomeExpensesNet": -383000, "incomeBeforeTax": 643000, "incomeBeforeTaxRatio": 0.009826996, "incomeTaxExpense": -204000, "netIncome": 847000, "netIncomeRatio": 0.0129447365, "eps": 0.0332, "epsdiluted": 0.0332, "weightedAverageShsOut": 5392000, "weightedAverageShsOutDil": 5392000, "link": "", "finalLink": "", "calculatedOtherExpenses": 0, "calculatedOperatingExpenses": 53019000, "calculatedNetInterest": -183000, "calculatedOtherIncome": -383000, "calculatedIncomeNonControlling": 0, "calculatedEbitda": 5778000}, {"date": "2009-12-31", "symbol": "QLYS", "reportedCurrency": "USD", "cik": "0001107843", "fillingDate": "2009-12-31", "acceptedDate": "2009-12-30 19:00:00", "calendarYear": "2009", "period": "FY", "revenue": 57425000, "costOfRevenue": 10692000, "grossProfit": 46733000, "grossProfitRatio": 0.8138093165, "researchAndDevelopmentExpenses": 13377000, "generalAndAdministrativeExpenses": 7455000, "sellingAndMarketingExpenses": 24782000, "sellingGeneralAndAdministrativeExpenses": 32237000, "otherExpenses": 2000, "operatingExpenses": 45614000, "costAndExpenses": 56306000, "interestIncome": 10000, "interestExpense": 180000, "depreciationAndAmortization": 3923000, "ebitda": 5054000, "ebitdaratio": 0.0880104484, "operatingIncome": 1119000, "operatingIncomeRatio": 0.0194862865, "totalOtherIncomeExpensesNet": 130000, "incomeBeforeTax": 1079000, "incomeBeforeTaxRatio": 0.0187897257, "incomeTaxExpense": 220000, "netIncome": 859000, "netIncomeRatio": 0.0149586417, "eps": 0.0379, "epsdiluted": 0.0355, "weightedAverageShsOut": 22643000, "weightedAverageShsOutDil": 24194000, "link": "", "finalLink": "", "calculatedOtherExpenses": 0, "calculatedOperatingExpenses": 45614000, "calculatedNetInterest": -170000, "calculatedOtherIncome": 130000, "calculatedIncomeNonControlling": 0, "calculatedEbitda": 5042000}]}