{"originalCurrency": "USD", "convertedCurrency": "USD", "report": [{"date": "2023-12-31", "symbol": "QRTEP", "reportedCurrency": "USD", "cik": "0001355096", "fillingDate": "2024-02-28", "acceptedDate": "2024-02-28 17:10:41", "calendarYear": "2023", "period": "FY", "revenue": 10915000000, "costOfRevenue": 8432000000, "grossProfit": 2483000000, "grossProfitRatio": 0.2274851122, "researchAndDevelopmentExpenses": 0, "generalAndAdministrativeExpenses": 1360000000, "sellingAndMarketingExpenses": 509000000, "sellingGeneralAndAdministrativeExpenses": 1869000000, "otherExpenses": 0, "operatingExpenses": 1869000000, "costAndExpenses": 10301000000, "interestIncome": 52000000, "interestExpense": 451000000, "depreciationAndAmortization": 407000000, "ebitda": 1021000000, "ebitdaratio": 0.0935409986, "operatingIncome": 614000000, "operatingIncomeRatio": 0.056252863, "totalOtherIncomeExpensesNet": -548000000, "incomeBeforeTax": 66000000, "incomeBeforeTaxRatio": 0.0060467247, "incomeTaxExpense": 160000000, "netIncome": -145000000, "netIncomeRatio": -0.0132844709, "eps": -0.37, "epsdiluted": -0.37, "weightedAverageShsOut": 387000000, "weightedAverageShsOutDil": 387000000, "link": "https://www.sec.gov/Archives/edgar/data/1355096/000155837024002032/0001558370-24-002032-index.htm", "finalLink": "https://www.sec.gov/Archives/edgar/data/1355096/000155837024002032/qrtea-20231231x10k.htm", "calculatedOtherExpenses": 0, "calculatedOperatingExpenses": 1869000000, "calculatedNetInterest": -399000000, "calculatedOtherIncome": -149000000, "calculatedIncomeNonControlling": 51000000, "calculatedEbitda": 1021000000}, {"date": "2022-12-31", "symbol": "QRTEP", "reportedCurrency": "USD", "cik": "0001355096", "fillingDate": "2023-03-01", "acceptedDate": "2023-03-01 16:13:43", "calendarYear": "2022", "period": "FY", "revenue": 12106000000, "costOfRevenue": 8417000000, "grossProfit": 3689000000, "grossProfitRatio": 0.3047249298, "researchAndDevelopmentExpenses": 0, "generalAndAdministrativeExpenses": 1397000000, "sellingAndMarketingExpenses": 548000000, "sellingGeneralAndAdministrativeExpenses": 1945000000, "otherExpenses": 796000000, "operatingExpenses": 2741000000, "costAndExpenses": 11158000000, "interestIncome": 456000000, "interestExpense": 456000000, "depreciationAndAmortization": 481000000, "ebitda": 1577000000, "ebitdaratio": 0.1302659838, "operatingIncome": 1096000000, "operatingIncomeRatio": 0.0905336197, "totalOtherIncomeExpensesNet": -3404000000, "incomeBeforeTax": -2308000000, "incomeBeforeTaxRatio": -0.1906492648, "incomeTaxExpense": 224000000, "netIncome": -2532000000, "netIncomeRatio": -0.2091524864, "eps": -6.66, "epsdiluted": -6.66, "weightedAverageShsOut": 380000000, "weightedAverageShsOutDil": 380000000, "link": "https://www.sec.gov/Archives/edgar/data/1355096/000155837023002572/0001558370-23-002572-index.htm", "finalLink": "https://www.sec.gov/Archives/edgar/data/1355096/000155837023002572/qrtea-20221231x10k.htm", "calculatedOtherExpenses": 648000000, "calculatedOperatingExpenses": 2593000000, "calculatedNetInterest": 0, "calculatedOtherIncome": -3404000000, "calculatedIncomeNonControlling": 0, "calculatedEbitda": 1577000000}, {"date": "2021-12-31", "symbol": "QRTEP", "reportedCurrency": "USD", "cik": "0001355096", "fillingDate": "2022-02-25", "acceptedDate": "2022-02-25 16:47:40", "calendarYear": "2021", "period": "FY", "revenue": 14044000000, "costOfRevenue": 9231000000, "grossProfit": 4813000000, "grossProfitRatio": 0.34270863, "researchAndDevelopmentExpenses": 0, "generalAndAdministrativeExpenses": 1370000000, "sellingAndMarketingExpenses": 560000000, "sellingGeneralAndAdministrativeExpenses": 1930000000, "otherExpenses": 1412000000, "operatingExpenses": 3342000000, "costAndExpenses": 12573000000, "interestIncome": 468000000, "interestExpense": 468000000, "depreciationAndAmortization": 841000000, "ebitda": 1928000000, "ebitdaratio": 0.1372828254, "operatingIncome": 1087000000, "operatingIncomeRatio": 0.0773996013, "totalOtherIncomeExpensesNet": -449000000, "incomeBeforeTax": 638000000, "incomeBeforeTaxRatio": 0.0454286528, "incomeTaxExpense": 217000000, "netIncome": 340000000, "netIncomeRatio": 0.0242096269, "eps": 0.84, "epsdiluted": 0.82, "weightedAverageShsOut": 403000000, "weightedAverageShsOutDil": 415000000, "link": "https://www.sec.gov/Archives/edgar/data/1355096/000155837022002174/0001558370-22-002174-index.htm", "finalLink": "https://www.sec.gov/Archives/edgar/data/1355096/000155837022002174/qrtea-20211231x10k.htm", "calculatedOtherExpenses": 1796000000, "calculatedOperatingExpenses": 3726000000, "calculatedNetInterest": 0, "calculatedOtherIncome": -449000000, "calculatedIncomeNonControlling": 81000000, "calculatedEbitda": 1928000000}, {"date": "2020-12-31", "symbol": "QRTEP", "reportedCurrency": "USD", "cik": "0001355096", "fillingDate": "2021-02-26", "acceptedDate": "2021-02-26 14:54:01", "calendarYear": "2020", "period": "FY", "revenue": 14177000000, "costOfRevenue": 9291000000, "grossProfit": 4886000000, "grossProfitRatio": 0.3446427312, "researchAndDevelopmentExpenses": 0, "generalAndAdministrativeExpenses": 1445000000, "sellingAndMarketingExpenses": 440000000, "sellingGeneralAndAdministrativeExpenses": 1885000000, "otherExpenses": 1429000000, "operatingExpenses": 3314000000, "costAndExpenses": 12605000000, "interestIncome": 408000000, "interestExpense": 408000000, "depreciationAndAmortization": 559000000, "ebitda": 2131000000, "ebitdaratio": 0.1503138887, "operatingIncome": 1572000000, "operatingIncomeRatio": 0.1108838259, "totalOtherIncomeExpensesNet": -521000000, "incomeBeforeTax": 1051000000, "incomeBeforeTaxRatio": 0.074134161, "incomeTaxExpense": -211000000, "netIncome": 1196000000, "netIncomeRatio": 0.0843619948, "eps": 2.89, "epsdiluted": 2.86, "weightedAverageShsOut": 416000000, "weightedAverageShsOutDil": 421000000, "link": "https://www.sec.gov/Archives/edgar/data/1355096/000155837021001983/0001558370-21-001983-index.htm", "finalLink": "https://www.sec.gov/Archives/edgar/data/1355096/000155837021001983/qrtea-20201231x10k.htm", "calculatedOtherExpenses": 1429000000, "calculatedOperatingExpenses": 3314000000, "calculatedNetInterest": 0, "calculatedOtherIncome": -521000000, "calculatedIncomeNonControlling": 66000000, "calculatedEbitda": 2131000000}, {"date": "2019-12-31", "symbol": "QRTEP", "reportedCurrency": "USD", "cik": "0001355096", "fillingDate": "2020-02-26", "acceptedDate": "2020-02-26 16:58:24", "calendarYear": "2019", "period": "FY", "revenue": 13458000000, "costOfRevenue": 8899000000, "grossProfit": 4559000000, "grossProfitRatio": 0.3387576163, "researchAndDevelopmentExpenses": 0, "generalAndAdministrativeExpenses": 0, "sellingAndMarketingExpenses": 0, "sellingGeneralAndAdministrativeExpenses": 1758000000, "otherExpenses": 1450000000, "operatingExpenses": 3208000000, "costAndExpenses": 12107000000, "interestIncome": 374000000, "interestExpense": 374000000, "depreciationAndAmortization": 606000000, "ebitda": 1776000000, "ebitdaratio": 0.1319661168, "operatingIncome": 1170000000, "operatingIncomeRatio": 0.0869371378, "totalOtherIncomeExpensesNet": -1792000000, "incomeBeforeTax": -622000000, "incomeBeforeTaxRatio": -0.046217863, "incomeTaxExpense": -217000000, "netIncome": -405000000, "netIncomeRatio": -0.0300936246, "eps": -0.96, "epsdiluted": -0.96, "weightedAverageShsOut": 424000000, "weightedAverageShsOutDil": 424000000, "link": "https://www.sec.gov/Archives/edgar/data/1355096/000155837020001490/0001558370-20-001490-index.htm", "finalLink": "https://www.sec.gov/Archives/edgar/data/1355096/000155837020001490/qrtea-20191231x10k0d5b30.htm", "calculatedOtherExpenses": 1631000000, "calculatedOperatingExpenses": 3389000000, "calculatedNetInterest": 0, "calculatedOtherIncome": -1792000000, "calculatedIncomeNonControlling": 0, "calculatedEbitda": 1776000000}, {"date": "2018-12-31", "symbol": "QRTEP", "reportedCurrency": "USD", "cik": "0001355096", "fillingDate": "2019-02-28", "acceptedDate": "2019-02-28 17:02:52", "calendarYear": "2018", "period": "FY", "revenue": 14070000000, "costOfRevenue": 9209000000, "grossProfit": 4861000000, "grossProfitRatio": 0.3454868515, "researchAndDevelopmentExpenses": 0, "generalAndAdministrativeExpenses": 0, "sellingAndMarketingExpenses": 0, "sellingGeneralAndAdministrativeExpenses": 1897000000, "otherExpenses": 26000000, "operatingExpenses": 3504000000, "costAndExpenses": 12713000000, "interestIncome": 0, "interestExpense": 381000000, "depreciationAndAmortization": 637000000, "ebitda": 1858000000, "ebitdaratio": 0.1320540156, "operatingIncome": 1324000000, "operatingIncomeRatio": 0.094100924, "totalOtherIncomeExpensesNet": -93000000, "incomeBeforeTax": 883000000, "incomeBeforeTaxRatio": 0.0627576404, "incomeTaxExpense": 60000000, "netIncome": 916000000, "netIncomeRatio": 0.0651030561, "eps": 1.98, "epsdiluted": 1.97, "weightedAverageShsOut": 462000000, "weightedAverageShsOutDil": 465000000, "link": "https://www.sec.gov/Archives/edgar/data/1355096/000155837019001344/0001558370-19-001344-index.htm", "finalLink": "https://www.sec.gov/Archives/edgar/data/1355096/000155837019001344/qrte-20181231x10k.htm", "calculatedOtherExpenses": 1640000000, "calculatedOperatingExpenses": 3537000000, "calculatedNetInterest": -381000000, "calculatedOtherIncome": -60000000, "calculatedIncomeNonControlling": -93000000, "calculatedEbitda": 1961000000}, {"date": "2017-12-31", "symbol": "QRTEP", "reportedCurrency": "USD", "cik": "0001355096", "fillingDate": "2018-03-01", "acceptedDate": "2018-03-01 16:52:34", "calendarYear": "2017", "period": "FY", "revenue": 10381000000, "costOfRevenue": 6789000000, "grossProfit": 3592000000, "grossProfitRatio": 0.3460167614, "researchAndDevelopmentExpenses": 0, "generalAndAdministrativeExpenses": 0, "sellingAndMarketingExpenses": 0, "sellingGeneralAndAdministrativeExpenses": 1088000000, "otherExpenses": 406000000, "operatingExpenses": 2457000000, "costAndExpenses": 9246000000, "interestIncome": 0, "interestExpense": 293000000, "depreciationAndAmortization": 721000000, "ebitda": 2300000000, "ebitdaratio": 0.2215586167, "operatingIncome": 1100000000, "operatingIncomeRatio": 0.1059628167, "totalOtherIncomeExpensesNet": 409000000, "incomeBeforeTax": 1251000000, "incomeBeforeTaxRatio": 0.1205086215, "incomeTaxExpense": -3000000, "netIncome": 1208000000, "netIncomeRatio": 0.1163664387, "eps": 2.71, "epsdiluted": 2.7, "weightedAverageShsOut": 445000000, "weightedAverageShsOutDil": 448000000, "link": "https://www.sec.gov/Archives/edgar/data/1355096/000155837018001400/0001558370-18-001400-index.htm", "finalLink": "https://www.sec.gov/Archives/edgar/data/1355096/000155837018001400/lint-20171231x10k.htm", "calculatedOtherExpenses": 1404000000, "calculatedOperatingExpenses": 2492000000, "calculatedNetInterest": -293000000, "calculatedOtherIncome": 444000000, "calculatedIncomeNonControlling": 46000000, "calculatedEbitda": 1821000000}, {"date": "2016-12-31", "symbol": "QRTEP", "reportedCurrency": "USD", "cik": "0001355096", "fillingDate": "2017-02-28", "acceptedDate": "2017-02-28 16:26:06", "calendarYear": "2016", "period": "FY", "revenue": 10219000000, "costOfRevenue": 6642000000, "grossProfit": 3577000000, "grossProfitRatio": 0.3500342499, "researchAndDevelopmentExpenses": 0, "generalAndAdministrativeExpenses": 653000000, "sellingAndMarketingExpenses": 410000000, "sellingGeneralAndAdministrativeExpenses": 1063000000, "otherExpenses": 42000000, "operatingExpenses": 2566000000, "costAndExpenses": 9208000000, "interestIncome": 0, "interestExpense": 289000000, "depreciationAndAmortization": 850000000, "ebitda": 1945000000, "ebitdaratio": 0.190331735, "operatingIncome": 1011000000, "operatingIncomeRatio": 0.0989333594, "totalOtherIncomeExpensesNet": 86000000, "incomeBeforeTax": 808000000, "incomeBeforeTaxRatio": 0.079068402, "incomeTaxExpense": 297000000, "netIncome": 473000000, "netIncomeRatio": 0.0462863294, "eps": 1.03, "epsdiluted": 1.03, "weightedAverageShsOut": 452788129, "weightedAverageShsOutDil": 458364570, "link": "https://www.sec.gov/Archives/edgar/data/1355096/000155837017001150/0001558370-17-001150-index.htm", "finalLink": "https://www.sec.gov/Archives/edgar/data/1355096/000155837017001150/lint-20161231x10k.htm", "calculatedOtherExpenses": 1503000000, "calculatedOperatingExpenses": 2566000000, "calculatedNetInterest": -289000000, "calculatedOtherIncome": 86000000, "calculatedIncomeNonControlling": 38000000, "calculatedEbitda": 1861000000}, {"date": "2015-12-31", "symbol": "QRTEP", "reportedCurrency": "USD", "cik": "0001355096", "fillingDate": "2016-02-26", "acceptedDate": "2016-02-26 17:01:03", "calendarYear": "2015", "period": "FY", "revenue": 9169000000, "costOfRevenue": 5847000000, "grossProfit": 3322000000, "grossProfitRatio": 0.3623077762, "researchAndDevelopmentExpenses": 0, "generalAndAdministrativeExpenses": 620000000, "sellingAndMarketingExpenses": 255000000, "sellingGeneralAndAdministrativeExpenses": 875000000, "otherExpenses": -6000000, "operatingExpenses": 2152000000, "costAndExpenses": 7999000000, "interestIncome": 0, "interestExpense": 283000000, "depreciationAndAmortization": 657000000, "ebitda": 1876000000, "ebitdaratio": 0.2046024648, "operatingIncome": 1170000000, "operatingIncomeRatio": 0.1276038826, "totalOtherIncomeExpensesNet": 91000000, "incomeBeforeTax": 978000000, "incomeBeforeTaxRatio": 0.1066637583, "incomeTaxExpense": 304000000, "netIncome": 640000000, "netIncomeRatio": 0.0698004144, "eps": 1.35, "epsdiluted": 1.35, "weightedAverageShsOut": 475000000, "weightedAverageShsOutDil": 475000000, "link": "https://www.sec.gov/Archives/edgar/data/1355096/000155837016003621/0001558370-16-003621-index.htm", "finalLink": "https://www.sec.gov/Archives/edgar/data/1355096/000155837016003621/lint-20151231x10k.htm", "calculatedOtherExpenses": 1277000000, "calculatedOperatingExpenses": 2152000000, "calculatedNetInterest": -283000000, "calculatedOtherIncome": 91000000, "calculatedIncomeNonControlling": 34000000, "calculatedEbitda": 1827000000}, {"date": "2014-12-31", "symbol": "QRTEP", "reportedCurrency": "USD", "cik": "0001355096", "fillingDate": "2015-02-27", "acceptedDate": "2015-02-26 17:42:04", "calendarYear": "2014", "period": "FY", "revenue": 10028000000, "costOfRevenue": 6378000000, "grossProfit": 3650000000, "grossProfitRatio": 0.3639808536, "researchAndDevelopmentExpenses": 0, "generalAndAdministrativeExpenses": 854000000, "sellingAndMarketingExpenses": 86000000, "sellingGeneralAndAdministrativeExpenses": 940000000, "otherExpenses": -43000000, "operatingExpenses": 2437000000, "costAndExpenses": 8815000000, "interestIncome": 0, "interestExpense": 312000000, "depreciationAndAmortization": 643000000, "ebitda": 1864000000, "ebitdaratio": 0.1858795373, "operatingIncome": 1206000000, "operatingIncomeRatio": 0.1202632629, "totalOtherIncomeExpensesNet": -21000000, "incomeBeforeTax": 880000000, "incomeBeforeTaxRatio": 0.087754288, "incomeTaxExpense": 306000000, "netIncome": 520000000, "netIncomeRatio": 0.0518548065, "eps": 1.07, "epsdiluted": 1.06, "weightedAverageShsOut": 484000000, "weightedAverageShsOutDil": 492000000, "link": "https://www.sec.gov/Archives/edgar/data/1355096/000155837015000204/0001558370-15-000204-index.htm", "finalLink": "https://www.sec.gov/Archives/edgar/data/1355096/000155837015000204/lint-20141231x10k.htm", "calculatedOtherExpenses": 1504000000, "calculatedOperatingExpenses": 2444000000, "calculatedNetInterest": -312000000, "calculatedOtherIncome": -14000000, "calculatedIncomeNonControlling": 54000000, "calculatedEbitda": 1849000000}, {"date": "2013-12-31", "symbol": "QRTEP", "reportedCurrency": "USD", "cik": "0001355096", "fillingDate": "2014-02-28", "acceptedDate": "2014-02-28 15:10:39", "calendarYear": "2013", "period": "FY", "revenue": 10307000000, "costOfRevenue": 6602000000, "grossProfit": 3705000000, "grossProfitRatio": 0.3594644416, "researchAndDevelopmentExpenses": 0, "generalAndAdministrativeExpenses": 876000000, "sellingAndMarketingExpenses": 157000000, "sellingGeneralAndAdministrativeExpenses": 1033000000, "otherExpenses": -54000000, "operatingExpenses": 2541000000, "costAndExpenses": 9143000000, "interestIncome": 0, "interestExpense": 292000000, "depreciationAndAmortization": 632000000, "ebitda": 1790000000, "ebitdaratio": 0.1736683807, "operatingIncome": 1131000000, "operatingIncomeRatio": 0.1097312506, "totalOtherIncomeExpensesNet": -51000000, "incomeBeforeTax": 821000000, "incomeBeforeTaxRatio": 0.0796546037, "incomeTaxExpense": 338000000, "netIncome": 438000000, "netIncomeRatio": 0.0424953915, "eps": 0.85, "epsdiluted": 0.83, "weightedAverageShsOut": 519000000, "weightedAverageShsOutDil": 527000000, "link": "https://www.sec.gov/Archives/edgar/data/1355096/000135509614000015/0001355096-14-000015-index.htm", "finalLink": "https://www.sec.gov/Archives/edgar/data/1355096/000135509614000015/linta_10kx12312013.htm", "calculatedOtherExpenses": 1541000000, "calculatedOperatingExpenses": 2574000000, "calculatedNetInterest": -292000000, "calculatedOtherIncome": -18000000, "calculatedIncomeNonControlling": 45000000, "calculatedEbitda": 1763000000}, {"date": "2012-12-31", "symbol": "QRTEP", "reportedCurrency": "USD", "cik": "0001355096", "fillingDate": "2013-02-28", "acceptedDate": "2013-02-27 18:07:04", "calendarYear": "2012", "period": "FY", "revenue": 10018000000, "costOfRevenue": 6396000000, "grossProfit": 3622000000, "grossProfitRatio": 0.3615492114, "researchAndDevelopmentExpenses": 0, "generalAndAdministrativeExpenses": 833000000, "sellingAndMarketingExpenses": 144000000, "sellingGeneralAndAdministrativeExpenses": 977000000, "otherExpenses": 1573000000, "operatingExpenses": 2406000000, "costAndExpenses": 8802000000, "interestIncome": 0, "interestExpense": 322000000, "depreciationAndAmortization": 596000000, "ebitda": 1840000000, "ebitdaratio": 0.1836693951, "operatingIncome": 1124000000, "operatingIncomeRatio": 0.1121980435, "totalOtherIncomeExpensesNet": -13000000, "incomeBeforeTax": 881000000, "incomeBeforeTaxRatio": 0.0879417049, "incomeTaxExpense": 352000000, "netIncome": 466000000, "netIncomeRatio": 0.0465162707, "eps": 0.86, "epsdiluted": 0.86, "weightedAverageShsOut": 541000347, "weightedAverageShsOutDil": 544952030, "link": "https://www.sec.gov/Archives/edgar/data/1355096/000135509613000007/0001355096-13-000007-index.htm", "finalLink": "https://www.sec.gov/Archives/edgar/data/1355096/000135509613000007/linta_10kx12312012.htm", "calculatedOtherExpenses": 1521000000, "calculatedOperatingExpenses": 2498000000, "calculatedNetInterest": -322000000, "calculatedOtherIncome": 79000000, "calculatedIncomeNonControlling": 63000000, "calculatedEbitda": 1720000000}, {"date": "2011-12-31", "symbol": "QRTEP", "reportedCurrency": "USD", "cik": "0001355096", "fillingDate": "2012-02-23", "acceptedDate": "2012-02-23 17:29:03", "calendarYear": "2011", "period": "FY", "revenue": 9616000000, "costOfRevenue": 6114000000, "grossProfit": 3502000000, "grossProfitRatio": 0.3641846922, "researchAndDevelopmentExpenses": 0, "generalAndAdministrativeExpenses": 0, "sellingAndMarketingExpenses": 0, "sellingGeneralAndAdministrativeExpenses": 1728000000, "otherExpenses": 2369000000, "operatingExpenses": 2369000000, "costAndExpenses": 8483000000, "interestIncome": 0, "interestExpense": 427000000, "depreciationAndAmortization": 641000000, "ebitda": 1914000000, "ebitdaratio": 0.1990432612, "operatingIncome": 1133000000, "operatingIncomeRatio": 0.1178244592, "totalOtherIncomeExpensesNet": 233000000, "incomeBeforeTax": 939000000, "incomeBeforeTaxRatio": 0.0976497504, "incomeTaxExpense": 352000000, "netIncome": 912000000, "netIncomeRatio": 0.0948419301, "eps": 1.56, "epsdiluted": 1.56, "weightedAverageShsOut": 578350833, "weightedAverageShsOutDil": 578350833, "link": "https://www.sec.gov/Archives/edgar/data/1355096/000135509612000005/0001355096-12-000005-index.htm", "finalLink": "https://www.sec.gov/Archives/edgar/data/1355096/000135509612000005/linta_10kx12312011.htm", "calculatedOtherExpenses": 641000000, "calculatedOperatingExpenses": 2369000000, "calculatedNetInterest": -427000000, "calculatedOtherIncome": 233000000, "calculatedIncomeNonControlling": -325000000, "calculatedEbitda": 1774000000}, {"date": "2010-12-31", "symbol": "QRTEP", "reportedCurrency": "USD", "cik": "0001355096", "fillingDate": "2011-02-28", "acceptedDate": "2011-02-28 14:22:03", "calendarYear": "2010", "period": "FY", "revenue": 8932000000, "costOfRevenue": 5705000000, "grossProfit": 3227000000, "grossProfitRatio": 0.3612852665, "researchAndDevelopmentExpenses": 362447000000, "generalAndAdministrativeExpenses": 314109000000, "sellingAndMarketingExpenses": 1204141000000, "sellingGeneralAndAdministrativeExpenses": 1548000000, "otherExpenses": 2119000000, "operatingExpenses": 2119000000, "costAndExpenses": 7824000000, "interestIncome": 4000000, "interestExpense": 585000000, "depreciationAndAmortization": 571000000, "ebitda": 1797000000, "ebitdaratio": 0.2011867443, "operatingIncome": 1108000000, "operatingIncomeRatio": 0.1240483654, "totalOtherIncomeExpensesNet": 571000000, "incomeBeforeTax": 1098000000, "incomeBeforeTaxRatio": 0.1229287953, "incomeTaxExpense": 179000000, "netIncome": 871000000, "netIncomeRatio": 0.0975145544, "eps": 3.21, "epsdiluted": 3.21, "weightedAverageShsOut": 599790083, "weightedAverageShsOutDil": 599790083, "link": "https://www.sec.gov/Archives/edgar/data/1355096/000104746911001521/0001047469-11-001521-index.htm", "finalLink": "https://www.sec.gov/Archives/edgar/data/1355096/000104746911001521/a2202116z10-k.htm", "calculatedOtherExpenses": -361876000000, "calculatedOperatingExpenses": 2119000000, "calculatedNetInterest": -581000000, "calculatedOtherIncome": 571000000, "calculatedIncomeNonControlling": 48000000, "calculatedEbitda": 1679000000}, {"date": "2009-12-31", "symbol": "QRTEP", "reportedCurrency": "USD", "cik": "0001355096", "fillingDate": "2010-02-25", "acceptedDate": "2010-02-25 16:42:32", "calendarYear": "2009", "period": "FY", "revenue": 8305000000, "costOfRevenue": 6084000000, "grossProfit": 2221000000, "grossProfitRatio": 0.2674292595, "researchAndDevelopmentExpenses": 319708000000, "generalAndAdministrativeExpenses": 290484000000, "sellingAndMarketingExpenses": 1027062000000, "sellingGeneralAndAdministrativeExpenses": 614000000, "otherExpenses": 1180000000, "operatingExpenses": 1180000000, "costAndExpenses": 7264000000, "interestIncome": 8000000, "interestExpense": 512000000, "depreciationAndAmortization": 566000000, "ebitda": 1615000000, "ebitdaratio": 0.194461168, "operatingIncome": 1041000000, "operatingIncomeRatio": 0.125346177, "totalOtherIncomeExpensesNet": -86000000, "incomeBeforeTax": 451000000, "incomeBeforeTaxRatio": 0.0543046358, "incomeTaxExpense": 154000000, "netIncome": 258000000, "netIncomeRatio": 0.0310656231, "eps": 0.22, "epsdiluted": 0.22, "weightedAverageShsOut": 1153000000, "weightedAverageShsOutDil": 1157000000, "link": "https://www.sec.gov/Archives/edgar/data/1355096/000104746910001362/0001047469-10-001362-index.htm", "finalLink": "https://www.sec.gov/Archives/edgar/data/1355096/000104746910001362/a2196058z10-k.htm", "calculatedOtherExpenses": -319142000000, "calculatedOperatingExpenses": 1180000000, "calculatedNetInterest": -504000000, "calculatedOtherIncome": -86000000, "calculatedIncomeNonControlling": 39000000, "calculatedEbitda": 1607000000}, {"date": "2008-12-31", "symbol": "QRTEP", "reportedCurrency": "USD", "cik": "0001355096", "fillingDate": "2009-02-27", "acceptedDate": "2009-02-26 20:31:07", "calendarYear": "2008", "period": "FY", "revenue": 8079000000, "costOfRevenue": 5972000000, "grossProfit": 2107000000, "grossProfitRatio": 0.2607996039, "researchAndDevelopmentExpenses": 208952000000, "generalAndAdministrativeExpenses": 355431000000, "sellingAndMarketingExpenses": 1101403000000, "sellingGeneralAndAdministrativeExpenses": 584000000, "otherExpenses": 1203000000, "operatingExpenses": 1203000000, "costAndExpenses": 7175000000, "interestIncome": 22000000, "interestExpense": 473000000, "depreciationAndAmortization": 561000000, "ebitda": 2022000000, "ebitdaratio": 0.2502784998, "operatingIncome": 906000000, "operatingIncomeRatio": 0.1121425919, "totalOtherIncomeExpensesNet": -1749000000, "incomeBeforeTax": -1238000000, "incomeBeforeTaxRatio": -0.1532367867, "incomeTaxExpense": -493000000, "netIncome": -781000000, "netIncomeRatio": -0.09667038, "eps": -1.31, "epsdiluted": -1.31, "weightedAverageShsOut": 594000000, "weightedAverageShsOutDil": 594000000, "link": "https://www.sec.gov/Archives/edgar/data/1355096/000104746909001913/0001047469-09-001913-index.htm", "finalLink": "https://www.sec.gov/Archives/edgar/data/1355096/000104746909001913/a2190521z10-k.htm", "calculatedOtherExpenses": -208335000000, "calculatedOperatingExpenses": 1201000000, "calculatedNetInterest": -451000000, "calculatedOtherIncome": -1693000000, "calculatedIncomeNonControlling": 36000000, "calculatedEbitda": 1467000000}, {"date": "2007-12-31", "symbol": "QRTEP", "reportedCurrency": "USD", "cik": "0001355096", "fillingDate": "2008-02-29", "acceptedDate": "2008-02-28 19:54:16", "calendarYear": "2007", "period": "FY", "revenue": 7802000000, "costOfRevenue": 5559000000, "grossProfit": 2243000000, "grossProfitRatio": 0.2874903871, "researchAndDevelopmentExpenses": 0, "generalAndAdministrativeExpenses": 0, "sellingAndMarketingExpenses": 0, "sellingGeneralAndAdministrativeExpenses": 594000000, "otherExpenses": 1130000000, "operatingExpenses": 1130000000, "costAndExpenses": 6689000000, "interestIncome": 44000000, "interestExpense": 465000000, "depreciationAndAmortization": 536000000, "ebitda": 1642000000, "ebitdaratio": 0.2104588567, "operatingIncome": 1113000000, "operatingIncomeRatio": 0.1426557293, "totalOtherIncomeExpensesNet": 84000000, "incomeBeforeTax": 776000000, "incomeBeforeTaxRatio": 0.0994616765, "incomeTaxExpense": 306000000, "netIncome": 441000000, "netIncomeRatio": 0.0565239682, "eps": 0.7, "epsdiluted": 0.69, "weightedAverageShsOut": 634000000, "weightedAverageShsOutDil": 636000000, "link": "https://www.sec.gov/Archives/edgar/data/1355096/000104746908001955/0001047469-08-001955-index.htm", "finalLink": "https://www.sec.gov/Archives/edgar/data/1355096/000104746908001955/a2183044z10-k.htm", "calculatedOtherExpenses": 536000000, "calculatedOperatingExpenses": 1130000000, "calculatedNetInterest": -421000000, "calculatedOtherIncome": 84000000, "calculatedIncomeNonControlling": 29000000, "calculatedEbitda": 1649000000}, {"date": "2006-12-31", "symbol": "QRTEP", "reportedCurrency": "USD", "cik": "0001355096", "fillingDate": "2007-03-01", "acceptedDate": "2007-02-28 18:33:00", "calendarYear": "2006", "period": "FY", "revenue": 7326000000, "costOfRevenue": 5161000000, "grossProfit": 2165000000, "grossProfitRatio": 0.2955227955, "researchAndDevelopmentExpenses": 0, "generalAndAdministrativeExpenses": 0, "sellingAndMarketingExpenses": 0, "sellingGeneralAndAdministrativeExpenses": 544000000, "otherExpenses": 1035000000, "operatingExpenses": 1035000000, "costAndExpenses": 6196000000, "interestIncome": 40000000, "interestExpense": 417000000, "depreciationAndAmortization": 491000000, "ebitda": 1578000000, "ebitdaratio": 0.2153972154, "operatingIncome": 1130000000, "operatingIncomeRatio": 0.1542451542, "totalOtherIncomeExpensesNet": 90000000, "incomeBeforeTax": 843000000, "incomeBeforeTaxRatio": 0.1150696151, "incomeTaxExpense": 210000000, "netIncome": 511000000, "netIncomeRatio": 0.0697515698, "eps": 0.73, "epsdiluted": 0.73, "weightedAverageShsOut": 670000000, "weightedAverageShsOutDil": 670000000, "link": "https://www.sec.gov/Archives/edgar/data/1355096/000104746907001499/0001047469-07-001499-index.htm", "finalLink": "https://www.sec.gov/Archives/edgar/data/1355096/000104746907001499/a2175593z10-k.txt", "calculatedOtherExpenses": 491000000, "calculatedOperatingExpenses": 1035000000, "calculatedNetInterest": -377000000, "calculatedOtherIncome": 90000000, "calculatedIncomeNonControlling": 122000000, "calculatedEbitda": 1621000000}, {"date": "2005-12-31", "symbol": "QRTEP", "reportedCurrency": "USD", "cik": "0001355096", "fillingDate": "2005-12-31", "acceptedDate": "2005-12-30 19:00:00", "calendarYear": "2005", "period": "FY", "revenue": 6501000000, "costOfRevenue": 4682000000, "grossProfit": 1819000000, "grossProfitRatio": 0.2798031072, "researchAndDevelopmentExpenses": 0, "generalAndAdministrativeExpenses": 0, "sellingAndMarketingExpenses": 0, "sellingGeneralAndAdministrativeExpenses": 454000000, "otherExpenses": 903000000, "operatingExpenses": 903000000, "costAndExpenses": 5585000000, "interestIncome": 35000000, "interestExpense": 371000000, "depreciationAndAmortization": 449000000, "ebitda": 1371000000, "ebitdaratio": 0.2108906322, "operatingIncome": 916000000, "operatingIncomeRatio": 0.1409013998, "totalOtherIncomeExpensesNet": -6000000, "incomeBeforeTax": 574000000, "incomeBeforeTaxRatio": 0.0882941086, "incomeTaxExpense": 228000000, "netIncome": 298000000, "netIncomeRatio": 0.0458391017, "eps": 0.43, "epsdiluted": 0.43, "weightedAverageShsOut": 700700000, "weightedAverageShsOutDil": 700700000, "link": "", "finalLink": "", "calculatedOtherExpenses": 449000000, "calculatedOperatingExpenses": 903000000, "calculatedNetInterest": -336000000, "calculatedOtherIncome": -6000000, "calculatedIncomeNonControlling": 48000000, "calculatedEbitda": 1365000000}]}