{"originalCurrency": "USD", "convertedCurrency": "USD", "report": [{"date": "2024-03-30", "symbol": "QRVO", "reportedCurrency": "USD", "cik": "0001604778", "fillingDate": "2024-03-30", "acceptedDate": "2024-03-29 20:00:00", "calendarYear": "2024", "period": "FY", "revenue": 3769506000, "costOfRevenue": 2281011000, "grossProfit": 1488495000, "grossProfitRatio": 0.3948780026, "researchAndDevelopmentExpenses": 682249000, "generalAndAdministrativeExpenses": 0, "sellingAndMarketingExpenses": 0, "sellingGeneralAndAdministrativeExpenses": 389140000, "otherExpenses": -325405000, "operatingExpenses": 1396794000, "costAndExpenses": 3677805000, "interestIncome": 69245000, "interestExpense": 0, "depreciationAndAmortization": 318865254, "ebitda": 410566254, "ebitdaratio": 0.1089177876, "operatingIncome": 91701000, "operatingIncomeRatio": 0.0243270604, "totalOtherIncomeExpensesNet": -18141000, "incomeBeforeTax": 73560000, "incomeBeforeTaxRatio": 0.0195144934, "incomeTaxExpense": 143882000, "netIncome": -70322000, "netIncomeRatio": -0.0186554949, "eps": -0.72, "epsdiluted": -0.72, "weightedAverageShsOut": 97557118, "weightedAverageShsOutDil": 97557000, "link": null, "finalLink": null, "calculatedOtherExpenses": 325405000, "calculatedOperatingExpenses": 1396794000, "calculatedNetInterest": 69245000, "calculatedOtherIncome": -87386000, "calculatedIncomeNonControlling": 0, "calculatedEbitda": 410566254}, {"date": "2023-04-01", "symbol": "QRVO", "reportedCurrency": "USD", "cik": "0001604778", "fillingDate": "2023-05-19", "acceptedDate": "2023-05-19 17:03:34", "calendarYear": "2023", "period": "FY", "revenue": 3569399000, "costOfRevenue": 2272457000, "grossProfit": 1296942000, "grossProfitRatio": 0.3633502447, "researchAndDevelopmentExpenses": 649841000, "generalAndAdministrativeExpenses": 0, "sellingAndMarketingExpenses": 0, "sellingGeneralAndAdministrativeExpenses": 358790000, "otherExpenses": 105143000, "operatingExpenses": 1113774000, "costAndExpenses": 3386231000, "interestIncome": 21100000, "interestExpense": 68463000, "depreciationAndAmortization": 9924000, "ebitda": 193092000, "ebitdaratio": 0.054096502, "operatingIncome": 183168000, "operatingIncomeRatio": 0.051316202, "totalOtherIncomeExpensesNet": -58539000, "incomeBeforeTax": 124629000, "incomeBeforeTaxRatio": 0.034915962, "incomeTaxExpense": 21477000, "netIncome": 103152000, "netIncomeRatio": 0.0288989827, "eps": 1.01, "epsdiluted": 1, "weightedAverageShsOut": 102206000, "weightedAverageShsOutDil": 103019000, "link": "https://www.sec.gov/Archives/edgar/data/1604778/000160477823000055/0001604778-23-000055-index.htm", "finalLink": "https://www.sec.gov/Archives/edgar/data/1604778/000160477823000055/rfmd-20230401.htm", "calculatedOtherExpenses": 105143000, "calculatedOperatingExpenses": 1113774000, "calculatedNetInterest": -47363000, "calculatedOtherIncome": -11176000, "calculatedIncomeNonControlling": 0, "calculatedEbitda": 193092000}, {"date": "2022-04-02", "symbol": "QRVO", "reportedCurrency": "USD", "cik": "0001604778", "fillingDate": "2022-05-20", "acceptedDate": "2022-05-20 16:57:10", "calendarYear": "2022", "period": "FY", "revenue": 4645714000, "costOfRevenue": 2359546000, "grossProfit": 2286168000, "grossProfitRatio": 0.4921026133, "researchAndDevelopmentExpenses": 623636000, "generalAndAdministrativeExpenses": 0, "sellingAndMarketingExpenses": 0, "sellingGeneralAndAdministrativeExpenses": 349718000, "otherExpenses": 86745000, "operatingExpenses": 1060099000, "costAndExpenses": 3419645000, "interestIncome": 60626000, "interestExpense": 63326000, "depreciationAndAmortization": 361415000, "ebitda": 1244410000, "ebitdaratio": 0.2678619476, "operatingIncome": 882995000, "operatingIncomeRatio": 0.1900665861, "totalOtherIncomeExpensesNet": 298089000, "incomeBeforeTax": 1181084000, "incomeBeforeTaxRatio": 0.2542308889, "incomeTaxExpense": 147731000, "netIncome": 1033353000, "netIncomeRatio": 0.2224314712, "eps": 9.38, "epsdiluted": 9.26, "weightedAverageShsOut": 110196000, "weightedAverageShsOutDil": 111546000, "link": "https://www.sec.gov/Archives/edgar/data/1604778/000160477822000029/0001604778-22-000029-index.htm", "finalLink": "https://www.sec.gov/Archives/edgar/data/1604778/000160477822000029/rfmd-20220402.htm", "calculatedOtherExpenses": 429819000, "calculatedOperatingExpenses": 1403173000, "calculatedNetInterest": -2700000, "calculatedOtherIncome": 300789000, "calculatedIncomeNonControlling": 0, "calculatedEbitda": 1244410000}, {"date": "2021-04-03", "symbol": "QRVO", "reportedCurrency": "USD", "cik": "0001604778", "fillingDate": "2021-05-24", "acceptedDate": "2021-05-24 17:13:05", "calendarYear": "2021", "period": "FY", "revenue": 4015307000, "costOfRevenue": 2131741000, "grossProfit": 1883566000, "grossProfitRatio": 0.4690963854, "researchAndDevelopmentExpenses": 570395000, "generalAndAdministrativeExpenses": 0, "sellingAndMarketingExpenses": 0, "sellingGeneralAndAdministrativeExpenses": 367238000, "otherExpenses": 39306000, "operatingExpenses": 976939000, "costAndExpenses": 3108680000, "interestIncome": 75198000, "interestExpense": 75198000, "depreciationAndAmortization": 456104000, "ebitda": 882578000, "ebitdaratio": 0.2198033675, "operatingIncome": 426474000, "operatingIncomeRatio": 0.106212053, "totalOtherIncomeExpensesNet": 380906000, "incomeBeforeTax": 807380000, "incomeBeforeTaxRatio": 0.2010755342, "incomeTaxExpense": 73769000, "netIncome": 733611000, "netIncomeRatio": 0.182703589, "eps": 6.43, "epsdiluted": 6.32, "weightedAverageShsOut": 114034000, "weightedAverageShsOutDil": 116016000, "link": "https://www.sec.gov/Archives/edgar/data/1604778/000160477821000032/0001604778-21-000032-index.htm", "finalLink": "https://www.sec.gov/Archives/edgar/data/1604778/000160477821000032/rfmd-20210403.htm", "calculatedOtherExpenses": 519459000, "calculatedOperatingExpenses": 1457092000, "calculatedNetInterest": 0, "calculatedOtherIncome": 380906000, "calculatedIncomeNonControlling": 0, "calculatedEbitda": 882578000}, {"date": "2020-03-28", "symbol": "QRVO", "reportedCurrency": "USD", "cik": "0001604778", "fillingDate": "2020-05-20", "acceptedDate": "2020-05-20 16:55:15", "calendarYear": "2020", "period": "FY", "revenue": 3239141000, "costOfRevenue": 1917378000, "grossProfit": 1321763000, "grossProfitRatio": 0.4080597294, "researchAndDevelopmentExpenses": 484414000, "generalAndAdministrativeExpenses": 0, "sellingAndMarketingExpenses": 0, "sellingGeneralAndAdministrativeExpenses": 343569000, "otherExpenses": 70564000, "operatingExpenses": 898547000, "costAndExpenses": 2815925000, "interestIncome": 12066000, "interestExpense": 60392000, "depreciationAndAmortization": 468931000, "ebitda": 455481000, "ebitdaratio": 0.1406178366, "operatingIncome": -13450000, "operatingIncomeRatio": -0.0041523354, "totalOtherIncomeExpensesNet": 408539000, "incomeBeforeTax": 395089000, "incomeBeforeTaxRatio": 0.1219733874, "incomeTaxExpense": 60764000, "netIncome": 334325000, "netIncomeRatio": 0.1032140929, "eps": 2.86, "epsdiluted": 2.8, "weightedAverageShsOut": 117007000, "weightedAverageShsOutDil": 119293000, "link": "https://www.sec.gov/Archives/edgar/data/1604778/000160477820000030/0001604778-20-000030-index.htm", "finalLink": "https://www.sec.gov/Archives/edgar/data/1604778/000160477820000030/qorvo2020032810-k.htm", "calculatedOtherExpenses": 507230000, "calculatedOperatingExpenses": 1335213000, "calculatedNetInterest": -48326000, "calculatedOtherIncome": 456865000, "calculatedIncomeNonControlling": 0, "calculatedEbitda": 455481000}, {"date": "2019-03-30", "symbol": "QRVO", "reportedCurrency": "USD", "cik": "0001604778", "fillingDate": "2019-05-17", "acceptedDate": "2019-05-17 17:05:06", "calendarYear": "2019", "period": "FY", "revenue": 3090325000, "costOfRevenue": 1895142000, "grossProfit": 1195183000, "grossProfitRatio": 0.3867499373, "researchAndDevelopmentExpenses": 450482000, "generalAndAdministrativeExpenses": 0, "sellingAndMarketingExpenses": 0, "sellingGeneralAndAdministrativeExpenses": 476074000, "otherExpenses": 52161000, "operatingExpenses": 978717000, "costAndExpenses": 2873859000, "interestIncome": 10971000, "interestExpense": 43963000, "depreciationAndAmortization": 663097000, "ebitda": 135755000, "ebitdaratio": 0.0439290366, "operatingIncome": 183474000, "operatingIncomeRatio": 0.0593704546, "totalOtherIncomeExpensesNet": 619134000, "incomeBeforeTax": 91792000, "incomeBeforeTaxRatio": 0.0297030248, "incomeTaxExpense": -41333000, "netIncome": 133125000, "netIncomeRatio": 0.0430779934, "eps": 1.07, "epsdiluted": 1.05, "weightedAverageShsOut": 124534000, "weightedAverageShsOutDil": 127356000, "link": "https://www.sec.gov/Archives/edgar/data/1604778/000160477819000031/0001604778-19-000031-index.htm", "finalLink": "https://www.sec.gov/Archives/edgar/data/1604778/000160477819000031/qorvo2019033010-k.htm", "calculatedOtherExpenses": 85153000, "calculatedOperatingExpenses": 1011709000, "calculatedNetInterest": -32992000, "calculatedOtherIncome": -58690000, "calculatedIncomeNonControlling": 0, "calculatedEbitda": 846571000}, {"date": "2018-03-31", "symbol": "QRVO", "reportedCurrency": "USD", "cik": "0001604778", "fillingDate": "2018-05-21", "acceptedDate": "2018-05-21 08:32:43", "calendarYear": "2018", "period": "FY", "revenue": 2973536000, "costOfRevenue": 1826570000, "grossProfit": 1146966000, "grossProfitRatio": 0.3857246053, "researchAndDevelopmentExpenses": 445103000, "generalAndAdministrativeExpenses": 0, "sellingAndMarketingExpenses": 0, "sellingGeneralAndAdministrativeExpenses": 527751000, "otherExpenses": 103830000, "operatingExpenses": 1076684000, "costAndExpenses": 2903254000, "interestIncome": 7017000, "interestExpense": 59548000, "depreciationAndAmortization": 714215000, "ebitda": 76693000, "ebitdaratio": 0.0257918519, "operatingIncome": -637522000, "operatingIncomeRatio": -0.214398615, "totalOtherIncomeExpensesNet": 654667000, "incomeBeforeTax": 17145000, "incomeBeforeTaxRatio": 0.0057658626, "incomeTaxExpense": 57433000, "netIncome": -40288000, "netIncomeRatio": -0.0135488523, "eps": -0.32, "epsdiluted": -0.32, "weightedAverageShsOut": 126322000, "weightedAverageShsOutDil": 126946000, "link": "https://www.sec.gov/Archives/edgar/data/1604778/000160477818000023/0001604778-18-000023-index.htm", "finalLink": "https://www.sec.gov/Archives/edgar/data/1604778/000160477818000023/qorvo2018033110-k.htm", "calculatedOtherExpenses": 811634000, "calculatedOperatingExpenses": 1784488000, "calculatedNetInterest": -52531000, "calculatedOtherIncome": 707198000, "calculatedIncomeNonControlling": 0, "calculatedEbitda": 76693000}, {"date": "2017-04-01", "symbol": "QRVO", "reportedCurrency": "USD", "cik": "0001604778", "fillingDate": "2017-05-23", "acceptedDate": "2017-05-23 17:25:24", "calendarYear": "2017", "period": "FY", "revenue": 3032574000, "costOfRevenue": 1897062000, "grossProfit": 1135512000, "grossProfitRatio": 0.3744383484, "researchAndDevelopmentExpenses": 470836000, "generalAndAdministrativeExpenses": 0, "sellingAndMarketingExpenses": 0, "sellingGeneralAndAdministrativeExpenses": 545588000, "otherExpenses": -1875000, "operatingExpenses": 1047453000, "costAndExpenses": 2944515000, "interestIncome": 1212000, "interestExpense": 58879000, "depreciationAndAmortization": 704577000, "ebitda": 86184000, "ebitdaratio": 0.0284194219, "operatingIncome": 88059000, "operatingIncomeRatio": 0.0290377086, "totalOtherIncomeExpensesNet": -1875000, "incomeBeforeTax": 27305000, "incomeBeforeTaxRatio": 0.0090039023, "incomeTaxExpense": 43863000, "netIncome": -16558000, "netIncomeRatio": -0.0054600481, "eps": -0.13, "epsdiluted": -0.13, "weightedAverageShsOut": 126464000, "weightedAverageShsOutDil": 127121000, "link": "https://www.sec.gov/Archives/edgar/data/1604778/000160477817000031/0001604778-17-000031-index.htm", "finalLink": "https://www.sec.gov/Archives/edgar/data/1604778/000160477817000031/qorvo2017040110-k.htm", "calculatedOtherExpenses": 31029000, "calculatedOperatingExpenses": 1047453000, "calculatedNetInterest": -57667000, "calculatedOtherIncome": -3087000, "calculatedIncomeNonControlling": 0, "calculatedEbitda": 792636000}, {"date": "2016-04-02", "symbol": "QRVO", "reportedCurrency": "USD", "cik": "0001604778", "fillingDate": "2016-05-31", "acceptedDate": "2016-05-31 17:01:41", "calendarYear": "2016", "period": "FY", "revenue": 2610726000, "costOfRevenue": 1561173000, "grossProfit": 1049553000, "grossProfitRatio": 0.4020157611, "researchAndDevelopmentExpenses": 448763000, "generalAndAdministrativeExpenses": 113632000, "sellingAndMarketingExpenses": 420467000, "sellingGeneralAndAdministrativeExpenses": 534099000, "otherExpenses": 6418000, "operatingExpenses": 1037585000, "costAndExpenses": 2598758000, "interestIncome": 2068000, "interestExpense": 23316000, "depreciationAndAmortization": 674951000, "ebitda": 695405000, "ebitdaratio": 0.2663646051, "operatingIncome": 11968000, "operatingIncomeRatio": 0.0045841655, "totalOtherIncomeExpensesNet": 6418000, "incomeBeforeTax": -2862000, "incomeBeforeTaxRatio": -0.0010962468, "incomeTaxExpense": 25983000, "netIncome": -28845000, "netIncomeRatio": -0.0110486508, "eps": -0.2, "epsdiluted": -0.2, "weightedAverageShsOut": 141937000, "weightedAverageShsOutDil": 141937000, "link": "https://www.sec.gov/Archives/edgar/data/1604778/000160477816000175/0001604778-16-000175-index.htm", "finalLink": "https://www.sec.gov/Archives/edgar/data/1604778/000160477816000175/qorvo2016040210-k.htm", "calculatedOtherExpenses": 54723000, "calculatedOperatingExpenses": 1037585000, "calculatedNetInterest": -21248000, "calculatedOtherIncome": 6418000, "calculatedIncomeNonControlling": 0, "calculatedEbitda": 686919000}, {"date": "2015-03-28", "symbol": "QRVO", "reportedCurrency": "USD", "cik": "0001604778", "fillingDate": "2015-05-27", "acceptedDate": "2015-05-27 16:15:32", "calendarYear": "2015", "period": "FY", "revenue": 1710966000, "costOfRevenue": 1021658000, "grossProfit": 689308000, "grossProfitRatio": 0.4028765037, "researchAndDevelopmentExpenses": 257494000, "generalAndAdministrativeExpenses": 85229000, "sellingAndMarketingExpenses": 164657000, "sellingGeneralAndAdministrativeExpenses": 249886000, "otherExpenses": -1225000, "operatingExpenses": 566842000, "costAndExpenses": 1588500000, "interestIncome": 450000, "interestExpense": 1421000, "depreciationAndAmortization": 216988000, "ebitda": 122466000, "ebitdaratio": 0.0715771091, "operatingIncome": 122466000, "operatingIncomeRatio": 0.0715771091, "totalOtherIncomeExpensesNet": -1225000, "incomeBeforeTax": 121241000, "incomeBeforeTaxRatio": 0.0708611393, "incomeTaxExpense": -75062000, "netIncome": 196303000, "netIncomeRatio": 0.1147322624, "eps": 1.32, "epsdiluted": 1.32, "weightedAverageShsOut": 149059000, "weightedAverageShsOutDil": 149059000, "link": "https://www.sec.gov/Archives/edgar/data/1604778/000160477815000051/0001604778-15-000051-index.htm", "finalLink": "https://www.sec.gov/Archives/edgar/data/1604778/000160477815000051/qorvo20150328-10xk.htm", "calculatedOtherExpenses": 59462000, "calculatedOperatingExpenses": 566842000, "calculatedNetInterest": -971000, "calculatedOtherIncome": -254000, "calculatedIncomeNonControlling": 0, "calculatedEbitda": 339454000}, {"date": "2014-03-31", "symbol": "QRVO", "reportedCurrency": "USD", "cik": "0001604778", "fillingDate": "2014-03-31", "acceptedDate": "2014-03-31 00:00:00", "calendarYear": "2014", "period": "FY", "revenue": 1148231000, "costOfRevenue": 743304000, "grossProfit": 404927000, "grossProfitRatio": 0.3526529069, "researchAndDevelopmentExpenses": 197269000, "generalAndAdministrativeExpenses": 76732000, "sellingAndMarketingExpenses": 74672000, "sellingGeneralAndAdministrativeExpenses": 151404000, "otherExpenses": 2336000, "operatingExpenses": 377586000, "costAndExpenses": 1120890000, "interestIncome": 179000, "interestExpense": 5983000, "depreciationAndAmortization": 74336000, "ebitda": 104192000, "ebitdaratio": 0.090741323, "operatingIncome": 27341000, "operatingIncomeRatio": 0.0238114108, "totalOtherIncomeExpensesNet": 2336000, "incomeBeforeTax": 23873000, "incomeBeforeTaxRatio": 0.0207911126, "incomeTaxExpense": 11231000, "netIncome": 12642000, "netIncomeRatio": 0.0110099797, "eps": 0.0851, "epsdiluted": 0.0851, "weightedAverageShsOut": 148468717, "weightedAverageShsOutDil": 148468717, "link": null, "finalLink": null, "calculatedOtherExpenses": 28913000, "calculatedOperatingExpenses": 377586000, "calculatedNetInterest": -5804000, "calculatedOtherIncome": 2336000, "calculatedIncomeNonControlling": 0, "calculatedEbitda": 101677000}, {"date": "2013-03-31", "symbol": "QRVO", "reportedCurrency": "USD", "cik": "0001604778", "fillingDate": "2013-03-31", "acceptedDate": "2013-03-31 00:00:00", "calendarYear": "2013", "period": "FY", "revenue": 964147000, "costOfRevenue": 658332000, "grossProfit": 305815000, "grossProfitRatio": 0.3171871094, "researchAndDevelopmentExpenses": 178793000, "generalAndAdministrativeExpenses": 64242000, "sellingAndMarketingExpenses": 68674000, "sellingGeneralAndAdministrativeExpenses": 132916000, "otherExpenses": -1180000, "operatingExpenses": 321495000, "costAndExpenses": 979827000, "interestIncome": 249000, "interestExpense": 6532000, "depreciationAndAmortization": 72464000, "ebitda": 55853000, "ebitdaratio": 0.057929963, "operatingIncome": -15680000, "operatingIncomeRatio": -0.0162630802, "totalOtherIncomeExpensesNet": -3936000, "incomeBeforeTax": -25899000, "incomeBeforeTaxRatio": -0.0268620864, "incomeTaxExpense": 27100000, "netIncome": -52999000, "netIncomeRatio": -0.0549698334, "eps": -0.36, "epsdiluted": -0.36, "weightedAverageShsOut": 148468717, "weightedAverageShsOutDil": 148468717, "link": null, "finalLink": null, "calculatedOtherExpenses": 9786000, "calculatedOperatingExpenses": 321495000, "calculatedNetInterest": -6283000, "calculatedOtherIncome": -3936000, "calculatedIncomeNonControlling": 0, "calculatedEbitda": 56784000}]}