{"originalCurrency": "USD", "convertedCurrency": "USD", "report": [{"date": "2023-12-31", "symbol": "QTWO", "reportedCurrency": "USD", "cik": "0001410384", "fillingDate": "2024-02-21", "acceptedDate": "2024-02-21 17:06:52", "calendarYear": "2023", "period": "FY", "revenue": 624624000, "costOfRevenue": 321973000, "grossProfit": 302651000, "grossProfitRatio": 0.4845330951, "researchAndDevelopmentExpenses": 137334000, "generalAndAdministrativeExpenses": 110186000, "sellingAndMarketingExpenses": 109522000, "sellingGeneralAndAdministrativeExpenses": 219708000, "otherExpenses": 0, "operatingExpenses": 377709000, "costAndExpenses": 699682000, "interestIncome": 10098000, "interestExpense": 5732000, "depreciationAndAmortization": 71707000, "ebitda": 6747000, "ebitdaratio": 0.0108016983, "operatingIncome": -86057000, "operatingIncomeRatio": -0.1377740849, "totalOtherIncomeExpensesNet": 8870000, "incomeBeforeTax": -61822000, "incomeBeforeTaxRatio": -0.0989747432, "incomeTaxExpense": 3562000, "netIncome": -65384000, "netIncomeRatio": -0.1046773739, "eps": -1.12, "epsdiluted": -1.12, "weightedAverageShsOut": 58354000, "weightedAverageShsOutDil": 58354000, "link": "https://www.sec.gov/Archives/edgar/data/1410384/000141038424000015/0001410384-24-000015-index.htm", "finalLink": "https://www.sec.gov/Archives/edgar/data/1410384/000141038424000015/qtwo-20231231.htm", "calculatedOtherExpenses": 31666000, "calculatedOperatingExpenses": 388708000, "calculatedNetInterest": 4366000, "calculatedOtherIncome": 19869000, "calculatedIncomeNonControlling": 0, "calculatedEbitda": -14350000}, {"date": "2022-12-31", "symbol": "QTWO", "reportedCurrency": "USD", "cik": "0001410384", "fillingDate": "2023-02-21", "acceptedDate": "2023-02-21 17:13:01", "calendarYear": "2022", "period": "FY", "revenue": 565673000, "costOfRevenue": 309328000, "grossProfit": 256345000, "grossProfitRatio": 0.4531681731, "researchAndDevelopmentExpenses": 130103000, "generalAndAdministrativeExpenses": 103365000, "sellingAndMarketingExpenses": 108214000, "sellingGeneralAndAdministrativeExpenses": 211579000, "otherExpenses": 18248000, "operatingExpenses": 359930000, "costAndExpenses": 669258000, "interestIncome": 5362000, "interestExpense": 6676000, "depreciationAndAmortization": 62835000, "ebitda": -40750000, "ebitdaratio": -0.0720380856, "operatingIncome": -103585000, "operatingIncomeRatio": -0.1831181619, "totalOtherIncomeExpensesNet": -2490000, "incomeBeforeTax": -106075000, "incomeBeforeTaxRatio": -0.1875199983, "incomeTaxExpense": 2908000, "netIncome": -108983000, "netIncomeRatio": -0.1926607775, "eps": -1.9, "epsdiluted": -1.9, "weightedAverageShsOut": 57300000, "weightedAverageShsOutDil": 57300000, "link": "https://www.sec.gov/Archives/edgar/data/1410384/000141038423000015/0001410384-23-000015-index.htm", "finalLink": "https://www.sec.gov/Archives/edgar/data/1410384/000141038423000015/qtwo-20221231.htm", "calculatedOtherExpenses": 18248000, "calculatedOperatingExpenses": 359930000, "calculatedNetInterest": -1314000, "calculatedOtherIncome": -1176000, "calculatedIncomeNonControlling": 0, "calculatedEbitda": -40750000}, {"date": "2021-12-31", "symbol": "QTWO", "reportedCurrency": "USD", "cik": "0001410384", "fillingDate": "2022-02-16", "acceptedDate": "2022-02-16 16:26:40", "calendarYear": "2021", "period": "FY", "revenue": 498720000, "costOfRevenue": 273685000, "grossProfit": 225035000, "grossProfitRatio": 0.4512251363, "researchAndDevelopmentExpenses": 116952000, "generalAndAdministrativeExpenses": 79923000, "sellingAndMarketingExpenses": 85564000, "sellingGeneralAndAdministrativeExpenses": 165487000, "otherExpenses": 17901000, "operatingExpenses": 300340000, "costAndExpenses": 574025000, "interestIncome": 1476000, "interestExpense": 33071000, "depreciationAndAmortization": 57523000, "ebitda": -17782000, "ebitdaratio": -0.0356552775, "operatingIncome": -75305000, "operatingIncomeRatio": -0.1509965512, "totalOtherIncomeExpensesNet": -35798000, "incomeBeforeTax": -111103000, "incomeBeforeTaxRatio": -0.2227763073, "incomeTaxExpense": 1643000, "netIncome": -112746000, "netIncomeRatio": -0.2260707411, "eps": -2, "epsdiluted": -2, "weightedAverageShsOut": 56394000, "weightedAverageShsOutDil": 56394000, "link": "https://www.sec.gov/Archives/edgar/data/1410384/000141038422000013/0001410384-22-000013-index.htm", "finalLink": "https://www.sec.gov/Archives/edgar/data/1410384/000141038422000013/qtwo-20211231.htm", "calculatedOtherExpenses": 17901000, "calculatedOperatingExpenses": 300340000, "calculatedNetInterest": -31595000, "calculatedOtherIncome": -4203000, "calculatedIncomeNonControlling": 0, "calculatedEbitda": -17782000}, {"date": "2020-12-31", "symbol": "QTWO", "reportedCurrency": "USD", "cik": "0001410384", "fillingDate": "2021-02-19", "acceptedDate": "2021-02-19 16:34:38", "calendarYear": "2020", "period": "FY", "revenue": 402751000, "costOfRevenue": 228152000, "grossProfit": 174599000, "grossProfitRatio": 0.4335159938, "researchAndDevelopmentExpenses": 97381000, "generalAndAdministrativeExpenses": 73118000, "sellingAndMarketingExpenses": 72323000, "sellingGeneralAndAdministrativeExpenses": 145441000, "otherExpenses": 17888000, "operatingExpenses": 260710000, "costAndExpenses": 488862000, "interestIncome": 1207000, "interestExpense": 28646000, "depreciationAndAmortization": 65562000, "ebitda": -20549000, "ebitdaratio": -0.051021599, "operatingIncome": -86111000, "operatingIncomeRatio": -0.2138070421, "totalOtherIncomeExpensesNet": -50093000, "incomeBeforeTax": -136204000, "incomeBeforeTaxRatio": -0.3381841386, "incomeTaxExpense": 1416000, "netIncome": -137620000, "netIncomeRatio": -0.3416999585, "eps": -2.65, "epsdiluted": -2.65, "weightedAverageShsOut": 52019000, "weightedAverageShsOutDil": 52019000, "link": "https://www.sec.gov/Archives/edgar/data/1410384/000141038421000022/0001410384-21-000022-index.htm", "finalLink": "https://www.sec.gov/Archives/edgar/data/1410384/000141038421000022/qtwo-20201231.htm", "calculatedOtherExpenses": 17888000, "calculatedOperatingExpenses": 260710000, "calculatedNetInterest": -27439000, "calculatedOtherIncome": -22654000, "calculatedIncomeNonControlling": 0, "calculatedEbitda": -20549000}, {"date": "2019-12-31", "symbol": "QTWO", "reportedCurrency": "USD", "cik": "0001410384", "fillingDate": "2020-02-21", "acceptedDate": "2020-02-21 16:44:32", "calendarYear": "2019", "period": "FY", "revenue": 315484000, "costOfRevenue": 162485000, "grossProfit": 152999000, "grossProfitRatio": 0.4849659571, "researchAndDevelopmentExpenses": 76273000, "generalAndAdministrativeExpenses": 57159000, "sellingAndMarketingExpenses": 63947000, "sellingGeneralAndAdministrativeExpenses": 121106000, "otherExpenses": 6339000, "operatingExpenses": 203718000, "costAndExpenses": 366203000, "interestIncome": 3672000, "interestExpense": 20290000, "depreciationAndAmortization": 44484000, "ebitda": -6235000, "ebitdaratio": -0.0197632844, "operatingIncome": -50719000, "operatingIncomeRatio": -0.1607656807, "totalOtherIncomeExpensesNet": -32645000, "incomeBeforeTax": -83364000, "incomeBeforeTaxRatio": -0.2642416097, "incomeTaxExpense": -12487000, "netIncome": -70877000, "netIncomeRatio": -0.2246611556, "eps": -1.53, "epsdiluted": -1.53, "weightedAverageShsOut": 46198000, "weightedAverageShsOutDil": 46198000, "link": "https://www.sec.gov/Archives/edgar/data/1410384/000141038420000025/0001410384-20-000025-index.htm", "finalLink": "https://www.sec.gov/Archives/edgar/data/1410384/000141038420000025/a191231qtwo10k.htm", "calculatedOtherExpenses": 6339000, "calculatedOperatingExpenses": 203718000, "calculatedNetInterest": -16618000, "calculatedOtherIncome": -16027000, "calculatedIncomeNonControlling": 0, "calculatedEbitda": -6235000}, {"date": "2018-12-31", "symbol": "QTWO", "reportedCurrency": "USD", "cik": "0001410384", "fillingDate": "2019-02-19", "acceptedDate": "2019-02-19 07:30:33", "calendarYear": "2018", "period": "FY", "revenue": 241100000, "costOfRevenue": 121855000, "grossProfit": 119245000, "grossProfitRatio": 0.4945873082, "researchAndDevelopmentExpenses": 51334000, "generalAndAdministrativeExpenses": 45648000, "sellingAndMarketingExpenses": 48124000, "sellingGeneralAndAdministrativeExpenses": 93772000, "otherExpenses": -7350000, "operatingExpenses": 146950000, "costAndExpenses": 268805000, "interestIncome": 2811000, "interestExpense": 10161000, "depreciationAndAmortization": 16802000, "ebitda": -6758000, "ebitdaratio": -0.0280298631, "operatingIncome": -31850000, "operatingIncomeRatio": -0.1321028619, "totalOtherIncomeExpensesNet": -11495000, "incomeBeforeTax": -39200000, "incomeBeforeTaxRatio": -0.1625881377, "incomeTaxExpense": -3803000, "netIncome": -35397000, "netIncomeRatio": -0.1468145998, "eps": -0.83, "epsdiluted": -0.83, "weightedAverageShsOut": 42797000, "weightedAverageShsOutDil": 42797000, "link": "https://www.sec.gov/Archives/edgar/data/1410384/000141038419000015/0001410384-19-000015-index.htm", "finalLink": "https://www.sec.gov/Archives/edgar/data/1410384/000141038419000015/a181231qtwo10k.htm", "calculatedOtherExpenses": 5989000, "calculatedOperatingExpenses": 151095000, "calculatedNetInterest": -7350000, "calculatedOtherIncome": 0, "calculatedIncomeNonControlling": 0, "calculatedEbitda": -15048000}, {"date": "2017-12-31", "symbol": "QTWO", "reportedCurrency": "USD", "cik": "0001410384", "fillingDate": "2018-02-16", "acceptedDate": "2018-02-16 16:41:50", "calendarYear": "2017", "period": "FY", "revenue": 193978000, "costOfRevenue": 99485000, "grossProfit": 94493000, "grossProfitRatio": 0.4871325614, "researchAndDevelopmentExpenses": 40338000, "generalAndAdministrativeExpenses": 37179000, "sellingAndMarketingExpenses": 41170000, "sellingGeneralAndAdministrativeExpenses": 78349000, "otherExpenses": 429000, "operatingExpenses": 120168000, "costAndExpenses": 219653000, "interestIncome": 553000, "interestExpense": 124000, "depreciationAndAmortization": 14946000, "ebitda": -9497000, "ebitdaratio": -0.0489591603, "operatingIncome": -26907000, "operatingIncomeRatio": -0.1387116065, "totalOtherIncomeExpensesNet": -803000, "incomeBeforeTax": -26478000, "incomeBeforeTaxRatio": -0.1365000155, "incomeTaxExpense": -314000, "netIncome": -26164000, "netIncomeRatio": -0.1348812752, "eps": -0.63, "epsdiluted": -0.63, "weightedAverageShsOut": 41218000, "weightedAverageShsOutDil": 41218000, "link": "https://www.sec.gov/Archives/edgar/data/1410384/000141038418000012/0001410384-18-000012-index.htm", "finalLink": "https://www.sec.gov/Archives/edgar/data/1410384/000141038418000012/a123117qtwo10k.htm", "calculatedOtherExpenses": 2713000, "calculatedOperatingExpenses": 121400000, "calculatedNetInterest": 429000, "calculatedOtherIncome": 0, "calculatedIncomeNonControlling": 0, "calculatedEbitda": -11961000}, {"date": "2016-12-31", "symbol": "QTWO", "reportedCurrency": "USD", "cik": "0001410384", "fillingDate": "2017-02-21", "acceptedDate": "2017-02-21 17:19:54", "calendarYear": "2016", "period": "FY", "revenue": 150224000, "costOfRevenue": 77429000, "grossProfit": 72795000, "grossProfitRatio": 0.484576366, "researchAndDevelopmentExpenses": 32460000, "generalAndAdministrativeExpenses": 31992000, "sellingAndMarketingExpenses": 36284000, "sellingGeneralAndAdministrativeExpenses": 68276000, "otherExpenses": -209000, "operatingExpenses": 102206000, "costAndExpenses": 179635000, "interestIncome": 358000, "interestExpense": 567000, "depreciationAndAmortization": 12199000, "ebitda": -10905000, "ebitdaratio": -0.0725915965, "operatingIncome": -35718000, "operatingIncomeRatio": -0.2377649377, "totalOtherIncomeExpensesNet": -6516000, "incomeBeforeTax": -35927000, "incomeBeforeTaxRatio": -0.2391561934, "incomeTaxExpense": 427000, "netIncome": -36354000, "netIncomeRatio": -0.2419986154, "eps": -0.92, "epsdiluted": -0.92, "weightedAverageShsOut": 39649000, "weightedAverageShsOutDil": 39649000, "link": "https://www.sec.gov/Archives/edgar/data/1410384/000141038417000017/0001410384-17-000017-index.htm", "finalLink": "https://www.sec.gov/Archives/edgar/data/1410384/000141038417000017/a123116qtwo10k.htm", "calculatedOtherExpenses": 7777000, "calculatedOperatingExpenses": 108513000, "calculatedNetInterest": -209000, "calculatedOtherIncome": 0, "calculatedIncomeNonControlling": 0, "calculatedEbitda": -23519000}, {"date": "2015-12-31", "symbol": "QTWO", "reportedCurrency": "USD", "cik": "0001410384", "fillingDate": "2016-02-12", "acceptedDate": "2016-02-12 16:54:34", "calendarYear": "2015", "period": "FY", "revenue": 108867000, "costOfRevenue": 59128000, "grossProfit": 49739000, "grossProfitRatio": 0.4568785766, "researchAndDevelopmentExpenses": 21534000, "generalAndAdministrativeExpenses": 22977000, "sellingAndMarketingExpenses": 26999000, "sellingGeneralAndAdministrativeExpenses": 49976000, "otherExpenses": -3000, "operatingExpenses": 72086000, "costAndExpenses": 131214000, "interestIncome": 280000, "interestExpense": 283000, "depreciationAndAmortization": 6847000, "ebitda": -13007000, "ebitdaratio": -0.1194760579, "operatingIncome": -24840000, "operatingIncomeRatio": -0.2281683155, "totalOtherIncomeExpensesNet": -2496000, "incomeBeforeTax": -24843000, "incomeBeforeTaxRatio": -0.228195872, "incomeTaxExpense": 220000, "netIncome": -25063000, "netIncomeRatio": -0.2302166864, "eps": -0.67, "epsdiluted": -0.67, "weightedAverageShsOut": 37275000, "weightedAverageShsOutDil": 37275000, "link": "https://www.sec.gov/Archives/edgar/data/1410384/000141038416000173/0001410384-16-000173-index.htm", "finalLink": "https://www.sec.gov/Archives/edgar/data/1410384/000141038416000173/a123115qtwo10k.htm", "calculatedOtherExpenses": 3069000, "calculatedOperatingExpenses": 74579000, "calculatedNetInterest": -3000, "calculatedOtherIncome": 0, "calculatedIncomeNonControlling": 0, "calculatedEbitda": -17993000}, {"date": "2014-12-31", "symbol": "QTWO", "reportedCurrency": "USD", "cik": "0001410384", "fillingDate": "2015-02-12", "acceptedDate": "2015-02-12 17:22:48", "calendarYear": "2014", "period": "FY", "revenue": 79129000, "costOfRevenue": 46054000, "grossProfit": 33075000, "grossProfitRatio": 0.4179883481, "researchAndDevelopmentExpenses": 12086000, "generalAndAdministrativeExpenses": 16991000, "sellingAndMarketingExpenses": 23069000, "sellingGeneralAndAdministrativeExpenses": 40060000, "otherExpenses": -492000, "operatingExpenses": 52146000, "costAndExpenses": 98200000, "interestIncome": 65000, "interestExpense": 557000, "depreciationAndAmortization": 4083000, "ebitda": -14988000, "ebitdaratio": -0.1894122256, "operatingIncome": -19071000, "operatingIncomeRatio": -0.2410115128, "totalOtherIncomeExpensesNet": -492000, "incomeBeforeTax": -19563000, "incomeBeforeTaxRatio": -0.247229208, "incomeTaxExpense": 71000, "netIncome": -19634000, "netIncomeRatio": -0.248126477, "eps": -0.67, "epsdiluted": -0.67, "weightedAverageShsOut": 29257000, "weightedAverageShsOutDil": 29257000, "link": "https://www.sec.gov/Archives/edgar/data/1410384/000141038415000021/0001410384-15-000021-index.htm", "finalLink": "https://www.sec.gov/Archives/edgar/data/1410384/000141038415000021/a123114qtwo10k.htm", "calculatedOtherExpenses": 0, "calculatedOperatingExpenses": 52146000, "calculatedNetInterest": -492000, "calculatedOtherIncome": 0, "calculatedIncomeNonControlling": 0, "calculatedEbitda": -14988000}, {"date": "2013-12-31", "symbol": "QTWO", "reportedCurrency": "USD", "cik": "0001410384", "fillingDate": "2013-12-31", "acceptedDate": "2013-12-30 19:00:00", "calendarYear": "2013", "period": "FY", "revenue": 56872000, "costOfRevenue": 36261000, "grossProfit": 20611000, "grossProfitRatio": 0.3624103249, "researchAndDevelopmentExpenses": 9029000, "generalAndAdministrativeExpenses": 11978000, "sellingAndMarketingExpenses": 16726000, "sellingGeneralAndAdministrativeExpenses": 28704000, "otherExpenses": 0, "operatingExpenses": 37733000, "costAndExpenses": 73994000, "interestIncome": 6000, "interestExpense": 505000, "depreciationAndAmortization": 2971000, "ebitda": -14145000, "ebitdaratio": -0.2487164158, "operatingIncome": -17122000, "operatingIncomeRatio": -0.301062034, "totalOtherIncomeExpensesNet": -499000, "incomeBeforeTax": -17621000, "incomeBeforeTaxRatio": -0.3098361232, "incomeTaxExpense": 55000, "netIncome": -17875000, "netIncomeRatio": -0.3143022929, "eps": -0.56, "epsdiluted": -0.56, "weightedAverageShsOut": 31949901, "weightedAverageShsOutDil": 31949901, "link": "", "finalLink": "", "calculatedOtherExpenses": 0, "calculatedOperatingExpenses": 37733000, "calculatedNetInterest": -499000, "calculatedOtherIncome": 0, "calculatedIncomeNonControlling": 199000, "calculatedEbitda": -14151000}, {"date": "2012-12-31", "symbol": "QTWO", "reportedCurrency": "USD", "cik": "0001410384", "fillingDate": "2012-12-31", "acceptedDate": "2012-12-30 19:00:00", "calendarYear": "2012", "period": "FY", "revenue": 41101000, "costOfRevenue": 25170000, "grossProfit": 15931000, "grossProfitRatio": 0.387606141, "researchAndDevelopmentExpenses": 5317000, "generalAndAdministrativeExpenses": 8780000, "sellingAndMarketingExpenses": 8962000, "sellingGeneralAndAdministrativeExpenses": 17742000, "otherExpenses": 0, "operatingExpenses": 23059000, "costAndExpenses": 48229000, "interestIncome": 4000, "interestExpense": 232000, "depreciationAndAmortization": 1697000, "ebitda": -5427000, "ebitdaratio": -0.132040583, "operatingIncome": -7128000, "operatingIncomeRatio": -0.1734264373, "totalOtherIncomeExpensesNet": -228000, "incomeBeforeTax": -7356000, "incomeBeforeTaxRatio": -0.1789737476, "incomeTaxExpense": 164000, "netIncome": -8779000, "netIncomeRatio": -0.2135957763, "eps": -0.74, "epsdiluted": -0.74, "weightedAverageShsOut": 11345001, "weightedAverageShsOutDil": 11794000, "link": "", "finalLink": "", "calculatedOtherExpenses": 0, "calculatedOperatingExpenses": 23059000, "calculatedNetInterest": -228000, "calculatedOtherIncome": 0, "calculatedIncomeNonControlling": 1259000, "calculatedEbitda": -5431000}, {"date": "2011-12-31", "symbol": "QTWO", "reportedCurrency": "USD", "cik": "0001410384", "fillingDate": "2011-12-31", "acceptedDate": "2011-12-30 19:00:00", "calendarYear": "2011", "period": "FY", "revenue": 26982000, "costOfRevenue": 14795000, "grossProfit": 12187000, "grossProfitRatio": 0.4516714847, "researchAndDevelopmentExpenses": 3428000, "generalAndAdministrativeExpenses": 4857000, "sellingAndMarketingExpenses": 5589000, "sellingGeneralAndAdministrativeExpenses": 10446000, "otherExpenses": 0, "operatingExpenses": 13874000, "costAndExpenses": 28669000, "interestIncome": 7000, "interestExpense": 83000, "depreciationAndAmortization": 1013000, "ebitda": -667000, "ebitdaratio": -0.0247201838, "operatingIncome": -1687000, "operatingIncomeRatio": -0.0625231636, "totalOtherIncomeExpensesNet": -76000, "incomeBeforeTax": -1763000, "incomeBeforeTaxRatio": -0.0653398562, "incomeTaxExpense": 132000, "netIncome": -3027000, "netIncomeRatio": -0.1121859017, "eps": -0.26, "epsdiluted": -0.26, "weightedAverageShsOut": 11794000, "weightedAverageShsOutDil": 11794000, "link": "", "finalLink": "", "calculatedOtherExpenses": 0, "calculatedOperatingExpenses": 13874000, "calculatedNetInterest": -76000, "calculatedOtherIncome": 0, "calculatedIncomeNonControlling": 1132000, "calculatedEbitda": -674000}]}