{"originalCurrency": "USD", "convertedCurrency": "USD", "report": [{"date": "2023-12-31", "symbol": "R", "reportedCurrency": "USD", "cik": "0000085961", "fillingDate": "2024-02-20", "acceptedDate": "2024-02-20 08:03:36", "calendarYear": "2023", "period": "FY", "revenue": 11783000000, "costOfRevenue": 9484000000, "grossProfit": 2299000000, "grossProfitRatio": 0.1951116015, "researchAndDevelopmentExpenses": 0, "generalAndAdministrativeExpenses": 0, "sellingAndMarketingExpenses": 0, "sellingGeneralAndAdministrativeExpenses": 1421000000, "otherExpenses": 7000000, "operatingExpenses": 1421000000, "costAndExpenses": 10905000000, "interestIncome": 0, "interestExpense": 296000000, "depreciationAndAmortization": 1747000000, "ebitda": 2625000000, "ebitdaratio": 0.2227785793, "operatingIncome": 878000000, "operatingIncomeRatio": 0.0745141305, "totalOtherIncomeExpensesNet": -260000000, "incomeBeforeTax": 618000000, "incomeBeforeTaxRatio": 0.0524484427, "incomeTaxExpense": 212000000, "netIncome": 406000000, "netIncomeRatio": 0.0344564203, "eps": 8.95, "epsdiluted": 8.73, "weightedAverageShsOut": 45383000, "weightedAverageShsOutDil": 46486000, "link": "https://www.sec.gov/Archives/edgar/data/85961/000008596124000030/0000085961-24-000030-index.htm", "finalLink": "https://www.sec.gov/Archives/edgar/data/85961/000008596124000030/r-20231231.htm", "calculatedOtherExpenses": 0, "calculatedOperatingExpenses": 1421000000, "calculatedNetInterest": -296000000, "calculatedOtherIncome": 36000000, "calculatedIncomeNonControlling": 0, "calculatedEbitda": 2625000000}, {"date": "2022-12-31", "symbol": "R", "reportedCurrency": "USD", "cik": "0000085961", "fillingDate": "2023-02-15", "acceptedDate": "2023-02-15 16:04:23", "calendarYear": "2022", "period": "FY", "revenue": 12461000000, "costOfRevenue": 9621000000, "grossProfit": 2840000000, "grossProfitRatio": 0.2279110826, "researchAndDevelopmentExpenses": 0, "generalAndAdministrativeExpenses": 0, "sellingAndMarketingExpenses": 0, "sellingGeneralAndAdministrativeExpenses": 1415000000, "otherExpenses": 21000000, "operatingExpenses": 1415000000, "costAndExpenses": 11036000000, "interestIncome": 228000000, "interestExpense": 228000000, "depreciationAndAmortization": 1831000000, "ebitda": 1446000000, "ebitdaratio": 0.1160420512, "operatingIncome": -385000000, "operatingIncomeRatio": -0.0308963968, "totalOtherIncomeExpensesNet": 1601000000, "incomeBeforeTax": 1216000000, "incomeBeforeTaxRatio": 0.0975844635, "incomeTaxExpense": 353000000, "netIncome": 867000000, "netIncomeRatio": 0.0695770805, "eps": 17.4, "epsdiluted": 16.94, "weightedAverageShsOut": 49549000, "weightedAverageShsOutDil": 50887000, "link": "https://www.sec.gov/Archives/edgar/data/85961/000008596123000031/0000085961-23-000031-index.htm", "finalLink": "https://www.sec.gov/Archives/edgar/data/85961/000008596123000031/r-20221231.htm", "calculatedOtherExpenses": 1810000000, "calculatedOperatingExpenses": 3225000000, "calculatedNetInterest": 0, "calculatedOtherIncome": 1601000000, "calculatedIncomeNonControlling": -4000000, "calculatedEbitda": 1446000000}, {"date": "2021-12-31", "symbol": "R", "reportedCurrency": "USD", "cik": "0000085961", "fillingDate": "2022-02-17", "acceptedDate": "2022-02-17 16:38:32", "calendarYear": "2021", "period": "FY", "revenue": 9663000000, "costOfRevenue": 7861400000, "grossProfit": 1801600000, "grossProfitRatio": 0.1864431336, "researchAndDevelopmentExpenses": 0, "generalAndAdministrativeExpenses": 0, "sellingAndMarketingExpenses": 0, "sellingGeneralAndAdministrativeExpenses": 1054500000, "otherExpenses": 132100000, "operatingExpenses": 1186600000, "costAndExpenses": 9048000000, "interestIncome": 214000000, "interestExpense": 213900000, "depreciationAndAmortization": 1811355000, "ebitda": 681500000, "ebitdaratio": 0.0705267515, "operatingIncome": -1129855000, "operatingIncomeRatio": -0.1169259029, "totalOtherIncomeExpensesNet": 1822455000, "incomeBeforeTax": 692600000, "incomeBeforeTaxRatio": 0.0716754631, "incomeTaxExpense": 171000000, "netIncome": 519000000, "netIncomeRatio": 0.0537100279, "eps": 9.87, "epsdiluted": 9.65, "weightedAverageShsOut": 52338000, "weightedAverageShsOutDil": 53508000, "link": "https://www.sec.gov/Archives/edgar/data/85961/000008596122000055/0000085961-22-000055-index.htm", "finalLink": "https://www.sec.gov/Archives/edgar/data/85961/000008596122000055/r-20211231.htm", "calculatedOtherExpenses": 1876955000, "calculatedOperatingExpenses": 2931455000, "calculatedNetInterest": 100000, "calculatedOtherIncome": 1822355000, "calculatedIncomeNonControlling": 2600000, "calculatedEbitda": 681500000}, {"date": "2020-12-31", "symbol": "R", "reportedCurrency": "USD", "cik": "0000085961", "fillingDate": "2021-02-19", "acceptedDate": "2021-02-19 16:10:29", "calendarYear": "2020", "period": "FY", "revenue": 8420100000, "costOfRevenue": 7144600000, "grossProfit": 1275500000, "grossProfitRatio": 0.1514827615, "researchAndDevelopmentExpenses": 0, "generalAndAdministrativeExpenses": 11200000, "sellingAndMarketingExpenses": 921600000, "sellingGeneralAndAdministrativeExpenses": 921600000, "otherExpenses": 123400000, "operatingExpenses": 1045000000, "costAndExpenses": 8189600000, "interestIncome": 261000000, "interestExpense": 261300000, "depreciationAndAmortization": 2142932000, "ebitda": 235700000, "ebitdaratio": 0.0279925417, "operatingIncome": -1907232000, "operatingIncomeRatio": -0.2265094239, "totalOtherIncomeExpensesNet": 1776832000, "incomeBeforeTax": -130400000, "incomeBeforeTaxRatio": -0.0154867519, "incomeTaxExpense": -18400000, "netIncome": -112000000, "netIncomeRatio": -0.0133015047, "eps": -2.14, "epsdiluted": -2.14, "weightedAverageShsOut": 52362000, "weightedAverageShsOutDil": 52362000, "link": "https://www.sec.gov/Archives/edgar/data/85961/000008596121000073/0000085961-21-000073-index.htm", "finalLink": "https://www.sec.gov/Archives/edgar/data/85961/000008596121000073/r-20201231.htm", "calculatedOtherExpenses": 2261132000, "calculatedOperatingExpenses": 3182732000, "calculatedNetInterest": -300000, "calculatedOtherIncome": 1777132000, "calculatedIncomeNonControlling": 0, "calculatedEbitda": 235700000}, {"date": "2019-12-31", "symbol": "R", "reportedCurrency": "USD", "cik": "0000085961", "fillingDate": "2020-02-27", "acceptedDate": "2020-02-27 17:27:10", "calendarYear": "2019", "period": "FY", "revenue": 8925800000, "costOfRevenue": 7555300000, "grossProfit": 1370500000, "grossProfitRatio": 0.15354366, "researchAndDevelopmentExpenses": 0, "generalAndAdministrativeExpenses": 60400000, "sellingAndMarketingExpenses": 907400000, "sellingGeneralAndAdministrativeExpenses": 907400000, "otherExpenses": 122000000, "operatingExpenses": 1029400000, "costAndExpenses": 8584700000, "interestIncome": 241381000, "interestExpense": 241400000, "depreciationAndAmortization": 1980218000, "ebitda": 295800000, "ebitdaratio": 0.0331398866, "operatingIncome": -1684418000, "operatingIncomeRatio": -0.1887133926, "totalOtherIncomeExpensesNet": 1642118000, "incomeBeforeTax": -42300000, "incomeBeforeTaxRatio": -0.004739071, "incomeTaxExpense": -19000000, "netIncome": -23300000, "netIncomeRatio": -0.0026104103, "eps": -0.45, "epsdiluted": -0.45, "weightedAverageShsOut": 52348000, "weightedAverageShsOutDil": 52348000, "link": "https://www.sec.gov/Archives/edgar/data/85961/000008596120000089/0000085961-20-000089-index.htm", "finalLink": "https://www.sec.gov/Archives/edgar/data/85961/000008596120000089/a201910-k.htm", "calculatedOtherExpenses": 2147518000, "calculatedOperatingExpenses": 3054918000, "calculatedNetInterest": -19000, "calculatedOtherIncome": 1642137000, "calculatedIncomeNonControlling": 0, "calculatedEbitda": 295800000}, {"date": "2018-12-31", "symbol": "R", "reportedCurrency": "USD", "cik": "0000085961", "fillingDate": "2019-02-21", "acceptedDate": "2019-02-20 19:23:13", "calendarYear": "2018", "period": "FY", "revenue": 8409100000, "costOfRevenue": 6827700000, "grossProfit": 1581400000, "grossProfitRatio": 0.1880581751, "researchAndDevelopmentExpenses": 0, "generalAndAdministrativeExpenses": 7500000, "sellingAndMarketingExpenses": 854800000, "sellingGeneralAndAdministrativeExpenses": 854800000, "otherExpenses": -2100000, "operatingExpenses": 980100000, "costAndExpenses": 7807800000, "interestIncome": 0, "interestExpense": 178600000, "depreciationAndAmortization": 1426117000, "ebitda": 599300000, "ebitdaratio": 0.0712680311, "operatingIncome": 601421000, "operatingIncomeRatio": 0.0715202578, "totalOtherIncomeExpensesNet": -48900000, "incomeBeforeTax": 373900000, "incomeBeforeTaxRatio": 0.0444637357, "incomeTaxExpense": 98300000, "netIncome": 273300000, "netIncomeRatio": 0.0325005054, "eps": 5.22, "epsdiluted": 5.19, "weightedAverageShsOut": 52390000, "weightedAverageShsOutDil": 52697000, "link": "https://www.sec.gov/Archives/edgar/data/85961/000008596119000033/0000085961-19-000033-index.htm", "finalLink": "https://www.sec.gov/Archives/edgar/data/85961/000008596119000033/a201810-k.htm", "calculatedOtherExpenses": 125179000, "calculatedOperatingExpenses": 979979000, "calculatedNetInterest": -178600000, "calculatedOtherIncome": -48921000, "calculatedIncomeNonControlling": 2300000, "calculatedEbitda": 2027538000}, {"date": "2017-12-31", "symbol": "R", "reportedCurrency": "USD", "cik": "0000085961", "fillingDate": "2018-02-20", "acceptedDate": "2018-02-16 21:38:20", "calendarYear": "2017", "period": "FY", "revenue": 7329600000, "costOfRevenue": 5865700000, "grossProfit": 1463900000, "grossProfitRatio": 0.1997244052, "researchAndDevelopmentExpenses": 0, "generalAndAdministrativeExpenses": 27700000, "sellingAndMarketingExpenses": 872000000, "sellingGeneralAndAdministrativeExpenses": 872000000, "otherExpenses": -7600000, "operatingExpenses": 987500000, "costAndExpenses": 6853200000, "interestIncome": 0, "interestExpense": 140300000, "depreciationAndAmortization": 1267289000, "ebitda": 468600000, "ebitdaratio": 0.0639325475, "operatingIncome": 476278000, "operatingIncomeRatio": 0.0649800808, "totalOtherIncomeExpensesNet": -22100000, "incomeBeforeTax": 313800000, "incomeBeforeTaxRatio": 0.0428127046, "incomeTaxExpense": -477200000, "netIncome": 790600000, "netIncomeRatio": 0.1078640035, "eps": 13.63, "epsdiluted": 13.53, "weightedAverageShsOut": 52613000, "weightedAverageShsOutDil": 52986000, "link": "https://www.sec.gov/Archives/edgar/data/85961/000008596118000035/0000085961-18-000035-index.htm", "finalLink": "https://www.sec.gov/Archives/edgar/data/85961/000008596118000035/a201710-k.htm", "calculatedOtherExpenses": 115622000, "calculatedOperatingExpenses": 987622000, "calculatedNetInterest": -140300000, "calculatedOtherIncome": -22178000, "calculatedIncomeNonControlling": 400000, "calculatedEbitda": 1743567000}, {"date": "2016-12-31", "symbol": "R", "reportedCurrency": "USD", "cik": "0000085961", "fillingDate": "2017-02-14", "acceptedDate": "2017-02-14 16:45:03", "calendarYear": "2016", "period": "FY", "revenue": 6787000000, "costOfRevenue": 5285600000, "grossProfit": 1501400000, "grossProfitRatio": 0.2212170326, "researchAndDevelopmentExpenses": 0, "generalAndAdministrativeExpenses": 330000, "sellingAndMarketingExpenses": 842700000, "sellingGeneralAndAdministrativeExpenses": 842700000, "otherExpenses": 12770000, "operatingExpenses": 956200000, "costAndExpenses": 6241800000, "interestIncome": 0, "interestExpense": 147800000, "depreciationAndAmortization": 1255310000, "ebitda": 558300000, "ebitdaratio": 0.0822602033, "operatingIncome": 545258000, "operatingIncomeRatio": 0.0803385885, "totalOtherIncomeExpensesNet": 8670000, "incomeBeforeTax": 406400000, "incomeBeforeTaxRatio": 0.0598791808, "incomeTaxExpense": 141700000, "netIncome": 262500000, "netIncomeRatio": 0.0386768823, "eps": 4.95, "epsdiluted": 4.91, "weightedAverageShsOut": 53015000, "weightedAverageShsOutDil": 53361000, "link": "https://www.sec.gov/Archives/edgar/data/85961/000008596117000013/0000085961-17-000013-index.htm", "finalLink": "https://www.sec.gov/Archives/edgar/data/85961/000008596117000013/a201610-k.htm", "calculatedOtherExpenses": 113442000, "calculatedOperatingExpenses": 956142000, "calculatedNetInterest": -147800000, "calculatedOtherIncome": 8942000, "calculatedIncomeNonControlling": 2200000, "calculatedEbitda": 1800568000}, {"date": "2015-12-31", "symbol": "R", "reportedCurrency": "USD", "cik": "0000085961", "fillingDate": "2016-02-12", "acceptedDate": "2016-02-12 16:03:09", "calendarYear": "2015", "period": "FY", "revenue": 6572000000, "costOfRevenue": 5086500000, "grossProfit": 1485500000, "grossProfitRatio": 0.2260346926, "researchAndDevelopmentExpenses": 0, "generalAndAdministrativeExpenses": 210000, "sellingAndMarketingExpenses": 844500000, "sellingGeneralAndAdministrativeExpenses": 844500000, "otherExpenses": 9990000, "operatingExpenses": 979500000, "costAndExpenses": 6066000000, "interestIncome": 0, "interestExpense": 150400000, "depreciationAndAmortization": 1210684000, "ebitda": 516000000, "ebitdaratio": 0.0785149117, "operatingIncome": 355475000, "operatingIncomeRatio": 0.0540893183, "totalOtherIncomeExpensesNet": 113590000, "incomeBeforeTax": 469200000, "incomeBeforeTaxRatio": 0.0713937918, "incomeTaxExpense": 163200000, "netIncome": 304800000, "netIncomeRatio": 0.0463785758, "eps": 5.75, "epsdiluted": 5.71, "weightedAverageShsOut": 52814000, "weightedAverageShsOutDil": 53260000, "link": "https://www.sec.gov/Archives/edgar/data/85961/000008596116000079/0000085961-16-000079-index.htm", "finalLink": "https://www.sec.gov/Archives/edgar/data/85961/000008596116000079/a201510-k.htm", "calculatedOtherExpenses": 285525000, "calculatedOperatingExpenses": 1130025000, "calculatedNetInterest": -150400000, "calculatedOtherIncome": 264125000, "calculatedIncomeNonControlling": 1200000, "calculatedEbitda": 1566159000}, {"date": "2014-12-31", "symbol": "R", "reportedCurrency": "USD", "cik": "0000085961", "fillingDate": "2015-02-13", "acceptedDate": "2015-02-13 16:26:42", "calendarYear": "2014", "period": "FY", "revenue": 6638800000, "costOfRevenue": 5255500000, "grossProfit": 1383300000, "grossProfitRatio": 0.2083659698, "researchAndDevelopmentExpenses": 0, "generalAndAdministrativeExpenses": 817000000, "sellingAndMarketingExpenses": 817000000, "sellingGeneralAndAdministrativeExpenses": 817000000, "otherExpenses": 13600000, "operatingExpenses": 943600000, "costAndExpenses": 6199100000, "interestIncome": 0, "interestExpense": 142100000, "depreciationAndAmortization": 1087522000, "ebitda": 453400000, "ebitdaratio": 0.0682954751, "operatingIncome": 440371000, "operatingIncomeRatio": 0.0663329216, "totalOtherIncomeExpensesNet": 40800000, "incomeBeforeTax": 338500000, "incomeBeforeTaxRatio": 0.0509881304, "incomeTaxExpense": 118100000, "netIncome": 218600000, "netIncomeRatio": 0.0329276375, "eps": 4.14, "epsdiluted": 4.11, "weightedAverageShsOut": 52536000, "weightedAverageShsOutDil": 53036000, "link": "https://www.sec.gov/Archives/edgar/data/85961/000008596115000012/0000085961-15-000012-index.htm", "finalLink": "https://www.sec.gov/Archives/edgar/data/85961/000008596115000012/a201410-k.htm", "calculatedOtherExpenses": 125929000, "calculatedOperatingExpenses": 942929000, "calculatedNetInterest": -142100000, "calculatedOtherIncome": 40229000, "calculatedIncomeNonControlling": 1800000, "calculatedEbitda": 1527893000}, {"date": "2013-12-31", "symbol": "R", "reportedCurrency": "USD", "cik": "0000085961", "fillingDate": "2014-02-14", "acceptedDate": "2014-02-13 17:39:24", "calendarYear": "2013", "period": "FY", "revenue": 6419300000, "costOfRevenue": 5096600000, "grossProfit": 1322700000, "grossProfitRatio": 0.2060505039, "researchAndDevelopmentExpenses": 0, "generalAndAdministrativeExpenses": 0, "sellingAndMarketingExpenses": 790700000, "sellingGeneralAndAdministrativeExpenses": 790700000, "otherExpenses": 15400000, "operatingExpenses": 928600000, "costAndExpenses": 6025200000, "interestIncome": 0, "interestExpense": 137200000, "depreciationAndAmortization": 1013530000, "ebitda": 409400000, "ebitdaratio": 0.0637764242, "operatingIncome": 256878000, "operatingIncomeRatio": 0.0400165127, "totalOtherIncomeExpensesNet": 112100000, "incomeBeforeTax": 368900000, "incomeBeforeTaxRatio": 0.0574673251, "incomeTaxExpense": 125700000, "netIncome": 237800000, "netIncomeRatio": 0.0370445376, "eps": 4.46, "epsdiluted": 4.46, "weightedAverageShsOut": 52067984, "weightedAverageShsOutDil": 53335386, "link": "https://www.sec.gov/Archives/edgar/data/85961/000008596114000006/0000085961-14-000006-index.htm", "finalLink": "https://www.sec.gov/Archives/edgar/data/85961/000008596114000006/a201310-k.htm", "calculatedOtherExpenses": 275122000, "calculatedOperatingExpenses": 1065822000, "calculatedNetInterest": -137200000, "calculatedOtherIncome": 249222000, "calculatedIncomeNonControlling": 5400000, "calculatedEbitda": 1270408000}, {"date": "2012-12-31", "symbol": "R", "reportedCurrency": "USD", "cik": "0000085961", "fillingDate": "2013-02-14", "acceptedDate": "2013-02-14 16:42:56", "calendarYear": "2012", "period": "FY", "revenue": 6257000000, "costOfRevenue": 5003500000, "grossProfit": 1253500000, "grossProfitRatio": 0.2003356241, "researchAndDevelopmentExpenses": 0, "generalAndAdministrativeExpenses": 0, "sellingAndMarketingExpenses": 766300000, "sellingGeneralAndAdministrativeExpenses": 766300000, "otherExpenses": 11700000, "operatingExpenses": 902200000, "costAndExpenses": 5905700000, "interestIncome": 0, "interestExpense": 140600000, "depreciationAndAmortization": 988886000, "ebitda": 363100000, "ebitdaratio": 0.0580310053, "operatingIncome": 210352000, "operatingIncomeRatio": 0.0336186671, "totalOtherIncomeExpensesNet": 92300000, "incomeBeforeTax": 303100000, "incomeBeforeTaxRatio": 0.0484417452, "incomeTaxExpense": 102200000, "netIncome": 210000000, "netIncomeRatio": 0.0335624101, "eps": 4.09, "epsdiluted": 4.09, "weightedAverageShsOut": 50737450, "weightedAverageShsOutDil": 51371696, "link": "https://www.sec.gov/Archives/edgar/data/85961/000008596113000007/0000085961-13-000007-index.htm", "finalLink": "https://www.sec.gov/Archives/edgar/data/85961/000008596113000007/a201210-k.htm", "calculatedOtherExpenses": 276848000, "calculatedOperatingExpenses": 1043148000, "calculatedNetInterest": -140600000, "calculatedOtherIncome": 233348000, "calculatedIncomeNonControlling": -9100000, "calculatedEbitda": 1199238000}, {"date": "2011-12-31", "symbol": "R", "reportedCurrency": "USD", "cik": "0000085961", "fillingDate": "2012-02-16", "acceptedDate": "2012-02-16 17:27:41", "calendarYear": "2011", "period": "FY", "revenue": 6050500000, "costOfRevenue": 1220800000, "grossProfit": 4829700000, "grossProfitRatio": 0.7982315511, "researchAndDevelopmentExpenses": 0, "generalAndAdministrativeExpenses": 1561000000, "sellingAndMarketingExpenses": 769110000, "sellingGeneralAndAdministrativeExpenses": 1561000000, "otherExpenses": 9100000, "operatingExpenses": 4483400000, "costAndExpenses": 5704200000, "interestIncome": 0, "interestExpense": 133200000, "depreciationAndAmortization": 872300000, "ebitda": 355500000, "ebitdaratio": 0.0587554748, "operatingIncome": 211070000, "operatingIncomeRatio": 0.0348847203, "totalOtherIncomeExpensesNet": 66200000, "incomeBeforeTax": 279400000, "incomeBeforeTaxRatio": 0.0461780018, "incomeTaxExpense": 108000000, "netIncome": 169800000, "netIncomeRatio": 0.0280637964, "eps": 3.32, "epsdiluted": 3.28, "weightedAverageShsOut": 51143946, "weightedAverageShsOutDil": 51143946, "link": "https://www.sec.gov/Archives/edgar/data/85961/000119312512065540/0001193125-12-065540-index.htm", "finalLink": "https://www.sec.gov/Archives/edgar/data/85961/000119312512065540/d258773d10k.htm", "calculatedOtherExpenses": 3057630000, "calculatedOperatingExpenses": 4618630000, "calculatedNetInterest": -133200000, "calculatedOtherIncome": 201530000, "calculatedIncomeNonControlling": 1600000, "calculatedEbitda": 1083370000}, {"date": "2010-12-31", "symbol": "R", "reportedCurrency": "USD", "cik": "0000085961", "fillingDate": "2011-02-15", "acceptedDate": "2011-02-14 20:00:01", "calendarYear": "2010", "period": "FY", "revenue": 5136400000, "costOfRevenue": 1095100000, "grossProfit": 4041300000, "grossProfitRatio": 0.7867961997, "researchAndDevelopmentExpenses": 0, "generalAndAdministrativeExpenses": 1318900000, "sellingAndMarketingExpenses": 0, "sellingGeneralAndAdministrativeExpenses": 1318900000, "otherExpenses": 6200000, "operatingExpenses": 3756700000, "costAndExpenses": 4851800000, "interestIncome": 0, "interestExpense": 130000000, "depreciationAndAmortization": 833800000, "ebitda": 290800000, "ebitdaratio": 0.0566155284, "operatingIncome": 284555000, "operatingIncomeRatio": 0.0553996963, "totalOtherIncomeExpensesNet": 31700000, "incomeBeforeTax": 186300000, "incomeBeforeTaxRatio": 0.0362705397, "incomeTaxExpense": 61700000, "netIncome": 118200000, "netIncomeRatio": 0.0230122265, "eps": 2.31, "epsdiluted": 2.25, "weightedAverageShsOut": 51174757, "weightedAverageShsOutDil": 51900000, "link": "https://www.sec.gov/Archives/edgar/data/85961/000095012311013941/0000950123-11-013941-index.htm", "finalLink": "https://www.sec.gov/Archives/edgar/data/85961/000095012311013941/g25403e10vk.htm", "calculatedOtherExpenses": 2437845000, "calculatedOperatingExpenses": 3756745000, "calculatedNetInterest": -130000000, "calculatedOtherIncome": 31745000, "calculatedIncomeNonControlling": 6400000, "calculatedEbitda": 1118355000}, {"date": "2009-12-31", "symbol": "R", "reportedCurrency": "USD", "cik": "0000085961", "fillingDate": "2010-02-12", "acceptedDate": "2010-02-12 12:32:06", "calendarYear": "2009", "period": "FY", "revenue": 4887200000, "costOfRevenue": 1080100000, "grossProfit": 3807100000, "grossProfitRatio": 0.7789941071, "researchAndDevelopmentExpenses": 0, "generalAndAdministrativeExpenses": 1299000000, "sellingAndMarketingExpenses": 0, "sellingGeneralAndAdministrativeExpenses": 1299000000, "otherExpenses": 10400000, "operatingExpenses": 3528500000, "costAndExpenses": 4608600000, "interestIncome": 0, "interestExpense": 144300000, "depreciationAndAmortization": 874500000, "ebitda": 288900000, "ebitdaratio": 0.0591136029, "operatingIncome": 278568000, "operatingIncomeRatio": 0.0569995089, "totalOtherIncomeExpensesNet": 9600000, "incomeBeforeTax": 143800000, "incomeBeforeTaxRatio": 0.0294238009, "incomeTaxExpense": 53700000, "netIncome": 61900000, "netIncomeRatio": 0.0126657391, "eps": 1.16, "epsdiluted": 1.11, "weightedAverageShsOut": 55339000, "weightedAverageShsOutDil": 55339000, "link": "https://www.sec.gov/Archives/edgar/data/85961/000095012310012013/0000950123-10-012013-index.htm", "finalLink": "https://www.sec.gov/Archives/edgar/data/85961/000095012310012013/g21972e10vk.htm", "calculatedOtherExpenses": 2229532000, "calculatedOperatingExpenses": 3528532000, "calculatedNetInterest": -144300000, "calculatedOtherIncome": 9532000, "calculatedIncomeNonControlling": 28200000, "calculatedEbitda": 1153068000}, {"date": "2008-12-31", "symbol": "R", "reportedCurrency": "USD", "cik": "0000085961", "fillingDate": "2009-02-11", "acceptedDate": "2009-02-11 17:22:33", "calendarYear": "2008", "period": "FY", "revenue": 6203700000, "costOfRevenue": 1166900000, "grossProfit": 5036800000, "grossProfitRatio": 0.8119025743, "researchAndDevelopmentExpenses": 0, "generalAndAdministrativeExpenses": 1479200000, "sellingAndMarketingExpenses": 0, "sellingGeneralAndAdministrativeExpenses": 1479200000, "otherExpenses": -1700000, "operatingExpenses": 4508800000, "costAndExpenses": 5675700000, "interestIncome": 0, "interestExpense": 157300000, "depreciationAndAmortization": 843500000, "ebitda": 526300000, "ebitdaratio": 0.0848364686, "operatingIncome": 528003000, "operatingIncomeRatio": 0.0851109822, "totalOtherIncomeExpensesNet": -20800000, "incomeBeforeTax": 349900000, "incomeBeforeTaxRatio": 0.0564018247, "incomeTaxExpense": 150000000, "netIncome": 199900000, "netIncomeRatio": 0.0322227058, "eps": 3.59, "epsdiluted": 3.52, "weightedAverageShsOut": 56552000, "weightedAverageShsOutDil": 56800000, "link": "https://www.sec.gov/Archives/edgar/data/85961/000095014409001161/0000950144-09-001161-index.htm", "finalLink": "https://www.sec.gov/Archives/edgar/data/85961/000095014409001161/g17573e10vk.htm", "calculatedOtherExpenses": 3029597000, "calculatedOperatingExpenses": 4508797000, "calculatedNetInterest": -157300000, "calculatedOtherIncome": -20803000, "calculatedIncomeNonControlling": 0, "calculatedEbitda": 1371503000}, {"date": "2007-12-31", "symbol": "R", "reportedCurrency": "USD", "cik": "0000085961", "fillingDate": "2008-02-12", "acceptedDate": "2008-02-12 17:01:58", "calendarYear": "2007", "period": "FY", "revenue": 6565995000, "costOfRevenue": 1766462000, "grossProfit": 4799533000, "grossProfitRatio": 0.7309681168, "researchAndDevelopmentExpenses": 0, "generalAndAdministrativeExpenses": 1503725000, "sellingAndMarketingExpenses": 0, "sellingGeneralAndAdministrativeExpenses": 1503725000, "otherExpenses": 5794000, "operatingExpenses": 4280724000, "costAndExpenses": 6047186000, "interestIncome": 0, "interestExpense": 160074000, "depreciationAndAmortization": 814011000, "ebitda": 1338614000, "ebitdaratio": 0.2038707005, "operatingIncome": 518809000, "operatingIncomeRatio": 0.0790145286, "totalOtherIncomeExpensesNet": 46729000, "incomeBeforeTax": 405464000, "incomeBeforeTaxRatio": 0.0617521031, "incomeTaxExpense": 151603000, "netIncome": 253861000, "netIncomeRatio": 0.0386629901, "eps": 4.25, "epsdiluted": 4.22, "weightedAverageShsOut": 59324000, "weightedAverageShsOutDil": 59728000, "link": "https://www.sec.gov/Archives/edgar/data/85961/000095014408000905/0000950144-08-000905-index.htm", "finalLink": "https://www.sec.gov/Archives/edgar/data/85961/000095014408000905/g11625e10vk.htm", "calculatedOtherExpenses": 2776999000, "calculatedOperatingExpenses": 4280724000, "calculatedNetInterest": -160074000, "calculatedOtherIncome": 46729000, "calculatedIncomeNonControlling": 0, "calculatedEbitda": 1332820000}, {"date": "2006-12-31", "symbol": "R", "reportedCurrency": "USD", "cik": "0000085961", "fillingDate": "2007-02-15", "acceptedDate": "2007-02-14 20:23:53", "calendarYear": "2006", "period": "FY", "revenue": 6306643000, "costOfRevenue": 1608763000, "grossProfit": 4697880000, "grossProfitRatio": 0.7449097721, "researchAndDevelopmentExpenses": 0, "generalAndAdministrativeExpenses": 1500688000, "sellingAndMarketingExpenses": 0, "sellingGeneralAndAdministrativeExpenses": 1500688000, "otherExpenses": 11732000, "operatingExpenses": 4223280000, "costAndExpenses": 5832043000, "interestIncome": 0, "interestExpense": 140561000, "depreciationAndAmortization": 757394000, "ebitda": 1243726000, "ebitdaratio": 0.1972088796, "operatingIncome": 474600000, "operatingIncomeRatio": 0.0752539822, "totalOtherIncomeExpensesNet": 58934000, "incomeBeforeTax": 392973000, "incomeBeforeTaxRatio": 0.0623109632, "incomeTaxExpense": 144014000, "netIncome": 248959000, "netIncomeRatio": 0.0394756767, "eps": 4.09, "epsdiluted": 4.04, "weightedAverageShsOut": 60873000, "weightedAverageShsOutDil": 61578000, "link": "https://www.sec.gov/Archives/edgar/data/85961/000095014407001288/0000950144-07-001288-index.htm", "finalLink": "https://www.sec.gov/Archives/edgar/data/85961/000095014407001288/g05335e10vk.htm", "calculatedOtherExpenses": 2722592000, "calculatedOperatingExpenses": 4223280000, "calculatedNetInterest": -140561000, "calculatedOtherIncome": 58934000, "calculatedIncomeNonControlling": 0, "calculatedEbitda": 1231994000}, {"date": "2005-12-31", "symbol": "R", "reportedCurrency": "USD", "cik": "0000085961", "fillingDate": "2006-02-17", "acceptedDate": "2006-02-17 15:01:46", "calendarYear": "2005", "period": "FY", "revenue": 5740847000, "costOfRevenue": 2572241000, "grossProfit": 3168606000, "grossProfitRatio": 0.5519405063, "researchAndDevelopmentExpenses": 0, "generalAndAdministrativeExpenses": 0, "sellingAndMarketingExpenses": 0, "sellingGeneralAndAdministrativeExpenses": 1262160000, "otherExpenses": 3312656000, "operatingExpenses": 4574816000, "costAndExpenses": 7147057000, "interestIncome": 0, "interestExpense": 120474000, "depreciationAndAmortization": 754771000, "ebitda": -639119000, "ebitdaratio": -0.1113283458, "operatingIncome": -1406210000, "operatingIncomeRatio": -0.2449481758, "totalOtherIncomeExpensesNet": -12320000, "incomeBeforeTax": 357088000, "incomeBeforeTaxRatio": 0.0622012745, "incomeTaxExpense": 129460000, "netIncome": 226929000, "netIncomeRatio": 0.0395288361, "eps": 3.56, "epsdiluted": 3.52, "weightedAverageShsOut": 63758000, "weightedAverageShsOutDil": 64560000, "link": "https://www.sec.gov/Archives/edgar/data/85961/000095014406001313/0000950144-06-001313-index.htm", "finalLink": "https://www.sec.gov/Archives/edgar/data/85961/000095014406001313/g99593e10vk.htm", "calculatedOtherExpenses": 3312656000, "calculatedOperatingExpenses": 4574816000, "calculatedNetInterest": -120474000, "calculatedOtherIncome": 1883772000, "calculatedIncomeNonControlling": 699000, "calculatedEbitda": -651439000}, {"date": "2004-12-31", "symbol": "R", "reportedCurrency": "USD", "cik": "0000085961", "fillingDate": "2005-02-24", "acceptedDate": "2005-02-24 17:13:31", "calendarYear": "2004", "period": "FY", "revenue": 5150278000, "costOfRevenue": 2840910000, "grossProfit": 2309368000, "grossProfitRatio": 0.4483967662, "researchAndDevelopmentExpenses": 0, "generalAndAdministrativeExpenses": 0, "sellingAndMarketingExpenses": 0, "sellingGeneralAndAdministrativeExpenses": 1233038000, "otherExpenses": 3438470000, "operatingExpenses": 4671508000, "costAndExpenses": 7512418000, "interestIncome": 0, "interestExpense": 100114000, "depreciationAndAmortization": 706028000, "ebitda": -1665034000, "ebitdaratio": -0.3232901214, "operatingIncome": -2362140000, "operatingIncomeRatio": -0.4586432033, "totalOtherIncomeExpensesNet": 8922000, "incomeBeforeTax": 331122000, "incomeBeforeTaxRatio": 0.0642920635, "incomeTaxExpense": 115513000, "netIncome": 215609000, "netIncomeRatio": 0.0418635654, "eps": 3.35, "epsdiluted": 3.28, "weightedAverageShsOut": 64280000, "weightedAverageShsOutDil": 65671000, "link": "https://www.sec.gov/Archives/edgar/data/85961/000095014405001833/0000950144-05-001833-index.htm", "finalLink": "https://www.sec.gov/Archives/edgar/data/85961/000095014405001833/g93160e10vk.htm", "calculatedOtherExpenses": 3438470000, "calculatedOperatingExpenses": 4671508000, "calculatedNetInterest": -100114000, "calculatedOtherIncome": 2793376000, "calculatedIncomeNonControlling": 0, "calculatedEbitda": -1656112000}, {"date": "2003-12-31", "symbol": "R", "reportedCurrency": "USD", "cik": "0000085961", "fillingDate": "2004-02-26", "acceptedDate": "2004-02-26 16:16:18", "calendarYear": "2003", "period": "FY", "revenue": 4802294000, "costOfRevenue": 2654308000, "grossProfit": 2147986000, "grossProfitRatio": 0.4472833192, "researchAndDevelopmentExpenses": 0, "generalAndAdministrativeExpenses": 0, "sellingAndMarketingExpenses": 0, "sellingGeneralAndAdministrativeExpenses": 1242930000, "otherExpenses": 3078020000, "operatingExpenses": 4320950000, "costAndExpenses": 6975258000, "interestIncome": 0, "interestExpense": 96169000, "depreciationAndAmortization": 624580000, "ebitda": -1536456000, "ebitdaratio": -0.3199420943, "operatingIncome": -2172964000, "operatingIncomeRatio": -0.4524845834, "totalOtherIncomeExpensesNet": -11928000, "incomeBeforeTax": 212475000, "incomeBeforeTaxRatio": 0.0442444798, "incomeTaxExpense": 76916000, "netIncome": 131436000, "netIncomeRatio": 0.0273694197, "eps": 2.09, "epsdiluted": 2.06, "weightedAverageShsOut": 62888038, "weightedAverageShsOutDil": 63803883, "link": "https://www.sec.gov/Archives/edgar/data/85961/000095014404001726/0000950144-04-001726-index.htm", "finalLink": "https://www.sec.gov/Archives/edgar/data/85961/000095014404001726/g87267e10vk.htm", "calculatedOtherExpenses": 3078020000, "calculatedOperatingExpenses": 4320950000, "calculatedNetInterest": -96169000, "calculatedOtherIncome": 2481608000, "calculatedIncomeNonControlling": 4123000, "calculatedEbitda": -1548384000}, {"date": "2002-12-31", "symbol": "R", "reportedCurrency": "USD", "cik": "0000085961", "fillingDate": "2003-03-03", "acceptedDate": "2003-03-03 16:48:38", "calendarYear": "2002", "period": "FY", "revenue": 4776265000, "costOfRevenue": 2707284000, "grossProfit": 2068981000, "grossProfitRatio": 0.4331796917, "researchAndDevelopmentExpenses": 0, "generalAndAdministrativeExpenses": 0, "sellingAndMarketingExpenses": 0, "sellingGeneralAndAdministrativeExpenses": 1268704000, "otherExpenses": 2916244000, "operatingExpenses": 4184948000, "costAndExpenses": 6892232000, "interestIncome": 0, "interestExpense": 91718000, "depreciationAndAmortization": 552491000, "ebitda": -1549452000, "ebitdaratio": -0.3244066232, "operatingIncome": -2115967000, "operatingIncomeRatio": -0.4430170855, "totalOtherIncomeExpensesNet": -14024000, "incomeBeforeTax": 175883000, "incomeBeforeTaxRatio": 0.0368243806, "incomeTaxExpense": 63318000, "netIncome": 93666000, "netIncomeRatio": 0.0196107209, "eps": 1.52, "epsdiluted": 1.5, "weightedAverageShsOut": 61622368, "weightedAverageShsOutDil": 62444000, "link": "https://www.sec.gov/Archives/edgar/data/85961/000095014403002557/0000950144-03-002557-index.htm", "finalLink": "https://www.sec.gov/Archives/edgar/data/85961/000095014403002557/g80847e10vk.htm", "calculatedOtherExpenses": 2916244000, "calculatedOperatingExpenses": 4184948000, "calculatedNetInterest": -91718000, "calculatedOtherIncome": 2383568000, "calculatedIncomeNonControlling": 18899000, "calculatedEbitda": -1563476000}, {"date": "2001-12-31", "symbol": "R", "reportedCurrency": "USD", "cik": "0000085961", "fillingDate": "2002-03-25", "acceptedDate": "2002-03-25 00:00:00", "calendarYear": "2001", "period": "FY", "revenue": 5006123000, "costOfRevenue": 2995937000, "grossProfit": 2010186000, "grossProfitRatio": 0.4015454674, "researchAndDevelopmentExpenses": 0, "generalAndAdministrativeExpenses": 1212184000, "sellingAndMarketingExpenses": 0, "sellingGeneralAndAdministrativeExpenses": 1212184000, "otherExpenses": 3114398000, "operatingExpenses": 4326582000, "costAndExpenses": 7322519000, "interestIncome": 0, "interestExpense": 0, "depreciationAndAmortization": 545485000, "ebitda": -1653013000, "ebitdaratio": -0.3301982392, "operatingIncome": -2316396000, "operatingIncomeRatio": -0.4627125622, "totalOtherIncomeExpensesNet": -117898000, "incomeBeforeTax": 30706000, "incomeBeforeTaxRatio": 0.0061336887, "incomeTaxExpense": 12028000, "netIncome": 18678000, "netIncomeRatio": 0.003731031, "eps": 0.31, "epsdiluted": 0.31, "weightedAverageShsOut": 60251613, "weightedAverageShsOutDil": 60251613, "link": "https://www.sec.gov/Archives/edgar/data/85961/000102140802004103/0001021408-02-004103-index.htm", "finalLink": "https://www.sec.gov/Archives/edgar/data/85961/000102140802004103/d10k.txt", "calculatedOtherExpenses": 3114398000, "calculatedOperatingExpenses": 4326582000, "calculatedNetInterest": 0, "calculatedOtherIncome": 2347102000, "calculatedIncomeNonControlling": 0, "calculatedEbitda": -1770911000}, {"date": "2000-12-31", "symbol": "R", "reportedCurrency": "USD", "cik": "0000085961", "fillingDate": "2001-03-26", "acceptedDate": "2001-03-26 00:00:00", "calendarYear": "2000", "period": "FY", "revenue": 5336792000, "costOfRevenue": 4397930000, "grossProfit": 938862000, "grossProfitRatio": 0.1759225392, "researchAndDevelopmentExpenses": 0, "generalAndAdministrativeExpenses": 0, "sellingAndMarketingExpenses": 0, "sellingGeneralAndAdministrativeExpenses": 0, "otherExpenses": 4625450000, "operatingExpenses": 4625450000, "costAndExpenses": 9023380000, "interestIncome": 0, "interestExpense": 0, "depreciationAndAmortization": 580356000, "ebitda": -3071760000, "ebitdaratio": -0.5755817352, "operatingIncome": -3686588000, "operatingIncomeRatio": -0.6907872745, "totalOtherIncomeExpensesNet": -34472000, "incomeBeforeTax": 141321000, "incomeBeforeTaxRatio": 0.0264805149, "incomeTaxExpense": 52289000, "netIncome": 89032000, "netIncomeRatio": 0.0166826813, "eps": 1.48, "epsdiluted": 1.48, "weightedAverageShsOut": 59238462, "weightedAverageShsOutDil": 59753020, "link": "https://www.sec.gov/Archives/edgar/data/85961/000095017001000394/0000950170-01-000394-index.htm", "finalLink": "https://www.sec.gov/Archives/edgar/data/85961/000095017001000394/0000950170-01-000394-0001.txt", "calculatedOtherExpenses": 4625450000, "calculatedOperatingExpenses": 4625450000, "calculatedNetInterest": 0, "calculatedOtherIncome": 3827909000, "calculatedIncomeNonControlling": 0, "calculatedEbitda": -3106232000}, {"date": "1999-12-31", "symbol": "R", "reportedCurrency": "USD", "cik": "0000085961", "fillingDate": "2000-03-13", "acceptedDate": "2000-03-13 00:00:00", "calendarYear": "1999", "period": "FY", "revenue": 4952204000, "costOfRevenue": 3984700000, "grossProfit": 967504000, "grossProfitRatio": 0.1953683653, "researchAndDevelopmentExpenses": 0, "generalAndAdministrativeExpenses": 0, "sellingAndMarketingExpenses": 0, "sellingGeneralAndAdministrativeExpenses": 0, "otherExpenses": 4577656000, "operatingExpenses": 4577656000, "costAndExpenses": 8562356000, "interestIncome": 0, "interestExpense": 0, "depreciationAndAmortization": 566765000, "ebitda": -2964565000, "ebitdaratio": -0.5986354762, "operatingIncome": -3610152000, "operatingIncomeRatio": -0.7289990477, "totalOtherIncomeExpensesNet": -78822000, "incomeBeforeTax": 117494000, "incomeBeforeTaxRatio": 0.0237255977, "incomeTaxExpense": 44577000, "netIncome": 419678000, "netIncomeRatio": 0.0847457011, "eps": 6.12, "epsdiluted": 6.11, "weightedAverageShsOut": 68574837, "weightedAverageShsOutDil": 68687070, "link": "https://www.sec.gov/Archives/edgar/data/85961/000095017000000371/0000950170-00-000371-index.html", "finalLink": "https://www.sec.gov/Archives/edgar/data/85961/000095017000000371/", "calculatedOtherExpenses": 4577656000, "calculatedOperatingExpenses": 4577656000, "calculatedNetInterest": 0, "calculatedOtherIncome": 3727646000, "calculatedIncomeNonControlling": -346761000, "calculatedEbitda": -3043387000}, {"date": "1998-12-31", "symbol": "R", "reportedCurrency": "USD", "cik": "0000085961", "fillingDate": "1999-03-26", "acceptedDate": "1999-03-26 00:00:00", "calendarYear": "1998", "period": "FY", "revenue": 5188724000, "costOfRevenue": 4133200000, "grossProfit": 1055524000, "grossProfitRatio": 0.2034265072, "researchAndDevelopmentExpenses": 0, "generalAndAdministrativeExpenses": 0, "sellingAndMarketingExpenses": 0, "sellingGeneralAndAdministrativeExpenses": 0, "otherExpenses": 4739641000, "operatingExpenses": 4739641000, "costAndExpenses": 8872841000, "interestIncome": 0, "interestExpense": 0, "depreciationAndAmortization": 604281000, "ebitda": -3073106000, "ebitdaratio": -0.5922662296, "operatingIncome": -3684117000, "operatingIncomeRatio": -0.7100236975, "totalOtherIncomeExpensesNet": -6730000, "incomeBeforeTax": 256956000, "incomeBeforeTaxRatio": 0.0495220019, "incomeTaxExpense": 97885000, "netIncome": 159071000, "netIncomeRatio": 0.0306570556, "eps": 2.18, "epsdiluted": 2.16, "weightedAverageShsOut": 72968349, "weightedAverageShsOutDil": 73643981, "link": "https://www.sec.gov/Archives/edgar/data/85961/000095017099000421/0000950170-99-000421-index.html", "finalLink": "https://www.sec.gov/Archives/edgar/data/85961/", "calculatedOtherExpenses": 4739641000, "calculatedOperatingExpenses": 4739641000, "calculatedNetInterest": 0, "calculatedOtherIncome": 3941073000, "calculatedIncomeNonControlling": 0, "calculatedEbitda": -3079836000}, {"date": "1997-12-31", "symbol": "R", "reportedCurrency": "USD", "cik": "0000085961", "fillingDate": "1998-03-30", "acceptedDate": "1998-03-30 00:00:00", "calendarYear": "1997", "period": "FY", "revenue": 4893905000, "costOfRevenue": 3848800000, "grossProfit": 1045105000, "grossProfitRatio": 0.2135523677, "researchAndDevelopmentExpenses": 0, "generalAndAdministrativeExpenses": 0, "sellingAndMarketingExpenses": 0, "sellingGeneralAndAdministrativeExpenses": 0, "otherExpenses": 4450259000, "operatingExpenses": 4450259000, "costAndExpenses": 8299059000, "interestIncome": 0, "interestExpense": 0, "depreciationAndAmortization": 592279000, "ebitda": -2803208000, "ebitdaratio": -0.5727957531, "operatingIncome": -3405154000, "operatingIncomeRatio": -0.6957948714, "totalOtherIncomeExpensesNet": -9667000, "incomeBeforeTax": 263952000, "incomeBeforeTaxRatio": 0.0539348434, "incomeTaxExpense": 103714000, "netIncome": 175685000, "netIncomeRatio": 0.0358987353, "eps": 2.28, "epsdiluted": 2.28, "weightedAverageShsOut": 59517544, "weightedAverageShsOutDil": 59517544, "link": "https://www.sec.gov/Archives/edgar/data/85961/000095017098000548/0000950170-98-000548-index.html", "finalLink": "https://www.sec.gov/Archives/edgar/data/85961/", "calculatedOtherExpenses": 4450259000, "calculatedOperatingExpenses": 4450259000, "calculatedNetInterest": 0, "calculatedOtherIncome": 3669106000, "calculatedIncomeNonControlling": -15447000, "calculatedEbitda": -2812875000}, {"date": "1996-12-31", "symbol": "R", "reportedCurrency": "USD", "cik": "0000085961", "fillingDate": "1997-03-26", "acceptedDate": "1997-03-26 00:00:00", "calendarYear": "1996", "period": "FY", "revenue": 5519415000, "costOfRevenue": 4641500000, "grossProfit": 877915000, "grossProfitRatio": 0.1590594293, "researchAndDevelopmentExpenses": 0, "generalAndAdministrativeExpenses": 0, "sellingAndMarketingExpenses": 0, "sellingGeneralAndAdministrativeExpenses": 0, "otherExpenses": 5354872000, "operatingExpenses": 5354872000, "costAndExpenses": 9996372000, "interestIncome": 0, "interestExpense": 0, "depreciationAndAmortization": 713344000, "ebitda": -3739172000, "ebitdaratio": -0.6774580277, "operatingIncome": -4476957000, "operatingIncomeRatio": -0.8111288968, "totalOtherIncomeExpensesNet": -24441000, "incomeBeforeTax": -17623000, "incomeBeforeTaxRatio": -0.0031929108, "incomeTaxExpense": 13664000, "netIncome": -41318000, "netIncomeRatio": -0.0074859383, "eps": -0.51, "epsdiluted": -0.51, "weightedAverageShsOut": 80980392, "weightedAverageShsOutDil": 80980392, "link": "https://www.sec.gov/Archives/edgar/data/85961/000095017097000308/0000950170-97-000308-index.html", "finalLink": "https://www.sec.gov/Archives/edgar/data/85961/", "calculatedOtherExpenses": 5354872000, "calculatedOperatingExpenses": 5354872000, "calculatedNetInterest": 0, "calculatedOtherIncome": 4459334000, "calculatedIncomeNonControlling": 10031000, "calculatedEbitda": -3763613000}, {"date": "1995-12-31", "symbol": "R", "reportedCurrency": "USD", "cik": "0000085961", "fillingDate": "1996-03-27", "acceptedDate": "1996-03-27 00:00:00", "calendarYear": "1995", "period": "FY", "revenue": 5167421000, "costOfRevenue": 4049300000, "grossProfit": 1118121000, "grossProfitRatio": 0.2163789248, "researchAndDevelopmentExpenses": 0, "generalAndAdministrativeExpenses": 0, "sellingAndMarketingExpenses": 0, "sellingGeneralAndAdministrativeExpenses": 0, "otherExpenses": 4713395000, "operatingExpenses": 4713395000, "costAndExpenses": 8762695000, "interestIncome": 0, "interestExpense": 0, "depreciationAndAmortization": 664073000, "ebitda": -2929684000, "ebitdaratio": -0.5669528378, "operatingIncome": -3595274000, "operatingIncomeRatio": -0.6957579032, "totalOtherIncomeExpensesNet": -1517000, "incomeBeforeTax": 264386000, "incomeBeforeTaxRatio": 0.0511640139, "incomeTaxExpense": 108961000, "netIncome": 147666000, "netIncomeRatio": 0.028576344, "eps": 1.86, "epsdiluted": 1.86, "weightedAverageShsOut": 79390323, "weightedAverageShsOutDil": 79390323, "link": "https://www.sec.gov/Archives/edgar/data/85961/000095014496001219/0000950144-96-001219-index.html", "finalLink": "https://www.sec.gov/Archives/edgar/data/85961/", "calculatedOtherExpenses": 4713395000, "calculatedOperatingExpenses": 4713395000, "calculatedNetInterest": 0, "calculatedOtherIncome": 3859660000, "calculatedIncomeNonControlling": 7759000, "calculatedEbitda": -2931201000}, {"date": "1994-12-31", "symbol": "R", "reportedCurrency": "USD", "cik": "0000085961", "fillingDate": "1995-03-29", "acceptedDate": "1995-03-29 00:00:00", "calendarYear": "1994", "period": "FY", "revenue": 4685603000, "costOfRevenue": 3686100000, "grossProfit": 999503000, "grossProfitRatio": 0.2133136333, "researchAndDevelopmentExpenses": 0, "generalAndAdministrativeExpenses": 0, "sellingAndMarketingExpenses": 0, "sellingGeneralAndAdministrativeExpenses": 0, "otherExpenses": 4277722000, "operatingExpenses": 4277722000, "costAndExpenses": 7963822000, "interestIncome": 0, "interestExpense": 0, "depreciationAndAmortization": 591669000, "ebitda": -2689177000, "ebitdaratio": -0.5739233563, "operatingIncome": -3278219000, "operatingIncomeRatio": -0.6996365249, "totalOtherIncomeExpensesNet": 2627000, "incomeBeforeTax": 260519000, "incomeBeforeTaxRatio": 0.0555998876, "incomeTaxExpense": 106990000, "netIncome": 153529000, "netIncomeRatio": 0.0327661136, "eps": 1.95, "epsdiluted": 1.95, "weightedAverageShsOut": 78732821, "weightedAverageShsOutDil": 78732821, "link": "https://www.sec.gov/Archives/edgar/data/85961/000095014495000818/0000950144-95-000818-index.html", "finalLink": "https://www.sec.gov/Archives/edgar/data/85961/", "calculatedOtherExpenses": 4277722000, "calculatedOperatingExpenses": 4277722000, "calculatedNetInterest": 0, "calculatedOtherIncome": 3538738000, "calculatedIncomeNonControlling": 0, "calculatedEbitda": -2686550000}, {"date": "1993-12-31", "symbol": "R", "reportedCurrency": "USD", "cik": "0000085961", "fillingDate": "1994-03-30", "acceptedDate": "1994-03-30 00:00:00", "calendarYear": "1993", "period": "FY", "revenue": 4217000000, "costOfRevenue": 3338500000, "grossProfit": 878500000, "grossProfitRatio": 0.2083234527, "researchAndDevelopmentExpenses": 0, "generalAndAdministrativeExpenses": 0, "sellingAndMarketingExpenses": 0, "sellingGeneralAndAdministrativeExpenses": 0, "otherExpenses": 543300000, "operatingExpenses": 543300000, "costAndExpenses": 3881800000, "interestIncome": 0, "interestExpense": 0, "depreciationAndAmortization": -543300000, "ebitda": 879200000, "ebitdaratio": 0.2084894475, "operatingIncome": 335200000, "operatingIncomeRatio": 0.0794877875, "totalOtherIncomeExpensesNet": -700000, "incomeBeforeTax": 209800000, "incomeBeforeTaxRatio": 0.0497510078, "incomeTaxExpense": 95100000, "netIncome": -61400000, "netIncomeRatio": -0.0145601138, "eps": -1.09, "epsdiluted": -1.09, "weightedAverageShsOut": 56521739, "weightedAverageShsOutDil": 56521739, "link": "https://www.sec.gov/Archives/edgar/data/85961/000095014494000752/0000950144-94-000752-index.html", "finalLink": "https://www.sec.gov/Archives/edgar/data/85961/", "calculatedOtherExpenses": 543300000, "calculatedOperatingExpenses": 543300000, "calculatedNetInterest": 0, "calculatedOtherIncome": -125400000, "calculatedIncomeNonControlling": 176100000, "calculatedEbitda": -208100000}, {"date": "1992-12-31", "symbol": "R", "reportedCurrency": "USD", "cik": "0000085961", "fillingDate": "1992-12-31", "acceptedDate": "1992-12-30 19:00:00", "calendarYear": "1992", "period": "FY", "revenue": 5191500000, "costOfRevenue": 4250400000, "grossProfit": 941100000, "grossProfitRatio": 0.1812770875, "researchAndDevelopmentExpenses": 0, "generalAndAdministrativeExpenses": 0, "sellingAndMarketingExpenses": 0, "sellingGeneralAndAdministrativeExpenses": 0, "otherExpenses": 573500000, "operatingExpenses": 573500000, "costAndExpenses": 4823900000, "interestIncome": 0, "interestExpense": 0, "depreciationAndAmortization": -573500000, "ebitda": 933700000, "ebitdaratio": 0.1798516806, "operatingIncome": 367600000, "operatingIncomeRatio": 0.0708080516, "totalOtherIncomeExpensesNet": 7400000, "incomeBeforeTax": 198600000, "incomeBeforeTaxRatio": 0.0382548396, "incomeTaxExpense": 80700000, "netIncome": 123900000, "netIncomeRatio": 0.0238659347, "eps": 1.51, "epsdiluted": 1.51, "weightedAverageShsOut": 75099338, "weightedAverageShsOutDil": 75099338, "link": "", "finalLink": "", "calculatedOtherExpenses": 573500000, "calculatedOperatingExpenses": 573500000, "calculatedNetInterest": 0, "calculatedOtherIncome": -169000000, "calculatedIncomeNonControlling": -6000000, "calculatedEbitda": -205900000}, {"date": "1991-12-31", "symbol": "R", "reportedCurrency": "USD", "cik": "0000085961", "fillingDate": "1991-12-31", "acceptedDate": "1991-12-30 19:00:00", "calendarYear": "1991", "period": "FY", "revenue": 5061100000, "costOfRevenue": 4136900000, "grossProfit": 924200000, "grossProfitRatio": 0.1826085238, "researchAndDevelopmentExpenses": 0, "generalAndAdministrativeExpenses": 0, "sellingAndMarketingExpenses": 0, "sellingGeneralAndAdministrativeExpenses": 0, "otherExpenses": 603400000, "operatingExpenses": 603400000, "costAndExpenses": 4740300000, "interestIncome": 0, "interestExpense": 0, "depreciationAndAmortization": -603400000, "ebitda": 923600000, "ebitdaratio": 0.1824899725, "operatingIncome": 320800000, "operatingIncomeRatio": 0.06338543, "totalOtherIncomeExpensesNet": 600000, "incomeBeforeTax": 114900000, "incomeBeforeTaxRatio": 0.0227025745, "incomeTaxExpense": 49200000, "netIncome": 14000000, "netIncomeRatio": 0.0027661971, "eps": 0.05, "epsdiluted": 0.05, "weightedAverageShsOut": 70000000, "weightedAverageShsOutDil": 70000000, "link": "", "finalLink": "", "calculatedOtherExpenses": 603400000, "calculatedOperatingExpenses": 603400000, "calculatedNetInterest": 0, "calculatedOtherIncome": -205900000, "calculatedIncomeNonControlling": 51700000, "calculatedEbitda": -282600000}, {"date": "1990-12-31", "symbol": "R", "reportedCurrency": "USD", "cik": "0000085961", "fillingDate": "1990-12-31", "acceptedDate": "1990-12-30 19:00:00", "calendarYear": "1990", "period": "FY", "revenue": 5162300000, "costOfRevenue": 4181100000, "grossProfit": 981200000, "grossProfitRatio": 0.1900703175, "researchAndDevelopmentExpenses": 0, "generalAndAdministrativeExpenses": 0, "sellingAndMarketingExpenses": 0, "sellingGeneralAndAdministrativeExpenses": 0, "otherExpenses": 616100000, "operatingExpenses": 616100000, "costAndExpenses": 4797200000, "interestIncome": 0, "interestExpense": 0, "depreciationAndAmortization": -616100000, "ebitda": 972900000, "ebitdaratio": 0.188462507, "operatingIncome": 365100000, "operatingIncomeRatio": 0.0707242896, "totalOtherIncomeExpensesNet": 8300000, "incomeBeforeTax": 138500000, "incomeBeforeTaxRatio": 0.0268291266, "incomeTaxExpense": 56300000, "netIncome": 42700000, "netIncomeRatio": 0.0082715069, "eps": 0.43, "epsdiluted": 0.43, "weightedAverageShsOut": 74651163, "weightedAverageShsOutDil": 74651163, "link": "", "finalLink": "", "calculatedOtherExpenses": 616100000, "calculatedOperatingExpenses": 616100000, "calculatedNetInterest": 0, "calculatedOtherIncome": -226600000, "calculatedIncomeNonControlling": 39500000, "calculatedEbitda": -251000000}, {"date": "1989-12-31", "symbol": "R", "reportedCurrency": "USD", "cik": "0000085961", "fillingDate": "1989-12-31", "acceptedDate": "1989-12-30 19:00:00", "calendarYear": "1989", "period": "FY", "revenue": 5073400000, "costOfRevenue": 4030100000, "grossProfit": 1043300000, "grossProfitRatio": 0.2056411874, "researchAndDevelopmentExpenses": 0, "generalAndAdministrativeExpenses": 0, "sellingAndMarketingExpenses": 0, "sellingGeneralAndAdministrativeExpenses": 0, "otherExpenses": 625200000, "operatingExpenses": 625200000, "costAndExpenses": 4655300000, "interestIncome": 0, "interestExpense": 0, "depreciationAndAmortization": -625200000, "ebitda": 1100700000, "ebitdaratio": 0.2169550991, "operatingIncome": 418100000, "operatingIncomeRatio": 0.082410218, "totalOtherIncomeExpensesNet": -57400000, "incomeBeforeTax": 89800000, "incomeBeforeTaxRatio": 0.0177001616, "incomeTaxExpense": 37600000, "netIncome": 52200000, "netIncomeRatio": 0.0102889581, "eps": 0.5, "epsdiluted": 0.5, "weightedAverageShsOut": 89200000, "weightedAverageShsOutDil": 89200000, "link": "", "finalLink": "", "calculatedOtherExpenses": 625200000, "calculatedOperatingExpenses": 625200000, "calculatedNetInterest": 0, "calculatedOtherIncome": -328300000, "calculatedIncomeNonControlling": 0, "calculatedEbitda": -207100000}, {"date": "1988-12-31", "symbol": "R", "reportedCurrency": "USD", "cik": "0000085961", "fillingDate": "1988-12-31", "acceptedDate": "1988-12-30 19:00:00", "calendarYear": "1988", "period": "FY", "revenue": 5029600000, "costOfRevenue": 3878800000, "grossProfit": 1150800000, "grossProfitRatio": 0.2288054716, "researchAndDevelopmentExpenses": 0, "generalAndAdministrativeExpenses": 0, "sellingAndMarketingExpenses": 0, "sellingGeneralAndAdministrativeExpenses": 0, "otherExpenses": 636900000, "operatingExpenses": 636900000, "costAndExpenses": 4515700000, "interestIncome": 0, "interestExpense": 0, "depreciationAndAmortization": 636900000, "ebitda": 1173500000, "ebitdaratio": 0.233318753, "operatingIncome": 513900000, "operatingIncomeRatio": 0.1021751233, "totalOtherIncomeExpensesNet": -22700000, "incomeBeforeTax": 223900000, "incomeBeforeTaxRatio": 0.0445164625, "incomeTaxExpense": 89200000, "netIncome": 134700000, "netIncomeRatio": 0.0267814538, "eps": 1.61, "epsdiluted": 1.61, "weightedAverageShsOut": 79875776, "weightedAverageShsOutDil": 79875776, "link": "", "finalLink": "", "calculatedOtherExpenses": 636900000, "calculatedOperatingExpenses": 636900000, "calculatedNetInterest": 0, "calculatedOtherIncome": -290000000, "calculatedIncomeNonControlling": 0, "calculatedEbitda": 1150800000}, {"date": "1987-12-31", "symbol": "R", "reportedCurrency": "USD", "cik": "0000085961", "fillingDate": "1987-12-31", "acceptedDate": "1987-12-30 19:00:00", "calendarYear": "1987", "period": "FY", "revenue": 4609000000, "costOfRevenue": 3536200000, "grossProfit": 1072800000, "grossProfitRatio": 0.2327619874, "researchAndDevelopmentExpenses": 0, "generalAndAdministrativeExpenses": 0, "sellingAndMarketingExpenses": 0, "sellingGeneralAndAdministrativeExpenses": 0, "otherExpenses": 541700000, "operatingExpenses": 541700000, "costAndExpenses": 4077900000, "interestIncome": 0, "interestExpense": 0, "depreciationAndAmortization": 541700000, "ebitda": 1058400000, "ebitdaratio": 0.2296376654, "operatingIncome": 531100000, "operatingIncomeRatio": 0.1152310696, "totalOtherIncomeExpensesNet": 14400000, "incomeBeforeTax": 302800000, "incomeBeforeTaxRatio": 0.0656975483, "incomeTaxExpense": 115700000, "netIncome": 187100000, "netIncomeRatio": 0.040594489, "eps": 2.29, "epsdiluted": 2.29, "weightedAverageShsOut": 79475983, "weightedAverageShsOutDil": 79475983, "link": "", "finalLink": "", "calculatedOtherExpenses": 541700000, "calculatedOperatingExpenses": 541700000, "calculatedNetInterest": 0, "calculatedOtherIncome": -228300000, "calculatedIncomeNonControlling": 0, "calculatedEbitda": 1072800000}, {"date": "1986-12-31", "symbol": "R", "reportedCurrency": "USD", "cik": "0000085961", "fillingDate": "1986-12-31", "acceptedDate": "1986-12-30 19:00:00", "calendarYear": "1986", "period": "FY", "revenue": 3768300000, "costOfRevenue": 2890500000, "grossProfit": 877800000, "grossProfitRatio": 0.232943237, "researchAndDevelopmentExpenses": 0, "generalAndAdministrativeExpenses": 0, "sellingAndMarketingExpenses": 0, "sellingGeneralAndAdministrativeExpenses": 0, "otherExpenses": 425500000, "operatingExpenses": 425500000, "costAndExpenses": 3316000000, "interestIncome": 0, "interestExpense": 0, "depreciationAndAmortization": 425500000, "ebitda": 860700000, "ebitdaratio": 0.2284053817, "operatingIncome": 452300000, "operatingIncomeRatio": 0.1200275987, "totalOtherIncomeExpensesNet": 17100000, "incomeBeforeTax": 277400000, "incomeBeforeTaxRatio": 0.0736140965, "incomeTaxExpense": 116500000, "netIncome": 160900000, "netIncomeRatio": 0.042698299, "eps": 2.09, "epsdiluted": 2.09, "weightedAverageShsOut": 76985646, "weightedAverageShsOutDil": 76985646, "link": "", "finalLink": "", "calculatedOtherExpenses": 425500000, "calculatedOperatingExpenses": 425500000, "calculatedNetInterest": 0, "calculatedOtherIncome": -174900000, "calculatedIncomeNonControlling": 0, "calculatedEbitda": 877800000}, {"date": "1985-12-31", "symbol": "R", "reportedCurrency": "USD", "cik": "0000085961", "fillingDate": "1985-12-31", "acceptedDate": "1985-12-30 19:00:00", "calendarYear": "1985", "period": "FY", "revenue": 2905300000, "costOfRevenue": 2228600000, "grossProfit": 676700000, "grossProfitRatio": 0.2329191478, "researchAndDevelopmentExpenses": 0, "generalAndAdministrativeExpenses": 0, "sellingAndMarketingExpenses": 0, "sellingGeneralAndAdministrativeExpenses": 0, "otherExpenses": 325200000, "operatingExpenses": 325200000, "costAndExpenses": 2553800000, "interestIncome": 0, "interestExpense": 0, "depreciationAndAmortization": 325200000, "ebitda": 669300000, "ebitdaratio": 0.2303720786, "operatingIncome": 351500000, "operatingIncomeRatio": 0.1209857846, "totalOtherIncomeExpensesNet": 7400000, "incomeBeforeTax": 202100000, "incomeBeforeTaxRatio": 0.0695625237, "incomeTaxExpense": 76800000, "netIncome": 125300000, "netIncomeRatio": 0.0431280763, "eps": 1.73, "epsdiluted": 1.73, "weightedAverageShsOut": 72427746, "weightedAverageShsOutDil": 72427746, "link": "", "finalLink": "", "calculatedOtherExpenses": 325200000, "calculatedOperatingExpenses": 325200000, "calculatedNetInterest": 0, "calculatedOtherIncome": -149400000, "calculatedIncomeNonControlling": 0, "calculatedEbitda": 676700000}]}