{"originalCurrency": "USD", "convertedCurrency": "USD", "report": [{"date": "2023-03-31", "symbol": "RAMP", "reportedCurrency": "USD", "cik": "0000733269", "fillingDate": "2023-05-24", "acceptedDate": "2023-05-24 17:04:56", "calendarYear": "2023", "period": "FY", "revenue": 596583000, "costOfRevenue": 170084000, "grossProfit": 426499000, "grossProfitRatio": 0.7149030395, "researchAndDevelopmentExpenses": 189195000, "generalAndAdministrativeExpenses": 125351000, "sellingAndMarketingExpenses": 202437000, "sellingGeneralAndAdministrativeExpenses": 327788000, "otherExpenses": -28370000, "operatingExpenses": 516983000, "costAndExpenses": 687067000, "interestIncome": 12000000, "interestExpense": -12350000, "depreciationAndAmortization": 20787000, "ebitda": -69697000, "ebitdaratio": -0.1168269964, "operatingIncome": -90484000, "operatingIncomeRatio": -0.1516704298, "totalOtherIncomeExpensesNet": -28370000, "incomeBeforeTax": -118854000, "incomeBeforeTaxRatio": -0.199224584, "incomeTaxExpense": 5252000, "netIncome": -124106000, "netIncomeRatio": -0.2080280531, "eps": -1.87, "epsdiluted": -1.87, "weightedAverageShsOut": 66352000, "weightedAverageShsOutDil": 66352000, "link": "https://www.sec.gov/Archives/edgar/data/733269/000073326923000024/0000733269-23-000024-index.htm", "finalLink": "https://www.sec.gov/Archives/edgar/data/733269/000073326923000024/ramp-20230331.htm", "calculatedOtherExpenses": 0, "calculatedOperatingExpenses": 516983000, "calculatedNetInterest": 24350000, "calculatedOtherIncome": -52720000, "calculatedIncomeNonControlling": 0, "calculatedEbitda": -69697000}, {"date": "2022-03-31", "symbol": "RAMP", "reportedCurrency": "USD", "cik": "0000733269", "fillingDate": "2022-05-24", "acceptedDate": "2022-05-24 16:45:43", "calendarYear": "2022", "period": "FY", "revenue": 528657000, "costOfRevenue": 147427000, "grossProfit": 381230000, "grossProfitRatio": 0.721129201, "researchAndDevelopmentExpenses": 157935000, "generalAndAdministrativeExpenses": 104591000, "sellingAndMarketingExpenses": 182763000, "sellingGeneralAndAdministrativeExpenses": 287354000, "otherExpenses": 28984000, "operatingExpenses": 445289000, "costAndExpenses": 592716000, "interestIncome": 0, "interestExpense": -28984000, "depreciationAndAmortization": 24248000, "ebitda": -39811000, "ebitdaratio": -0.0753059167, "operatingIncome": -64059000, "operatingIncomeRatio": -0.1211730858, "totalOtherIncomeExpensesNet": 28984000, "incomeBeforeTax": -35075000, "incomeBeforeTaxRatio": -0.066347367, "incomeTaxExpense": -1242000, "netIncome": -33833000, "netIncomeRatio": -0.0639980176, "eps": -0.5, "epsdiluted": -0.5, "weightedAverageShsOut": 68211000, "weightedAverageShsOutDil": 68211000, "link": "https://www.sec.gov/Archives/edgar/data/733269/000073326922000026/0000733269-22-000026-index.htm", "finalLink": "https://www.sec.gov/Archives/edgar/data/733269/000073326922000026/ramp-20220331.htm", "calculatedOtherExpenses": 0, "calculatedOperatingExpenses": 445289000, "calculatedNetInterest": 28984000, "calculatedOtherIncome": 0, "calculatedIncomeNonControlling": 0, "calculatedEbitda": -39811000}, {"date": "2021-03-31", "symbol": "RAMP", "reportedCurrency": "USD", "cik": "0000733269", "fillingDate": "2021-05-27", "acceptedDate": "2021-05-27 13:16:27", "calendarYear": "2021", "period": "FY", "revenue": 443026000, "costOfRevenue": 144004000, "grossProfit": 299022000, "grossProfitRatio": 0.6749536145, "researchAndDevelopmentExpenses": 135111000, "generalAndAdministrativeExpenses": 104201000, "sellingAndMarketingExpenses": 177543000, "sellingGeneralAndAdministrativeExpenses": 281744000, "otherExpenses": -2967000, "operatingExpenses": 416855000, "costAndExpenses": 560859000, "interestIncome": 0, "interestExpense": 0, "depreciationAndAmortization": 27741000, "ebitda": -90092000, "ebitdaratio": -0.2033560107, "operatingIncome": -117833000, "operatingIncomeRatio": -0.2659731032, "totalOtherIncomeExpensesNet": -2967000, "incomeBeforeTax": -120800000, "incomeBeforeTaxRatio": -0.272670227, "incomeTaxExpense": -30532000, "netIncome": -90268000, "netIncomeRatio": -0.2037532786, "eps": -1.36, "epsdiluted": -1.36, "weightedAverageShsOut": 66304000, "weightedAverageShsOutDil": 66304000, "link": "https://www.sec.gov/Archives/edgar/data/733269/000073326921000017/0000733269-21-000017-index.htm", "finalLink": "https://www.sec.gov/Archives/edgar/data/733269/000073326921000017/ramp-20210331.htm", "calculatedOtherExpenses": 0, "calculatedOperatingExpenses": 416855000, "calculatedNetInterest": 0, "calculatedOtherIncome": -2967000, "calculatedIncomeNonControlling": 0, "calculatedEbitda": -90092000}, {"date": "2020-03-31", "symbol": "RAMP", "reportedCurrency": "USD", "cik": "0000733269", "fillingDate": "2020-05-26", "acceptedDate": "2020-05-22 17:35:57", "calendarYear": "2020", "period": "FY", "revenue": 380572000, "costOfRevenue": 152704000, "grossProfit": 227868000, "grossProfitRatio": 0.5987513532, "researchAndDevelopmentExpenses": 105981000, "generalAndAdministrativeExpenses": 108903000, "sellingAndMarketingExpenses": 188905000, "sellingGeneralAndAdministrativeExpenses": 297808000, "otherExpenses": 10384000, "operatingExpenses": 403789000, "costAndExpenses": 556493000, "interestIncome": 15385000, "interestExpense": 0, "depreciationAndAmortization": 35901000, "ebitda": -140020000, "ebitdaratio": -0.367919868, "operatingIncome": -175921000, "operatingIncomeRatio": -0.4622541858, "totalOtherIncomeExpensesNet": 10384000, "incomeBeforeTax": -165537000, "incomeBeforeTaxRatio": -0.4349689415, "incomeTaxExpense": -40276000, "netIncome": -125261000, "netIncomeRatio": -0.3291387701, "eps": -1.85, "epsdiluted": -1.85, "weightedAverageShsOut": 67760000, "weightedAverageShsOutDil": 67760000, "link": "https://www.sec.gov/Archives/edgar/data/733269/000073326920000028/0000733269-20-000028-index.htm", "finalLink": "https://www.sec.gov/Archives/edgar/data/733269/000073326920000028/ramp-20200331.htm", "calculatedOtherExpenses": 0, "calculatedOperatingExpenses": 403789000, "calculatedNetInterest": 15385000, "calculatedOtherIncome": -5001000, "calculatedIncomeNonControlling": 0, "calculatedEbitda": -140020000}, {"date": "2019-03-31", "symbol": "RAMP", "reportedCurrency": "USD", "cik": "0000733269", "fillingDate": "2019-05-29", "acceptedDate": "2019-05-28 19:53:57", "calendarYear": "2019", "period": "FY", "revenue": 285620000, "costOfRevenue": 120718000, "grossProfit": 164902000, "grossProfitRatio": 0.5773475247, "researchAndDevelopmentExpenses": 85697000, "generalAndAdministrativeExpenses": 98878000, "sellingAndMarketingExpenses": 158540000, "sellingGeneralAndAdministrativeExpenses": 257418000, "otherExpenses": -1143000, "operatingExpenses": 343115000, "costAndExpenses": 463833000, "interestIncome": 18790000, "interestExpense": 0, "depreciationAndAmortization": 33782000, "ebitda": -144431000, "ebitdaratio": -0.5056753729, "operatingIncome": -198146000, "operatingIncomeRatio": -0.6937399342, "totalOtherIncomeExpensesNet": -1143000, "incomeBeforeTax": -179356000, "incomeBeforeTaxRatio": -0.6279532246, "incomeTaxExpense": -45409000, "netIncome": 1028547000, "netIncomeRatio": 3.6011028639, "eps": 13.74, "epsdiluted": 13.71, "weightedAverageShsOut": 74830726, "weightedAverageShsOutDil": 75020000, "link": "https://www.sec.gov/Archives/edgar/data/733269/000073326919000022/0000733269-19-000022-index.htm", "finalLink": "https://www.sec.gov/Archives/edgar/data/733269/000073326919000022/ramp-20190331.htm", "calculatedOtherExpenses": 19933000, "calculatedOperatingExpenses": 363048000, "calculatedNetInterest": 18790000, "calculatedOtherIncome": 0, "calculatedIncomeNonControlling": -1162494000, "calculatedEbitda": -164364000}, {"date": "2018-03-31", "symbol": "RAMP", "reportedCurrency": "USD", "cik": "0000733269", "fillingDate": "2018-05-25", "acceptedDate": "2018-05-25 15:41:19", "calendarYear": "2018", "period": "FY", "revenue": 917406000, "costOfRevenue": 466436000, "grossProfit": 450970000, "grossProfitRatio": 0.4915707985, "researchAndDevelopmentExpenses": 94873000, "generalAndAdministrativeExpenses": 123526000, "sellingAndMarketingExpenses": 215599000, "sellingGeneralAndAdministrativeExpenses": 339125000, "otherExpenses": -6132000, "operatingExpenses": 433998000, "costAndExpenses": 900434000, "interestIncome": 0, "interestExpense": 10131000, "depreciationAndAmortization": 86371000, "ebitda": 97211000, "ebitdaratio": 0.1059628997, "operatingIncome": 10599000, "operatingIncomeRatio": 0.0115532273, "totalOtherIncomeExpensesNet": -6132000, "incomeBeforeTax": 709000, "incomeBeforeTaxRatio": 0.0007728312, "incomeTaxExpense": -22771000, "netIncome": 23480000, "netIncomeRatio": 0.0255939028, "eps": 0.3, "epsdiluted": 0.29, "weightedAverageShsOut": 78891000, "weightedAverageShsOutDil": 81516000, "link": "https://www.sec.gov/Archives/edgar/data/733269/000073326918000016/0000733269-18-000016-index.htm", "finalLink": "https://www.sec.gov/Archives/edgar/data/733269/000073326918000016/a2018q410k.htm", "calculatedOtherExpenses": 6373000, "calculatedOperatingExpenses": 440371000, "calculatedNetInterest": -10131000, "calculatedOtherIncome": 241000, "calculatedIncomeNonControlling": 0, "calculatedEbitda": 96970000}, {"date": "2017-03-31", "symbol": "RAMP", "reportedCurrency": "USD", "cik": "0000733269", "fillingDate": "2017-05-26", "acceptedDate": "2017-05-26 16:57:15", "calendarYear": "2017", "period": "FY", "revenue": 880247000, "costOfRevenue": 477686000, "grossProfit": 402561000, "grossProfitRatio": 0.4573273184, "researchAndDevelopmentExpenses": 82109000, "generalAndAdministrativeExpenses": 129714000, "sellingAndMarketingExpenses": 166676000, "sellingGeneralAndAdministrativeExpenses": 296390000, "otherExpenses": -6724000, "operatingExpenses": 378499000, "costAndExpenses": 856185000, "interestIncome": 0, "interestExpense": 7381000, "depreciationAndAmortization": 82690000, "ebitda": 100028000, "ebitdaratio": 0.1136362862, "operatingIncome": 15689000, "operatingIncomeRatio": 0.0178234064, "totalOtherIncomeExpensesNet": -8039000, "incomeBeforeTax": 8642000, "incomeBeforeTaxRatio": 0.0098176989, "incomeTaxExpense": 4534000, "netIncome": 4108000, "netIncomeRatio": 0.0046668719, "eps": 0.05, "epsdiluted": 0.05, "weightedAverageShsOut": 77609000, "weightedAverageShsOutDil": 79848000, "link": "https://www.sec.gov/Archives/edgar/data/733269/000073326917000039/0000733269-17-000039-index.htm", "finalLink": "https://www.sec.gov/Archives/edgar/data/733269/000073326917000039/acxm-20170331x10k.htm", "calculatedOtherExpenses": 8373000, "calculatedOperatingExpenses": 386872000, "calculatedNetInterest": -7381000, "calculatedOtherIncome": 334000, "calculatedIncomeNonControlling": 0, "calculatedEbitda": 98379000}, {"date": "2016-03-31", "symbol": "RAMP", "reportedCurrency": "USD", "cik": "0000733269", "fillingDate": "2016-05-27", "acceptedDate": "2016-05-27 12:57:07", "calendarYear": "2016", "period": "FY", "revenue": 850088000, "costOfRevenue": 488382000, "grossProfit": 361706000, "grossProfitRatio": 0.4254924196, "researchAndDevelopmentExpenses": 74247000, "generalAndAdministrativeExpenses": 135385000, "sellingAndMarketingExpenses": 146176000, "sellingGeneralAndAdministrativeExpenses": 281561000, "otherExpenses": 333000, "operatingExpenses": 355808000, "costAndExpenses": 844190000, "interestIncome": 0, "interestExpense": 7669000, "depreciationAndAmortization": 85463000, "ebitda": 91694000, "ebitdaratio": 0.107864127, "operatingIncome": -13063000, "operatingIncomeRatio": -0.0153666444, "totalOtherIncomeExpensesNet": -18509000, "incomeBeforeTax": -20280000, "incomeBeforeTaxRatio": -0.0238563537, "incomeTaxExpense": -11632000, "netIncome": 6703000, "netIncomeRatio": 0.007885066, "eps": 0.09, "epsdiluted": 0.09, "weightedAverageShsOut": 77616000, "weightedAverageShsOutDil": 77616000, "link": "https://www.sec.gov/Archives/edgar/data/733269/000073326916000060/0000733269-16-000060-index.htm", "finalLink": "https://www.sec.gov/Archives/edgar/data/733269/000073326916000060/f10k.htm", "calculatedOtherExpenses": 18961000, "calculatedOperatingExpenses": 374769000, "calculatedNetInterest": -7669000, "calculatedOtherIncome": 452000, "calculatedIncomeNonControlling": -15351000, "calculatedEbitda": 72400000}, {"date": "2015-03-31", "symbol": "RAMP", "reportedCurrency": "USD", "cik": "0000733269", "fillingDate": "2015-05-27", "acceptedDate": "2015-05-27 17:20:29", "calendarYear": "2015", "period": "FY", "revenue": 1020059000, "costOfRevenue": 807469000, "grossProfit": 212590000, "grossProfitRatio": 0.2084095136, "researchAndDevelopmentExpenses": 103201000, "generalAndAdministrativeExpenses": 130263000, "sellingAndMarketingExpenses": 116494000, "sellingGeneralAndAdministrativeExpenses": 188561000, "otherExpenses": -25958000, "operatingExpenses": 188561000, "costAndExpenses": 996030000, "interestIncome": 0, "interestExpense": 10050000, "depreciationAndAmortization": 118834000, "ebitda": 116905000, "ebitdaratio": 0.1146061159, "operatingIncome": -604000, "operatingIncomeRatio": -0.0005921226, "totalOtherIncomeExpensesNet": -25958000, "incomeBeforeTax": -11979000, "incomeBeforeTaxRatio": -0.0117434384, "incomeTaxExpense": -2832000, "netIncome": -11031000, "netIncomeRatio": -0.0108140804, "eps": -0.14, "epsdiluted": -0.14, "weightedAverageShsOut": 77106000, "weightedAverageShsOutDil": 77106000, "link": "https://www.sec.gov/Archives/edgar/data/733269/000073326915000018/0000733269-15-000018-index.htm", "finalLink": "https://www.sec.gov/Archives/edgar/data/733269/000073326915000018/f10k.htm", "calculatedOtherExpenses": -78568000, "calculatedOperatingExpenses": 213194000, "calculatedNetInterest": -10050000, "calculatedOtherIncome": -1325000, "calculatedIncomeNonControlling": 1884000, "calculatedEbitda": 118230000}, {"date": "2014-03-31", "symbol": "RAMP", "reportedCurrency": "USD", "cik": "0000733269", "fillingDate": "2014-05-28", "acceptedDate": "2014-05-28 15:25:57", "calendarYear": "2014", "period": "FY", "revenue": 1097545000, "costOfRevenue": 828955000, "grossProfit": 268590000, "grossProfitRatio": 0.2447188954, "researchAndDevelopmentExpenses": 72507000, "generalAndAdministrativeExpenses": 99544000, "sellingAndMarketingExpenses": 93607000, "sellingGeneralAndAdministrativeExpenses": 169376000, "otherExpenses": -20279000, "operatingExpenses": 169376000, "costAndExpenses": 998331000, "interestIncome": 0, "interestExpense": 11671000, "depreciationAndAmortization": 103006000, "ebitda": 181941000, "ebitdaratio": 0.1657708796, "operatingIncome": 48284000, "operatingIncomeRatio": 0.0439927292, "totalOtherIncomeExpensesNet": -49113000, "incomeBeforeTax": 38430000, "incomeBeforeTaxRatio": 0.0350145097, "incomeTaxExpense": 29627000, "netIncome": 8863000, "netIncomeRatio": 0.0080752953, "eps": 0.12, "epsdiluted": 0.12, "weightedAverageShsOut": 74690000, "weightedAverageShsOutDil": 76954000, "link": "https://www.sec.gov/Archives/edgar/data/733269/000073326914000018/0000733269-14-000018-index.htm", "finalLink": "https://www.sec.gov/Archives/edgar/data/733269/000073326914000018/f10k.htm", "calculatedOtherExpenses": -21577000, "calculatedOperatingExpenses": 220306000, "calculatedNetInterest": -11671000, "calculatedOtherIncome": 1817000, "calculatedIncomeNonControlling": -60000, "calculatedEbitda": 151290000}, {"date": "2013-03-31", "symbol": "RAMP", "reportedCurrency": "USD", "cik": "0000733269", "fillingDate": "2013-05-29", "acceptedDate": "2013-05-29 17:20:36", "calendarYear": "2013", "period": "FY", "revenue": 1099359000, "costOfRevenue": 841826000, "grossProfit": 257533000, "grossProfitRatio": 0.2342574173, "researchAndDevelopmentExpenses": 20300000, "generalAndAdministrativeExpenses": 147504000, "sellingAndMarketingExpenses": 5300000, "sellingGeneralAndAdministrativeExpenses": 152804000, "otherExpenses": -1858000, "operatingExpenses": 152804000, "costAndExpenses": 994630000, "interestIncome": 0, "interestExpense": 12694000, "depreciationAndAmortization": 116208000, "ebitda": 219079000, "ebitdaratio": 0.1992788525, "operatingIncome": 102719000, "operatingIncomeRatio": 0.0934353564, "totalOtherIncomeExpensesNet": -1858000, "incomeBeforeTax": 90177000, "incomeBeforeTaxRatio": 0.0820268902, "incomeTaxExpense": 33058000, "netIncome": 57607000, "netIncomeRatio": 0.0524005352, "eps": 0.77, "epsdiluted": 0.75, "weightedAverageShsOut": 74814000, "weightedAverageShsOutDil": 76497000, "link": "https://www.sec.gov/Archives/edgar/data/733269/000073326913000012/0000733269-13-000012-index.htm", "finalLink": "https://www.sec.gov/Archives/edgar/data/733269/000073326913000012/financials.htm", "calculatedOtherExpenses": -18290000, "calculatedOperatingExpenses": 154814000, "calculatedNetInterest": -12694000, "calculatedOtherIncome": 152000, "calculatedIncomeNonControlling": -488000, "calculatedEbitda": 218927000}, {"date": "2012-03-31", "symbol": "RAMP", "reportedCurrency": "USD", "cik": "0000733269", "fillingDate": "2012-05-25", "acceptedDate": "2012-05-25 14:32:14", "calendarYear": "2012", "period": "FY", "revenue": 1130624000, "costOfRevenue": 869794000, "grossProfit": 260830000, "grossProfitRatio": 0.2306956159, "researchAndDevelopmentExpenses": 0, "generalAndAdministrativeExpenses": 0, "sellingAndMarketingExpenses": 0, "sellingGeneralAndAdministrativeExpenses": 144826000, "otherExpenses": 0, "operatingExpenses": 144826000, "costAndExpenses": 1014620000, "interestIncome": 0, "interestExpense": 17448000, "depreciationAndAmortization": 134662000, "ebitda": 250666000, "ebitdaratio": 0.2217058898, "operatingIncome": 7600, "operatingIncomeRatio": 6.722e-06, "totalOtherIncomeExpensesNet": -31810000, "incomeBeforeTax": 66746000, "incomeBeforeTaxRatio": 0.059034657, "incomeTaxExpense": 29129000, "netIncome": 77263000, "netIncomeRatio": 0.0683366, "eps": 0.9, "epsdiluted": 0.89, "weightedAverageShsOut": 79483000, "weightedAverageShsOutDil": 79483000, "link": "https://www.sec.gov/Archives/edgar/data/733269/000073326912000015/0000733269-12-000015-index.htm", "finalLink": "https://www.sec.gov/Archives/edgar/data/733269/000073326912000015/f10kfin.htm", "calculatedOtherExpenses": 115996400, "calculatedOperatingExpenses": 260822400, "calculatedNetInterest": -17448000, "calculatedOtherIncome": 84186400, "calculatedIncomeNonControlling": -39646000, "calculatedEbitda": 134669600}, {"date": "2011-03-31", "symbol": "RAMP", "reportedCurrency": "USD", "cik": "0000733269", "fillingDate": "2011-05-27", "acceptedDate": "2011-05-27 15:57:31", "calendarYear": "2011", "period": "FY", "revenue": 1159970000, "costOfRevenue": 884888000, "grossProfit": 275082000, "grossProfitRatio": 0.2371457883, "researchAndDevelopmentExpenses": 0, "generalAndAdministrativeExpenses": 0, "sellingAndMarketingExpenses": 0, "sellingGeneralAndAdministrativeExpenses": 159884000, "otherExpenses": 4600000, "operatingExpenses": 159884000, "costAndExpenses": 1044772000, "interestIncome": 0, "interestExpense": 23823000, "depreciationAndAmortization": 146355000, "ebitda": 261553000, "ebitdaratio": 0.2254825556, "operatingIncome": 30924000, "operatingIncomeRatio": 0.0266593102, "totalOtherIncomeExpensesNet": -85740000, "incomeBeforeTax": 5635000, "incomeBeforeTaxRatio": 0.0048578843, "incomeTaxExpense": 34077000, "netIncome": -23147000, "netIncomeRatio": -0.0199548264, "eps": -0.29, "epsdiluted": -0.29, "weightedAverageShsOut": 80111000, "weightedAverageShsOutDil": 80111000, "link": "https://www.sec.gov/Archives/edgar/data/733269/000073326911000016/0000733269-11-000016-index.htm", "finalLink": "https://www.sec.gov/Archives/edgar/data/733269/000073326911000016/f10kfin.htm", "calculatedOtherExpenses": 84274000, "calculatedOperatingExpenses": 244158000, "calculatedNetInterest": -23823000, "calculatedOtherIncome": -1466000, "calculatedIncomeNonControlling": -5295000, "calculatedEbitda": 177279000}, {"date": "2010-03-31", "symbol": "RAMP", "reportedCurrency": "USD", "cik": "0000733269", "fillingDate": "2010-05-26", "acceptedDate": "2010-05-26 17:22:30", "calendarYear": "2010", "period": "FY", "revenue": 1099235000, "costOfRevenue": 839269000, "grossProfit": 259966000, "grossProfitRatio": 0.2364972003, "researchAndDevelopmentExpenses": 0, "generalAndAdministrativeExpenses": 0, "sellingAndMarketingExpenses": 0, "sellingGeneralAndAdministrativeExpenses": 162097000, "otherExpenses": -944000, "operatingExpenses": 162097000, "costAndExpenses": 1001366000, "interestIncome": 0, "interestExpense": 22480000, "depreciationAndAmortization": 167564000, "ebitda": 265433000, "ebitdaratio": 0.2414706591, "operatingIncome": 98813000, "operatingIncomeRatio": 0.0898925162, "totalOtherIncomeExpensesNet": 1369000, "incomeBeforeTax": 76758000, "incomeBeforeTaxRatio": 0.0698285626, "incomeTaxExpense": 32599000, "netIncome": 44549000, "netIncomeRatio": 0.0405272758, "eps": 0.56, "epsdiluted": 0.55, "weightedAverageShsOut": 78974000, "weightedAverageShsOutDil": 79725000, "link": "https://www.sec.gov/Archives/edgar/data/733269/000073326910000065/0000733269-10-000065-index.htm", "finalLink": "https://www.sec.gov/Archives/edgar/data/733269/000073326910000065/form10k.htm", "calculatedOtherExpenses": -944000, "calculatedOperatingExpenses": 161153000, "calculatedNetInterest": -22480000, "calculatedOtherIncome": 425000, "calculatedIncomeNonControlling": -390000, "calculatedEbitda": 266377000}, {"date": "2009-03-31", "symbol": "RAMP", "reportedCurrency": "USD", "cik": "0000733269", "fillingDate": "2009-05-29", "acceptedDate": "2009-05-29 15:58:05", "calendarYear": "2009", "period": "FY", "revenue": 1276573000, "costOfRevenue": 975186000, "grossProfit": 301387000, "grossProfitRatio": 0.2360906897, "researchAndDevelopmentExpenses": 0, "generalAndAdministrativeExpenses": 0, "sellingAndMarketingExpenses": 0, "sellingGeneralAndAdministrativeExpenses": 169960000, "otherExpenses": 38566000, "operatingExpenses": 208526000, "costAndExpenses": 1183712000, "interestIncome": 0, "interestExpense": 32596000, "depreciationAndAmortization": 198684000, "ebitda": 291545000, "ebitdaratio": 0.2283809857, "operatingIncome": 92861000, "operatingIncomeRatio": 0.0727424127, "totalOtherIncomeExpensesNet": 1949000, "incomeBeforeTax": 62214000, "incomeBeforeTaxRatio": 0.0487351683, "incomeTaxExpense": 24710000, "netIncome": 37504000, "netIncomeRatio": 0.0293786568, "eps": 0.48, "epsdiluted": 0.48, "weightedAverageShsOut": 77892000, "weightedAverageShsOutDil": 77892000, "link": "https://www.sec.gov/Archives/edgar/data/733269/000073326909000013/0000733269-09-000013-index.htm", "finalLink": "https://www.sec.gov/Archives/edgar/data/733269/000073326909000013/f10k09.htm", "calculatedOtherExpenses": 38566000, "calculatedOperatingExpenses": 208526000, "calculatedNetInterest": -32596000, "calculatedOtherIncome": 1949000, "calculatedIncomeNonControlling": 0, "calculatedEbitda": 291545000}, {"date": "2008-03-31", "symbol": "RAMP", "reportedCurrency": "USD", "cik": "0000733269", "fillingDate": "2008-05-30", "acceptedDate": "2008-05-30 17:27:10", "calendarYear": "2008", "period": "FY", "revenue": 1384079000, "costOfRevenue": 1087760000, "grossProfit": 296319000, "grossProfitRatio": 0.2140911032, "researchAndDevelopmentExpenses": 0, "generalAndAdministrativeExpenses": 0, "sellingAndMarketingExpenses": 0, "sellingGeneralAndAdministrativeExpenses": 219721000, "otherExpenses": 13295000, "operatingExpenses": 233016000, "costAndExpenses": 1320776000, "interestIncome": 0, "interestExpense": 0, "depreciationAndAmortization": 272792000, "ebitda": 371224000, "ebitdaratio": 0.2682101238, "operatingIncome": 40246000, "operatingIncomeRatio": 0.02907782, "totalOtherIncomeExpensesNet": -35129000, "incomeBeforeTax": -9761000, "incomeBeforeTaxRatio": -0.0070523431, "incomeTaxExpense": -1981000, "netIncome": -7780000, "netIncomeRatio": -0.0056210664, "eps": -0.0983, "epsdiluted": -0.0983, "weightedAverageShsOut": 79123000, "weightedAverageShsOutDil": 79123000, "link": "https://www.sec.gov/Archives/edgar/data/733269/000116923208002230/0001169232-08-002230-index.htm", "finalLink": "https://www.sec.gov/Archives/edgar/data/733269/000116923208002230/f10k.htm", "calculatedOtherExpenses": 36352000, "calculatedOperatingExpenses": 256073000, "calculatedNetInterest": 0, "calculatedOtherIncome": -50007000, "calculatedIncomeNonControlling": 0, "calculatedEbitda": 313038000}, {"date": "2007-03-31", "symbol": "RAMP", "reportedCurrency": "USD", "cik": "0000733269", "fillingDate": "2007-05-30", "acceptedDate": "2007-05-30 11:07:06", "calendarYear": "2007", "period": "FY", "revenue": 1395136000, "costOfRevenue": 1013620000, "grossProfit": 381516000, "grossProfitRatio": 0.273461512, "researchAndDevelopmentExpenses": 0, "generalAndAdministrativeExpenses": 0, "sellingAndMarketingExpenses": 0, "sellingGeneralAndAdministrativeExpenses": 213849000, "otherExpenses": 8897000, "operatingExpenses": 222746000, "costAndExpenses": 1236366000, "interestIncome": 0, "interestExpense": 0, "depreciationAndAmortization": 229566000, "ebitda": 391300000, "ebitdaratio": 0.2804744484, "operatingIncome": 158770000, "operatingIncomeRatio": 0.1138025253, "totalOtherIncomeExpensesNet": -2964000, "incomeBeforeTax": 118074000, "incomeBeforeTaxRatio": 0.0846326093, "incomeTaxExpense": 47331000, "netIncome": 70740000, "netIncomeRatio": 0.0507047342, "eps": 0.82, "epsdiluted": 0.8, "weightedAverageShsOut": 86268293, "weightedAverageShsOutDil": 88425000, "link": "https://www.sec.gov/Archives/edgar/data/733269/000073326907000023/0000733269-07-000023-index.htm", "finalLink": "https://www.sec.gov/Archives/edgar/data/733269/000073326907000023/f10k2007.htm", "calculatedOtherExpenses": 8897000, "calculatedOperatingExpenses": 222746000, "calculatedNetInterest": 0, "calculatedOtherIncome": -40696000, "calculatedIncomeNonControlling": 3000, "calculatedEbitda": 388336000}, {"date": "2006-03-31", "symbol": "RAMP", "reportedCurrency": "USD", "cik": "0000733269", "fillingDate": "2006-06-14", "acceptedDate": "2006-06-14 13:41:31", "calendarYear": "2006", "period": "FY", "revenue": 1332568000, "costOfRevenue": 980440000, "grossProfit": 352128000, "grossProfitRatio": 0.2642476782, "researchAndDevelopmentExpenses": 0, "generalAndAdministrativeExpenses": 0, "sellingAndMarketingExpenses": 0, "sellingGeneralAndAdministrativeExpenses": 211541000, "otherExpenses": -3461000, "operatingExpenses": 208080000, "costAndExpenses": 1188520000, "interestIncome": 0, "interestExpense": 0, "depreciationAndAmortization": 231137000, "ebitda": 382684000, "ebitdaratio": 0.2871778401, "operatingIncome": 131083000, "operatingIncomeRatio": 0.0983687136, "totalOtherIncomeExpensesNet": -7499000, "incomeBeforeTax": 104344000, "incomeBeforeTaxRatio": 0.0783029459, "incomeTaxExpense": 40216000, "netIncome": 64128000, "netIncomeRatio": 0.048123623, "eps": 0.73, "epsdiluted": 0.71, "weightedAverageShsOut": 87846575, "weightedAverageShsOutDil": 90321127, "link": "https://www.sec.gov/Archives/edgar/data/733269/000073326906000021/0000733269-06-000021-index.htm", "finalLink": "https://www.sec.gov/Archives/edgar/data/733269/000073326906000021/fy06f10k.htm", "calculatedOtherExpenses": 9504000, "calculatedOperatingExpenses": 221045000, "calculatedNetInterest": 0, "calculatedOtherIncome": -26739000, "calculatedIncomeNonControlling": 0, "calculatedEbitda": 362220000}, {"date": "2005-03-31", "symbol": "RAMP", "reportedCurrency": "USD", "cik": "0000733269", "fillingDate": "2005-06-13", "acceptedDate": "2005-06-13 17:19:15", "calendarYear": "2005", "period": "FY", "revenue": 1223042000, "costOfRevenue": 905711000, "grossProfit": 317331000, "grossProfitRatio": 0.2594604274, "researchAndDevelopmentExpenses": 0, "generalAndAdministrativeExpenses": 0, "sellingAndMarketingExpenses": 0, "sellingGeneralAndAdministrativeExpenses": 196123000, "otherExpenses": -984000, "operatingExpenses": 195139000, "costAndExpenses": 1100850000, "interestIncome": 0, "interestExpense": 0, "depreciationAndAmortization": 195120000, "ebitda": 313128000, "ebitdaratio": 0.2560239141, "operatingIncome": 122192000, "operatingIncomeRatio": 0.0999082615, "totalOtherIncomeExpensesNet": 4184000, "incomeBeforeTax": 106201000, "incomeBeforeTaxRatio": 0.0868334857, "incomeTaxExpense": 36483000, "netIncome": 69718000, "netIncomeRatio": 0.057003766, "eps": 0.8, "epsdiluted": 0.74, "weightedAverageShsOut": 87147500, "weightedAverageShsOutDil": 94213514, "link": "https://www.sec.gov/Archives/edgar/data/733269/000073326905000034/0000733269-05-000034-index.htm", "finalLink": "https://www.sec.gov/Archives/edgar/data/733269/000073326905000034/f10k.htm", "calculatedOtherExpenses": -984000, "calculatedOperatingExpenses": 195139000, "calculatedNetInterest": 0, "calculatedOtherIncome": -15991000, "calculatedIncomeNonControlling": 0, "calculatedEbitda": 317312000}, {"date": "2004-03-31", "symbol": "RAMP", "reportedCurrency": "USD", "cik": "0000733269", "fillingDate": "2004-06-14", "acceptedDate": "2004-06-14 17:13:25", "calendarYear": "2004", "period": "FY", "revenue": 1010822000, "costOfRevenue": 798107000, "grossProfit": 212715000, "grossProfitRatio": 0.2104376438, "researchAndDevelopmentExpenses": 0, "generalAndAdministrativeExpenses": 0, "sellingAndMarketingExpenses": 0, "sellingGeneralAndAdministrativeExpenses": 118576000, "otherExpenses": 855000, "operatingExpenses": 119431000, "costAndExpenses": 917538000, "interestIncome": 0, "interestExpense": 0, "depreciationAndAmortization": 150241000, "ebitda": 251104000, "ebitdaratio": 0.2484156459, "operatingIncome": 93284000, "operatingIncomeRatio": 0.0922852886, "totalOtherIncomeExpensesNet": -7579000, "incomeBeforeTax": 67293000, "incomeBeforeTaxRatio": 0.0665725518, "incomeTaxExpense": 8949000, "netIncome": 58344000, "netIncomeRatio": 0.0577193611, "eps": 0.68, "epsdiluted": 0.64, "weightedAverageShsOut": 85800000, "weightedAverageShsOutDil": 91162500, "link": "https://www.sec.gov/Archives/edgar/data/733269/000073326904000010/0000733269-04-000010-index.htm", "finalLink": "https://www.sec.gov/Archives/edgar/data/733269/000073326904000010/f10k.htm", "calculatedOtherExpenses": 855000, "calculatedOperatingExpenses": 119431000, "calculatedNetInterest": 0, "calculatedOtherIncome": -25991000, "calculatedIncomeNonControlling": 0, "calculatedEbitda": 243525000}, {"date": "2003-03-31", "symbol": "RAMP", "reportedCurrency": "USD", "cik": "0000733269", "fillingDate": "2003-06-09", "acceptedDate": "2003-06-09 13:51:32", "calendarYear": "2003", "period": "FY", "revenue": 958222000, "costOfRevenue": 295254000, "grossProfit": 662968000, "grossProfitRatio": 0.6918730733, "researchAndDevelopmentExpenses": 0, "generalAndAdministrativeExpenses": 0, "sellingAndMarketingExpenses": 0, "sellingGeneralAndAdministrativeExpenses": 612911000, "otherExpenses": -5018000, "operatingExpenses": 607893000, "costAndExpenses": 903147000, "interestIncome": 0, "interestExpense": 0, "depreciationAndAmortization": 154902000, "ebitda": 210183000, "ebitdaratio": 0.2193468737, "operatingIncome": 55075000, "operatingIncomeRatio": 0.0574762425, "totalOtherIncomeExpensesNet": -206000, "incomeBeforeTax": 28088000, "incomeBeforeTaxRatio": 0.0293126228, "incomeTaxExpense": 6321000, "netIncome": 21767000, "netIncomeRatio": 0.0227160303, "eps": 0.25, "epsdiluted": 0.24, "weightedAverageShsOut": 87068000, "weightedAverageShsOutDil": 90695833, "link": "https://www.sec.gov/Archives/edgar/data/733269/000073326903000006/0000733269-03-000006-index.htm", "finalLink": "https://www.sec.gov/Archives/edgar/data/733269/000073326903000006/f10k.htm", "calculatedOtherExpenses": -5018000, "calculatedOperatingExpenses": 607893000, "calculatedNetInterest": 0, "calculatedOtherIncome": -26987000, "calculatedIncomeNonControlling": 0, "calculatedEbitda": 209977000}, {"date": "2002-03-31", "symbol": "RAMP", "reportedCurrency": "USD", "cik": "0000733269", "fillingDate": "2002-05-16", "acceptedDate": "2002-05-15 18:08:16", "calendarYear": "2002", "period": "FY", "revenue": 866110000, "costOfRevenue": 269046000, "grossProfit": 597064000, "grossProfitRatio": 0.689362783, "researchAndDevelopmentExpenses": 0, "generalAndAdministrativeExpenses": 570249000, "sellingAndMarketingExpenses": 0, "sellingGeneralAndAdministrativeExpenses": 570249000, "otherExpenses": 45534000, "operatingExpenses": 615783000, "costAndExpenses": 884829000, "interestIncome": 0, "interestExpense": 0, "depreciationAndAmortization": 123394000, "ebitda": 153484000, "ebitdaratio": 0.1772107469, "operatingIncome": -18719000, "operatingIncomeRatio": -0.0216127282, "totalOtherIncomeExpensesNet": -48809000, "incomeBeforeTax": 50526000, "incomeBeforeTaxRatio": 0.0583367009, "incomeTaxExpense": -19833000, "netIncome": -31964000, "netIncomeRatio": -0.036905243, "eps": -0.36, "epsdiluted": -0.36, "weightedAverageShsOut": 88788889, "weightedAverageShsOutDil": 88788889, "link": "https://www.sec.gov/Archives/edgar/data/733269/000073326902000004/0000733269-02-000004-index.htm", "finalLink": "https://www.sec.gov/Archives/edgar/data/733269/000073326902000004/may10k.htm", "calculatedOtherExpenses": 45534000, "calculatedOperatingExpenses": 615783000, "calculatedNetInterest": 0, "calculatedOtherIncome": 69245000, "calculatedIncomeNonControlling": 102323000, "calculatedEbitda": 104675000}, {"date": "2001-03-31", "symbol": "RAMP", "reportedCurrency": "USD", "cik": "0000733269", "fillingDate": "2001-06-27", "acceptedDate": "2001-06-27 00:00:00", "calendarYear": "2001", "period": "FY", "revenue": 1009887000, "costOfRevenue": 323519000, "grossProfit": 686368000, "grossProfitRatio": 0.6796483171, "researchAndDevelopmentExpenses": 0, "generalAndAdministrativeExpenses": 549413000, "sellingAndMarketingExpenses": 0, "sellingGeneralAndAdministrativeExpenses": 549413000, "otherExpenses": 35330000, "operatingExpenses": 584743000, "costAndExpenses": 908262000, "interestIncome": 0, "interestExpense": 0, "depreciationAndAmortization": 120793000, "ebitda": 261528000, "ebitdaratio": 0.2589675875, "operatingIncome": 101625000, "operatingIncomeRatio": 0.1006300705, "totalOtherIncomeExpensesNet": -39110000, "incomeBeforeTax": 71332000, "incomeBeforeTaxRatio": 0.0706336452, "incomeTaxExpense": 27465000, "netIncome": 6379000, "netIncomeRatio": 0.0063165483, "eps": 0.07, "epsdiluted": 0.07, "weightedAverageShsOut": 91128571, "weightedAverageShsOutDil": 91128571, "link": "https://www.sec.gov/Archives/edgar/data/733269/000073326901500016/0000733269-01-500016-index.htm", "finalLink": "https://www.sec.gov/Archives/edgar/data/733269/000073326901500016/ex10-m.html", "calculatedOtherExpenses": 35330000, "calculatedOperatingExpenses": 584743000, "calculatedNetInterest": 0, "calculatedOtherIncome": -30293000, "calculatedIncomeNonControlling": 37488000, "calculatedEbitda": 222418000}, {"date": "2000-03-31", "symbol": "RAMP", "reportedCurrency": "USD", "cik": "0000733269", "fillingDate": "2000-06-26", "acceptedDate": "2000-06-26 00:00:00", "calendarYear": "2000", "period": "FY", "revenue": 964460000, "costOfRevenue": 286992000, "grossProfit": 677468000, "grossProfitRatio": 0.7024324492, "researchAndDevelopmentExpenses": 0, "generalAndAdministrativeExpenses": 513584000, "sellingAndMarketingExpenses": 0, "sellingGeneralAndAdministrativeExpenses": 513584000, "otherExpenses": 0, "operatingExpenses": 513584000, "costAndExpenses": 800576000, "interestIncome": 0, "interestExpense": 0, "depreciationAndAmortization": 86529000, "ebitda": 246188000, "ebitdaratio": 0.2552599382, "operatingIncome": 163884000, "operatingIncomeRatio": 0.1699230658, "totalOtherIncomeExpensesNet": 4225000, "incomeBeforeTax": 144577000, "incomeBeforeTaxRatio": 0.1499046098, "incomeTaxExpense": 54214000, "netIncome": 90363000, "netIncomeRatio": 0.0936928437, "eps": 1.06, "epsdiluted": 1, "weightedAverageShsOut": 85248113, "weightedAverageShsOutDil": 90363000, "link": "https://www.sec.gov/Archives/edgar/data/733269/000073326900000012/0000733269-00-000012-index.htm", "finalLink": "https://www.sec.gov/Archives/edgar/data/733269/000073326900000012/0000733269-00-000012-0001.txt", "calculatedOtherExpenses": 0, "calculatedOperatingExpenses": 513584000, "calculatedNetInterest": 0, "calculatedOtherIncome": -19307000, "calculatedIncomeNonControlling": 0, "calculatedEbitda": 250413000}, {"date": "1999-03-31", "symbol": "RAMP", "reportedCurrency": "USD", "cik": "0000733269", "fillingDate": "1999-06-21", "acceptedDate": "1999-06-21 00:00:00", "calendarYear": "1999", "period": "FY", "revenue": 730000000, "costOfRevenue": 341800000, "grossProfit": 388200000, "grossProfitRatio": 0.5317808219, "researchAndDevelopmentExpenses": 0, "generalAndAdministrativeExpenses": 272700000, "sellingAndMarketingExpenses": 0, "sellingGeneralAndAdministrativeExpenses": 272700000, "otherExpenses": 118800000, "operatingExpenses": 391500000, "costAndExpenses": 733300000, "interestIncome": 0, "interestExpense": 0, "depreciationAndAmortization": 63900000, "ebitda": 173000000, "ebitdaratio": 0.2369863014, "operatingIncome": -3300000, "operatingIncomeRatio": -0.0045205479, "totalOtherIncomeExpensesNet": -112400000, "incomeBeforeTax": -14400000, "incomeBeforeTaxRatio": -0.0197260274, "incomeTaxExpense": 2000000, "netIncome": -16400000, "netIncomeRatio": -0.0224657534, "eps": -0.21, "epsdiluted": -0.21, "weightedAverageShsOut": 79694737, "weightedAverageShsOutDil": 79694737, "link": "https://www.sec.gov/Archives/edgar/data/733269/000095013199003908/0000950131-99-003908-index.html", "finalLink": "https://www.sec.gov/Archives/edgar/data/733269/000095013199003908/", "calculatedOtherExpenses": 118800000, "calculatedOperatingExpenses": 391500000, "calculatedNetInterest": 0, "calculatedOtherIncome": -11100000, "calculatedIncomeNonControlling": 0, "calculatedEbitda": 60600000}, {"date": "1998-03-31", "symbol": "RAMP", "reportedCurrency": "USD", "cik": "0000733269", "fillingDate": "1998-06-23", "acceptedDate": "1998-06-23 00:00:00", "calendarYear": "1998", "period": "FY", "revenue": 465100000, "costOfRevenue": 231700000, "grossProfit": 233400000, "grossProfitRatio": 0.501827564, "researchAndDevelopmentExpenses": 0, "generalAndAdministrativeExpenses": 173900000, "sellingAndMarketingExpenses": 0, "sellingGeneralAndAdministrativeExpenses": 173900000, "otherExpenses": 100000, "operatingExpenses": 174000000, "costAndExpenses": 405700000, "interestIncome": 0, "interestExpense": 0, "depreciationAndAmortization": 40700000, "ebitda": 97100000, "ebitdaratio": 0.208772307, "operatingIncome": 59400000, "operatingIncomeRatio": 0.12771447, "totalOtherIncomeExpensesNet": 3000000, "incomeBeforeTax": 56500000, "incomeBeforeTaxRatio": 0.1214792518, "incomeTaxExpense": 20900000, "netIncome": 35600000, "netIncomeRatio": 0.076542679, "eps": 0.64, "epsdiluted": 0.57, "weightedAverageShsOut": 51959000, "weightedAverageShsOutDil": 59591000, "link": "https://www.sec.gov/Archives/edgar/data/733269/000073326998000006/0000733269-98-000006-index.html", "finalLink": "https://www.sec.gov/Archives/edgar/data/733269/", "calculatedOtherExpenses": 100000, "calculatedOperatingExpenses": 174000000, "calculatedNetInterest": 0, "calculatedOtherIncome": -2900000, "calculatedIncomeNonControlling": 0, "calculatedEbitda": 100100000}, {"date": "1997-03-31", "symbol": "RAMP", "reportedCurrency": "USD", "cik": "0000733269", "fillingDate": "1997-06-30", "acceptedDate": "1997-06-30 00:00:00", "calendarYear": "1997", "period": "FY", "revenue": 402000000, "costOfRevenue": 205300000, "grossProfit": 196700000, "grossProfitRatio": 0.4893034826, "researchAndDevelopmentExpenses": 0, "generalAndAdministrativeExpenses": 145000000, "sellingAndMarketingExpenses": 0, "sellingGeneralAndAdministrativeExpenses": 145000000, "otherExpenses": 0, "operatingExpenses": 145000000, "costAndExpenses": 350300000, "interestIncome": 0, "interestExpense": 0, "depreciationAndAmortization": 33200000, "ebitda": 88700000, "ebitdaratio": 0.2206467662, "operatingIncome": 51700000, "operatingIncomeRatio": 0.1286069652, "totalOtherIncomeExpensesNet": -3800000, "incomeBeforeTax": 44000000, "incomeBeforeTaxRatio": 0.1094527363, "incomeTaxExpense": 16500000, "netIncome": 27500000, "netIncomeRatio": 0.0684079602, "eps": 0.54, "epsdiluted": 0.47, "weightedAverageShsOut": 59011000, "weightedAverageShsOutDil": 59011000, "link": "https://www.sec.gov/Archives/edgar/data/733269/000073326997000006/0000733269-97-000006-index.html", "finalLink": "https://www.sec.gov/Archives/edgar/data/733269/", "calculatedOtherExpenses": 0, "calculatedOperatingExpenses": 145000000, "calculatedNetInterest": 0, "calculatedOtherIncome": -7700000, "calculatedIncomeNonControlling": 0, "calculatedEbitda": 84900000}, {"date": "1996-03-31", "symbol": "RAMP", "reportedCurrency": "USD", "cik": "0000733269", "fillingDate": "1996-06-26", "acceptedDate": "1996-06-26 00:00:00", "calendarYear": "1996", "period": "FY", "revenue": 269900000, "costOfRevenue": 140200000, "grossProfit": 129700000, "grossProfitRatio": 0.4805483512, "researchAndDevelopmentExpenses": 0, "generalAndAdministrativeExpenses": 98100000, "sellingAndMarketingExpenses": 0, "sellingGeneralAndAdministrativeExpenses": 98100000, "otherExpenses": -100000, "operatingExpenses": 98000000, "costAndExpenses": 238200000, "interestIncome": 0, "interestExpense": 0, "depreciationAndAmortization": 21600000, "ebitda": 53700000, "ebitdaratio": 0.1989625787, "operatingIncome": 31700000, "operatingIncomeRatio": 0.1174509077, "totalOtherIncomeExpensesNet": -400000, "incomeBeforeTax": 29400000, "incomeBeforeTaxRatio": 0.108929233, "incomeTaxExpense": 11200000, "netIncome": 18200000, "netIncomeRatio": 0.0674323824, "eps": 0.35, "epsdiluted": 0.35, "weightedAverageShsOut": 52078000, "weightedAverageShsOutDil": 52078000, "link": "https://www.sec.gov/Archives/edgar/data/733269/000073326996000003/0000733269-96-000003-index.html", "finalLink": "https://www.sec.gov/Archives/edgar/data/733269/", "calculatedOtherExpenses": -100000, "calculatedOperatingExpenses": 98000000, "calculatedNetInterest": 0, "calculatedOtherIncome": -2300000, "calculatedIncomeNonControlling": 0, "calculatedEbitda": 53300000}, {"date": "1995-03-31", "symbol": "RAMP", "reportedCurrency": "USD", "cik": "0000733269", "fillingDate": "1995-06-28", "acceptedDate": "1995-06-28 00:00:00", "calendarYear": "1995", "period": "FY", "revenue": 202400000, "costOfRevenue": 112100000, "grossProfit": 90300000, "grossProfitRatio": 0.4461462451, "researchAndDevelopmentExpenses": 0, "generalAndAdministrativeExpenses": 67300000, "sellingAndMarketingExpenses": 0, "sellingGeneralAndAdministrativeExpenses": 67300000, "otherExpenses": -100000, "operatingExpenses": 67200000, "costAndExpenses": 179300000, "interestIncome": 0, "interestExpense": 0, "depreciationAndAmortization": 19600000, "ebitda": 43300000, "ebitdaratio": 0.2139328063, "operatingIncome": 23100000, "operatingIncomeRatio": 0.1141304348, "totalOtherIncomeExpensesNet": -600000, "incomeBeforeTax": 20100000, "incomeBeforeTaxRatio": 0.0993083004, "incomeTaxExpense": 7700000, "netIncome": 12400000, "netIncomeRatio": 0.0612648221, "eps": 0.27, "epsdiluted": 0.27, "weightedAverageShsOut": 45886000, "weightedAverageShsOutDil": 45886000, "link": "https://www.sec.gov/Archives/edgar/data/733269/000090451195000007/0000904511-95-000007-index.html", "finalLink": "https://www.sec.gov/Archives/edgar/data/733269/", "calculatedOtherExpenses": -100000, "calculatedOperatingExpenses": 67200000, "calculatedNetInterest": 0, "calculatedOtherIncome": -3000000, "calculatedIncomeNonControlling": 0, "calculatedEbitda": 42700000}, {"date": "1994-03-31", "symbol": "RAMP", "reportedCurrency": "USD", "cik": "0000733269", "fillingDate": "1994-03-31", "acceptedDate": "1994-03-30 19:00:00", "calendarYear": "1994", "period": "FY", "revenue": 151700000, "costOfRevenue": 73800000, "grossProfit": 77900000, "grossProfitRatio": 0.5135135135, "researchAndDevelopmentExpenses": 0, "generalAndAdministrativeExpenses": 0, "sellingAndMarketingExpenses": 0, "sellingGeneralAndAdministrativeExpenses": 43200000, "otherExpenses": 19400000, "operatingExpenses": 62600000, "costAndExpenses": 136400000, "interestIncome": 0, "interestExpense": 0, "depreciationAndAmortization": 19400000, "ebitda": 33800000, "ebitdaratio": 0.222808174, "operatingIncome": 15300000, "operatingIncomeRatio": 0.1008569545, "totalOtherIncomeExpensesNet": 900000, "incomeBeforeTax": 13400000, "incomeBeforeTaxRatio": 0.0883322347, "incomeTaxExpense": 5000000, "netIncome": 8400000, "netIncomeRatio": 0.0553724456, "eps": 0.2, "epsdiluted": 0.19, "weightedAverageShsOut": 42000000, "weightedAverageShsOutDil": 44210526, "link": "", "finalLink": "", "calculatedOtherExpenses": 19400000, "calculatedOperatingExpenses": 62600000, "calculatedNetInterest": 0, "calculatedOtherIncome": -1900000, "calculatedIncomeNonControlling": 0, "calculatedEbitda": 34700000}, {"date": "1993-03-31", "symbol": "RAMP", "reportedCurrency": "USD", "cik": "0000733269", "fillingDate": "1993-03-31", "acceptedDate": "1993-03-30 19:00:00", "calendarYear": "1993", "period": "FY", "revenue": 115800000, "costOfRevenue": 64300000, "grossProfit": 51500000, "grossProfitRatio": 0.4447322971, "researchAndDevelopmentExpenses": 0, "generalAndAdministrativeExpenses": 0, "sellingAndMarketingExpenses": 0, "sellingGeneralAndAdministrativeExpenses": 23800000, "otherExpenses": 16100000, "operatingExpenses": 39900000, "costAndExpenses": 104200000, "interestIncome": 0, "interestExpense": 0, "depreciationAndAmortization": 16100000, "ebitda": 26800000, "ebitdaratio": 0.231433506, "operatingIncome": 11600000, "operatingIncomeRatio": 0.1001727116, "totalOtherIncomeExpensesNet": 900000, "incomeBeforeTax": 10100000, "incomeBeforeTaxRatio": 0.0872193437, "incomeTaxExpense": 3900000, "netIncome": 6200000, "netIncomeRatio": 0.0535405872, "eps": 0.15, "epsdiluted": 0.15, "weightedAverageShsOut": 41333333, "weightedAverageShsOutDil": 41333333, "link": "", "finalLink": "", "calculatedOtherExpenses": 16100000, "calculatedOperatingExpenses": 39900000, "calculatedNetInterest": 0, "calculatedOtherIncome": -1500000, "calculatedIncomeNonControlling": 0, "calculatedEbitda": 27700000}, {"date": "1992-03-31", "symbol": "RAMP", "reportedCurrency": "USD", "cik": "0000733269", "fillingDate": "1992-03-31", "acceptedDate": "1992-03-30 19:00:00", "calendarYear": "1992", "period": "FY", "revenue": 90900000, "costOfRevenue": 53800000, "grossProfit": 37100000, "grossProfitRatio": 0.4081408141, "researchAndDevelopmentExpenses": 0, "generalAndAdministrativeExpenses": 0, "sellingAndMarketingExpenses": 0, "sellingGeneralAndAdministrativeExpenses": 21900000, "otherExpenses": 9100000, "operatingExpenses": 31000000, "costAndExpenses": 84800000, "interestIncome": 0, "interestExpense": 0, "depreciationAndAmortization": 9100000, "ebitda": 15400000, "ebitdaratio": 0.1694169417, "operatingIncome": 6100000, "operatingIncomeRatio": 0.0671067107, "totalOtherIncomeExpensesNet": -200000, "incomeBeforeTax": 3200000, "incomeBeforeTaxRatio": 0.0352035204, "incomeTaxExpense": 1100000, "netIncome": 2100000, "netIncomeRatio": 0.0231023102, "eps": 0.06, "epsdiluted": 0.06, "weightedAverageShsOut": 35000000, "weightedAverageShsOutDil": 35000000, "link": "", "finalLink": "", "calculatedOtherExpenses": 9100000, "calculatedOperatingExpenses": 31000000, "calculatedNetInterest": 0, "calculatedOtherIncome": -2900000, "calculatedIncomeNonControlling": 0, "calculatedEbitda": 15200000}, {"date": "1991-03-31", "symbol": "RAMP", "reportedCurrency": "USD", "cik": "0000733269", "fillingDate": "1991-03-31", "acceptedDate": "1991-03-30 19:00:00", "calendarYear": "1991", "period": "FY", "revenue": 97700000, "costOfRevenue": 56600000, "grossProfit": 41100000, "grossProfitRatio": 0.4206755374, "researchAndDevelopmentExpenses": 0, "generalAndAdministrativeExpenses": 0, "sellingAndMarketingExpenses": 0, "sellingGeneralAndAdministrativeExpenses": 24700000, "otherExpenses": 8100000, "operatingExpenses": 32800000, "costAndExpenses": 89400000, "interestIncome": 0, "interestExpense": 0, "depreciationAndAmortization": 8100000, "ebitda": 15600000, "ebitdaratio": 0.1596724667, "operatingIncome": 8300000, "operatingIncomeRatio": 0.0849539406, "totalOtherIncomeExpensesNet": 800000, "incomeBeforeTax": 6000000, "incomeBeforeTaxRatio": 0.0614124872, "incomeTaxExpense": 2200000, "netIncome": 3800000, "netIncomeRatio": 0.0388945752, "eps": 0.1, "epsdiluted": 0.1, "weightedAverageShsOut": 38000000, "weightedAverageShsOutDil": 38000000, "link": "", "finalLink": "", "calculatedOtherExpenses": 8100000, "calculatedOperatingExpenses": 32800000, "calculatedNetInterest": 0, "calculatedOtherIncome": -2300000, "calculatedIncomeNonControlling": 0, "calculatedEbitda": 16400000}, {"date": "1990-03-31", "symbol": "RAMP", "reportedCurrency": "USD", "cik": "0000733269", "fillingDate": "1990-03-31", "acceptedDate": "1990-03-30 19:00:00", "calendarYear": "1990", "period": "FY", "revenue": 89700000, "costOfRevenue": 51700000, "grossProfit": 38000000, "grossProfitRatio": 0.4236343367, "researchAndDevelopmentExpenses": 0, "generalAndAdministrativeExpenses": 0, "sellingAndMarketingExpenses": 0, "sellingGeneralAndAdministrativeExpenses": 22700000, "otherExpenses": 6200000, "operatingExpenses": 28900000, "costAndExpenses": 80600000, "interestIncome": 0, "interestExpense": 0, "depreciationAndAmortization": 6200000, "ebitda": 14300000, "ebitdaratio": 0.1594202899, "operatingIncome": 9100000, "operatingIncomeRatio": 0.1014492754, "totalOtherIncomeExpensesNet": 1000000, "incomeBeforeTax": 8600000, "incomeBeforeTaxRatio": 0.0958751394, "incomeTaxExpense": 2900000, "netIncome": 5700000, "netIncomeRatio": 0.0635451505, "eps": 0.15, "epsdiluted": 0.15, "weightedAverageShsOut": 38000000, "weightedAverageShsOutDil": 38000000, "link": "", "finalLink": "", "calculatedOtherExpenses": 6200000, "calculatedOperatingExpenses": 28900000, "calculatedNetInterest": 0, "calculatedOtherIncome": -500000, "calculatedIncomeNonControlling": 0, "calculatedEbitda": 15300000}, {"date": "1989-03-31", "symbol": "RAMP", "reportedCurrency": "USD", "cik": "0000733269", "fillingDate": "1989-03-31", "acceptedDate": "1989-03-30 19:00:00", "calendarYear": "1989", "period": "FY", "revenue": 74300000, "costOfRevenue": 43300000, "grossProfit": 31000000, "grossProfitRatio": 0.4172274563, "researchAndDevelopmentExpenses": 0, "generalAndAdministrativeExpenses": 0, "sellingAndMarketingExpenses": 0, "sellingGeneralAndAdministrativeExpenses": 19300000, "otherExpenses": 4900000, "operatingExpenses": 24200000, "costAndExpenses": 67500000, "interestIncome": 0, "interestExpense": 0, "depreciationAndAmortization": 4900000, "ebitda": 11200000, "ebitdaratio": 0.1507402423, "operatingIncome": 6800000, "operatingIncomeRatio": 0.0915208614, "totalOtherIncomeExpensesNet": 500000, "incomeBeforeTax": 6000000, "incomeBeforeTaxRatio": 0.0807537012, "incomeTaxExpense": 2000000, "netIncome": 4000000, "netIncomeRatio": 0.0538358008, "eps": 0.11, "epsdiluted": 0.11, "weightedAverageShsOut": 36363636, "weightedAverageShsOutDil": 36363636, "link": "", "finalLink": "", "calculatedOtherExpenses": 4900000, "calculatedOperatingExpenses": 24200000, "calculatedNetInterest": 0, "calculatedOtherIncome": -800000, "calculatedIncomeNonControlling": 0, "calculatedEbitda": 11700000}, {"date": "1988-03-31", "symbol": "RAMP", "reportedCurrency": "USD", "cik": "0000733269", "fillingDate": "1988-03-31", "acceptedDate": "1988-03-30 19:00:00", "calendarYear": "1988", "period": "FY", "revenue": 56500000, "costOfRevenue": 31500000, "grossProfit": 25000000, "grossProfitRatio": 0.4424778761, "researchAndDevelopmentExpenses": 0, "generalAndAdministrativeExpenses": 0, "sellingAndMarketingExpenses": 0, "sellingGeneralAndAdministrativeExpenses": 14100000, "otherExpenses": 3800000, "operatingExpenses": 17900000, "costAndExpenses": 49400000, "interestIncome": 0, "interestExpense": 0, "depreciationAndAmortization": 3800000, "ebitda": 10800000, "ebitdaratio": 0.1911504425, "operatingIncome": 7100000, "operatingIncomeRatio": 0.1256637168, "totalOtherIncomeExpensesNet": 100000, "incomeBeforeTax": 5800000, "incomeBeforeTaxRatio": 0.1026548673, "incomeTaxExpense": 2300000, "netIncome": 3500000, "netIncomeRatio": 0.0619469027, "eps": 0.11, "epsdiluted": 0.11, "weightedAverageShsOut": 31818182, "weightedAverageShsOutDil": 31818182, "link": null, "finalLink": null, "calculatedOtherExpenses": 3800000, "calculatedOperatingExpenses": 17900000, "calculatedNetInterest": 0, "calculatedOtherIncome": -1300000, "calculatedIncomeNonControlling": 0, "calculatedEbitda": 10900000}, {"date": "1986-09-30", "symbol": "RAMP", "reportedCurrency": "USD", "cik": "0000733269", "fillingDate": "1986-09-30", "acceptedDate": "1986-09-29 20:00:00", "calendarYear": "1987", "period": "FY", "revenue": 19300000, "costOfRevenue": 9500000, "grossProfit": 9800000, "grossProfitRatio": 0.5077720207, "researchAndDevelopmentExpenses": 0, "generalAndAdministrativeExpenses": 0, "sellingAndMarketingExpenses": 0, "sellingGeneralAndAdministrativeExpenses": 4800000, "otherExpenses": 1800000, "operatingExpenses": 6600000, "costAndExpenses": 16100000, "interestIncome": 0, "interestExpense": 0, "depreciationAndAmortization": 1800000, "ebitda": 4900000, "ebitdaratio": 0.2538860104, "operatingIncome": 3200000, "operatingIncomeRatio": 0.1658031088, "totalOtherIncomeExpensesNet": 100000, "incomeBeforeTax": 2800000, "incomeBeforeTaxRatio": 0.1450777202, "incomeTaxExpense": 1000000, "netIncome": 1800000, "netIncomeRatio": 0.0932642487, "eps": 0.07, "epsdiluted": 0.07, "weightedAverageShsOut": 25714286, "weightedAverageShsOutDil": 25714286, "link": "", "finalLink": "", "calculatedOtherExpenses": 1800000, "calculatedOperatingExpenses": 6600000, "calculatedNetInterest": 0, "calculatedOtherIncome": -400000, "calculatedIncomeNonControlling": 0, "calculatedEbitda": 5000000}, {"date": "1985-09-30", "symbol": "RAMP", "reportedCurrency": "USD", "cik": "0000733269", "fillingDate": "1985-09-30", "acceptedDate": "1985-09-29 20:00:00", "calendarYear": "1986", "period": "FY", "revenue": 14300000, "costOfRevenue": 7800000, "grossProfit": 6500000, "grossProfitRatio": 0.4545454545, "researchAndDevelopmentExpenses": 0, "generalAndAdministrativeExpenses": 0, "sellingAndMarketingExpenses": 0, "sellingGeneralAndAdministrativeExpenses": 3700000, "otherExpenses": 1200000, "operatingExpenses": 4900000, "costAndExpenses": 12700000, "interestIncome": 0, "interestExpense": 0, "depreciationAndAmortization": 1200000, "ebitda": 2500000, "ebitdaratio": 0.1748251748, "operatingIncome": 1600000, "operatingIncomeRatio": 0.1118881119, "totalOtherIncomeExpensesNet": 300000, "incomeBeforeTax": 1500000, "incomeBeforeTaxRatio": 0.1048951049, "incomeTaxExpense": 300000, "netIncome": 1200000, "netIncomeRatio": 0.0839160839, "eps": 0.05, "epsdiluted": 0.05, "weightedAverageShsOut": 24000000, "weightedAverageShsOutDil": 24000000, "link": "", "finalLink": "", "calculatedOtherExpenses": 1200000, "calculatedOperatingExpenses": 4900000, "calculatedNetInterest": 0, "calculatedOtherIncome": -100000, "calculatedIncomeNonControlling": 0, "calculatedEbitda": 2800000}]}