{"originalCurrency": "USD", "convertedCurrency": "USD", "report": [{"date": "2023-12-31", "symbol": "RARE", "reportedCurrency": "USD", "cik": "0001515673", "fillingDate": "2024-02-21", "acceptedDate": "2024-02-21 16:01:34", "calendarYear": "2023", "period": "FY", "revenue": 434249000, "costOfRevenue": 45209000, "grossProfit": 389040000, "grossProfitRatio": 0.8958915277, "researchAndDevelopmentExpenses": 648449000, "generalAndAdministrativeExpenses": 0, "sellingAndMarketingExpenses": 0, "sellingGeneralAndAdministrativeExpenses": 309799000, "otherExpenses": -337000, "operatingExpenses": 958248000, "costAndExpenses": 1003457000, "interestIncome": 26688000, "interestExpense": 66004000, "depreciationAndAmortization": 26006000, "ebitda": -516851000, "ebitdaratio": -1.1902180546, "operatingIncome": -569208000, "operatingIncomeRatio": -1.310787129, "totalOtherIncomeExpensesNet": -39256000, "incomeBeforeTax": -608464000, "incomeBeforeTaxRatio": -1.4011868767, "incomeTaxExpense": -1825000, "netIncome": -606639000, "netIncomeRatio": -1.3969842187, "eps": -8.25, "epsdiluted": -8.25, "weightedAverageShsOut": 73543862, "weightedAverageShsOutDil": 73543862, "link": "https://www.sec.gov/Archives/edgar/data/1515673/000095017024017879/0000950170-24-017879-index.htm", "finalLink": "https://www.sec.gov/Archives/edgar/data/1515673/000095017024017879/rare-20231231.htm", "calculatedOtherExpenses": 0, "calculatedOperatingExpenses": 958248000, "calculatedNetInterest": -39316000, "calculatedOtherIncome": 60000, "calculatedIncomeNonControlling": 0, "calculatedEbitda": -543202000}, {"date": "2022-12-31", "symbol": "RARE", "reportedCurrency": "USD", "cik": "0001515673", "fillingDate": "2023-02-17", "acceptedDate": "2023-02-16 18:06:22", "calendarYear": "2022", "period": "FY", "revenue": 363329000, "costOfRevenue": 28320000, "grossProfit": 335009000, "grossProfitRatio": 0.9220541162, "researchAndDevelopmentExpenses": 705789000, "generalAndAdministrativeExpenses": 0, "sellingAndMarketingExpenses": 0, "sellingGeneralAndAdministrativeExpenses": 278139000, "otherExpenses": 9508000, "operatingExpenses": 983928000, "costAndExpenses": 1012248000, "interestIncome": 11074000, "interestExpense": 43015000, "depreciationAndAmortization": 9508000, "ebitda": -639411000, "ebitdaratio": -1.7598677782, "operatingIncome": -648919000, "operatingIncomeRatio": -1.7860368977, "totalOtherIncomeExpensesNet": -52806000, "incomeBeforeTax": -701725000, "incomeBeforeTaxRatio": -1.9313762458, "incomeTaxExpense": 5696000, "netIncome": -707421000, "netIncomeRatio": -1.947053497, "eps": -10.12, "epsdiluted": -10.12, "weightedAverageShsOut": 69914225, "weightedAverageShsOutDil": 69914225, "link": "https://www.sec.gov/Archives/edgar/data/1515673/000095017023003096/0000950170-23-003096-index.htm", "finalLink": "https://www.sec.gov/Archives/edgar/data/1515673/000095017023003096/rare-20221231.htm", "calculatedOtherExpenses": 0, "calculatedOperatingExpenses": 983928000, "calculatedNetInterest": -31941000, "calculatedOtherIncome": -20865000, "calculatedIncomeNonControlling": 0, "calculatedEbitda": -639411000}, {"date": "2021-12-31", "symbol": "RARE", "reportedCurrency": "USD", "cik": "0001515673", "fillingDate": "2022-02-15", "acceptedDate": "2022-02-15 16:19:35", "calendarYear": "2021", "period": "FY", "revenue": 351406000, "costOfRevenue": 16008000, "grossProfit": 335398000, "grossProfitRatio": 0.9544458547, "researchAndDevelopmentExpenses": 497153000, "generalAndAdministrativeExpenses": 0, "sellingAndMarketingExpenses": 0, "sellingGeneralAndAdministrativeExpenses": 219982000, "otherExpenses": 241000, "operatingExpenses": 717135000, "costAndExpenses": 733143000, "interestIncome": 1928000, "interestExpense": 29422000, "depreciationAndAmortization": 241000, "ebitda": -381496000, "ebitdaratio": -1.0856274509, "operatingIncome": -381737000, "operatingIncomeRatio": -1.0863132673, "totalOtherIncomeExpensesNet": -71244000, "incomeBeforeTax": -452981000, "incomeBeforeTaxRatio": -1.289053118, "incomeTaxExpense": 1044000, "netIncome": -454025000, "netIncomeRatio": -1.2920240406, "eps": -6.7, "epsdiluted": -6.7, "weightedAverageShsOut": 67795540, "weightedAverageShsOutDil": 67795540, "link": "https://www.sec.gov/Archives/edgar/data/1515673/000095017022001284/0000950170-22-001284-index.htm", "finalLink": "https://www.sec.gov/Archives/edgar/data/1515673/000095017022001284/rare-20211231.htm", "calculatedOtherExpenses": 0, "calculatedOperatingExpenses": 717135000, "calculatedNetInterest": -27494000, "calculatedOtherIncome": -43750000, "calculatedIncomeNonControlling": 0, "calculatedEbitda": -381496000}, {"date": "2020-12-31", "symbol": "RARE", "reportedCurrency": "USD", "cik": "0001515673", "fillingDate": "2021-02-12", "acceptedDate": "2021-02-11 18:37:47", "calendarYear": "2020", "period": "FY", "revenue": 271030000, "costOfRevenue": 6129000, "grossProfit": 264901000, "grossProfitRatio": 0.9773862672, "researchAndDevelopmentExpenses": 412084000, "generalAndAdministrativeExpenses": 0, "sellingAndMarketingExpenses": 0, "sellingGeneralAndAdministrativeExpenses": 182933000, "otherExpenses": 7645000, "operatingExpenses": 595017000, "costAndExpenses": 601146000, "interestIncome": 7038000, "interestExpense": 33291000, "depreciationAndAmortization": 7645000, "ebitda": -322471000, "ebitdaratio": -1.1897981773, "operatingIncome": -330116000, "operatingIncomeRatio": -1.2180053869, "totalOtherIncomeExpensesNet": 144757000, "incomeBeforeTax": -185359000, "incomeBeforeTaxRatio": -0.6839058407, "incomeTaxExpense": 1207000, "netIncome": -186566000, "netIncomeRatio": -0.6883592222, "eps": -3.07, "epsdiluted": -3.07, "weightedAverageShsOut": 60845550, "weightedAverageShsOutDil": 60845550, "link": "https://www.sec.gov/Archives/edgar/data/1515673/000156459021005610/0001564590-21-005610-index.htm", "finalLink": "https://www.sec.gov/Archives/edgar/data/1515673/000156459021005610/rare-10k_20201231.htm", "calculatedOtherExpenses": 0, "calculatedOperatingExpenses": 595017000, "calculatedNetInterest": -26253000, "calculatedOtherIncome": 171010000, "calculatedIncomeNonControlling": 0, "calculatedEbitda": -322471000}, {"date": "2019-12-31", "symbol": "RARE", "reportedCurrency": "USD", "cik": "0001515673", "fillingDate": "2020-02-14", "acceptedDate": "2020-02-13 18:33:24", "calendarYear": "2019", "period": "FY", "revenue": 103714000, "costOfRevenue": 9008000, "grossProfit": 94706000, "grossProfitRatio": 0.9131457662, "researchAndDevelopmentExpenses": 357355000, "generalAndAdministrativeExpenses": 0, "sellingAndMarketingExpenses": 0, "sellingGeneralAndAdministrativeExpenses": 161524000, "otherExpenses": 12451000, "operatingExpenses": 518879000, "costAndExpenses": 527887000, "interestIncome": 13238000, "interestExpense": 1135000, "depreciationAndAmortization": 12451000, "ebitda": -411722000, "ebitdaratio": -3.9697822859, "operatingIncome": -424173000, "operatingIncomeRatio": -4.0898335808, "totalOtherIncomeExpensesNet": 24729000, "incomeBeforeTax": -399444000, "incomeBeforeTaxRatio": -3.8513990397, "incomeTaxExpense": 3283000, "netIncome": -402727000, "netIncomeRatio": -3.8830533968, "eps": -7.12, "epsdiluted": -7.12, "weightedAverageShsOut": 56576885, "weightedAverageShsOutDil": 56576885, "link": "https://www.sec.gov/Archives/edgar/data/1515673/000156459020004667/0001564590-20-004667-index.htm", "finalLink": "https://www.sec.gov/Archives/edgar/data/1515673/000156459020004667/rare-10k_20191231.htm", "calculatedOtherExpenses": 0, "calculatedOperatingExpenses": 518879000, "calculatedNetInterest": 12103000, "calculatedOtherIncome": 12626000, "calculatedIncomeNonControlling": 0, "calculatedEbitda": -411722000}, {"date": "2018-12-31", "symbol": "RARE", "reportedCurrency": "USD", "cik": "0001515673", "fillingDate": "2019-02-20", "acceptedDate": "2019-02-19 18:25:05", "calendarYear": "2018", "period": "FY", "revenue": 51495000, "costOfRevenue": 1146000, "grossProfit": 50349000, "grossProfitRatio": 0.9777454122, "researchAndDevelopmentExpenses": 293998000, "generalAndAdministrativeExpenses": 127724000, "sellingAndMarketingExpenses": 0, "sellingGeneralAndAdministrativeExpenses": 127724000, "otherExpenses": 3954000, "operatingExpenses": 421722000, "costAndExpenses": 422868000, "interestIncome": 9542000, "interestExpense": 0, "depreciationAndAmortization": 19538000, "ebitda": -541695000, "ebitdaratio": -10.5193708127, "operatingIncome": -371373000, "operatingIncomeRatio": -7.2118263909, "totalOtherIncomeExpensesNet": 174276000, "incomeBeforeTax": -197097000, "incomeBeforeTaxRatio": -3.8274978153, "incomeTaxExpense": 514000, "netIncome": -197611000, "netIncomeRatio": -3.8374793669, "eps": -3.97, "epsdiluted": -3.97, "weightedAverageShsOut": 49775223, "weightedAverageShsOutDil": 49775223, "link": "https://www.sec.gov/Archives/edgar/data/1515673/000156459019003324/0001564590-19-003324-index.htm", "finalLink": "https://www.sec.gov/Archives/edgar/data/1515673/000156459019003324/rare-10k_20181231.htm", "calculatedOtherExpenses": 0, "calculatedOperatingExpenses": 421722000, "calculatedNetInterest": 9542000, "calculatedOtherIncome": 164734000, "calculatedIncomeNonControlling": 0, "calculatedEbitda": -351835000}, {"date": "2017-12-31", "symbol": "RARE", "reportedCurrency": "USD", "cik": "0001515673", "fillingDate": "2018-02-21", "acceptedDate": "2018-02-21 06:07:40", "calendarYear": "2017", "period": "FY", "revenue": 2612000, "costOfRevenue": 1000, "grossProfit": 2611000, "grossProfitRatio": 0.9996171516, "researchAndDevelopmentExpenses": 231644000, "generalAndAdministrativeExpenses": 99909000, "sellingAndMarketingExpenses": 0, "sellingGeneralAndAdministrativeExpenses": 99909000, "otherExpenses": 10604000, "operatingExpenses": 331553000, "costAndExpenses": 331554000, "interestIncome": 4074000, "interestExpense": 0, "depreciationAndAmortization": 5825000, "ebitda": -328942000, "ebitdaratio": -125.9349157734, "operatingIncome": -328942000, "operatingIncomeRatio": -125.9349157734, "totalOtherIncomeExpensesNet": 10604000, "incomeBeforeTax": -318338000, "incomeBeforeTaxRatio": -121.8751914242, "incomeTaxExpense": -16199000, "netIncome": -302139000, "netIncomeRatio": -115.6734303216, "eps": -7.12, "epsdiluted": -7.12, "weightedAverageShsOut": 42453135, "weightedAverageShsOutDil": 42453135, "link": "https://www.sec.gov/Archives/edgar/data/1515673/000156459018002535/0001564590-18-002535-index.htm", "finalLink": "https://www.sec.gov/Archives/edgar/data/1515673/000156459018002535/rare-10k_20171231.htm", "calculatedOtherExpenses": 0, "calculatedOperatingExpenses": 331553000, "calculatedNetInterest": 4074000, "calculatedOtherIncome": 6530000, "calculatedIncomeNonControlling": 0, "calculatedEbitda": -323117000}, {"date": "2016-12-31", "symbol": "RARE", "reportedCurrency": "USD", "cik": "0001515673", "fillingDate": "2017-02-17", "acceptedDate": "2017-02-16 18:43:23", "calendarYear": "2016", "period": "FY", "revenue": 133000, "costOfRevenue": 0, "grossProfit": 133000, "grossProfitRatio": 1, "researchAndDevelopmentExpenses": 183204000, "generalAndAdministrativeExpenses": 64936000, "sellingAndMarketingExpenses": 0, "sellingGeneralAndAdministrativeExpenses": 64936000, "otherExpenses": 2168000, "operatingExpenses": 248140000, "costAndExpenses": 248140000, "interestIncome": 3789000, "interestExpense": 0, "depreciationAndAmortization": 3424000, "ebitda": -248007000, "ebitdaratio": -1864.7142857143, "operatingIncome": -248007000, "operatingIncomeRatio": -1864.7142857143, "totalOtherIncomeExpensesNet": 2168000, "incomeBeforeTax": -245839000, "incomeBeforeTaxRatio": -1848.4135338346, "incomeTaxExpense": 35000, "netIncome": -245874000, "netIncomeRatio": -1848.6766917293, "eps": -6.21, "epsdiluted": -6.21, "weightedAverageShsOut": 39586908, "weightedAverageShsOutDil": 39586908, "link": "https://www.sec.gov/Archives/edgar/data/1515673/000156459017001714/0001564590-17-001714-index.htm", "finalLink": "https://www.sec.gov/Archives/edgar/data/1515673/000156459017001714/rare-10k_20161231.htm", "calculatedOtherExpenses": 0, "calculatedOperatingExpenses": 248140000, "calculatedNetInterest": 3789000, "calculatedOtherIncome": -1621000, "calculatedIncomeNonControlling": 0, "calculatedEbitda": -244583000}, {"date": "2015-12-31", "symbol": "RARE", "reportedCurrency": "USD", "cik": "0001515673", "fillingDate": "2016-02-26", "acceptedDate": "2016-02-25 18:40:04", "calendarYear": "2015", "period": "FY", "revenue": 0, "costOfRevenue": 0, "grossProfit": 0, "grossProfitRatio": 0, "researchAndDevelopmentExpenses": 114737000, "generalAndAdministrativeExpenses": 33001000, "sellingAndMarketingExpenses": 0, "sellingGeneralAndAdministrativeExpenses": 33001000, "otherExpenses": -200000, "operatingExpenses": 147738000, "costAndExpenses": 147738000, "interestIncome": 2320000, "interestExpense": 0, "depreciationAndAmortization": 1384000, "ebitda": -146354000, "ebitdaratio": 0, "operatingIncome": -147738000, "operatingIncomeRatio": 0, "totalOtherIncomeExpensesNet": -200000, "incomeBeforeTax": -145618000, "incomeBeforeTaxRatio": 0, "incomeTaxExpense": -2320000, "netIncome": -145618000, "netIncomeRatio": 0, "eps": -3.96, "epsdiluted": -3.96, "weightedAverageShsOut": 36782603, "weightedAverageShsOutDil": 36782603, "link": "https://www.sec.gov/Archives/edgar/data/1515673/000156459016013430/0001564590-16-013430-index.htm", "finalLink": "https://www.sec.gov/Archives/edgar/data/1515673/000156459016013430/rare-10k_20151231.htm", "calculatedOtherExpenses": 0, "calculatedOperatingExpenses": 147738000, "calculatedNetInterest": 2320000, "calculatedOtherIncome": -200000, "calculatedIncomeNonControlling": 2320000, "calculatedEbitda": -146354000}, {"date": "2014-12-31", "symbol": "RARE", "reportedCurrency": "USD", "cik": "0001515673", "fillingDate": "2015-03-27", "acceptedDate": "2015-03-27 17:17:25", "calendarYear": "2014", "period": "FY", "revenue": 0, "costOfRevenue": 0, "grossProfit": 0, "grossProfitRatio": 0, "researchAndDevelopmentExpenses": 45967000, "generalAndAdministrativeExpenses": 10811000, "sellingAndMarketingExpenses": 0, "sellingGeneralAndAdministrativeExpenses": 10811000, "otherExpenses": -3024000, "operatingExpenses": 56778000, "costAndExpenses": 56778000, "interestIncome": 608000, "interestExpense": 0, "depreciationAndAmortization": 684000, "ebitda": -56778000, "ebitdaratio": 0, "operatingIncome": -56778000, "operatingIncomeRatio": 0, "totalOtherIncomeExpensesNet": -3024000, "incomeBeforeTax": -59802000, "incomeBeforeTaxRatio": 0, "incomeTaxExpense": -684000, "netIncome": -59802000, "netIncomeRatio": 0, "eps": -2.08, "epsdiluted": -2.08, "weightedAverageShsOut": 28755758, "weightedAverageShsOutDil": 28755758, "link": "https://www.sec.gov/Archives/edgar/data/1515673/000156459015002066/0001564590-15-002066-index.htm", "finalLink": "https://www.sec.gov/Archives/edgar/data/1515673/000156459015002066/rare-10k_20141231.htm", "calculatedOtherExpenses": 0, "calculatedOperatingExpenses": 56778000, "calculatedNetInterest": 608000, "calculatedOtherIncome": -3632000, "calculatedIncomeNonControlling": 684000, "calculatedEbitda": -56094000}, {"date": "2013-12-31", "symbol": "RARE", "reportedCurrency": "USD", "cik": "0001515673", "fillingDate": "2014-03-24", "acceptedDate": "2014-03-24 17:12:38", "calendarYear": "2013", "period": "FY", "revenue": 0, "costOfRevenue": 0, "grossProfit": 0, "grossProfitRatio": 0, "researchAndDevelopmentExpenses": 27829000, "generalAndAdministrativeExpenses": 4451000, "sellingAndMarketingExpenses": 0, "sellingGeneralAndAdministrativeExpenses": 4451000, "otherExpenses": -3006000, "operatingExpenses": 32280000, "costAndExpenses": 32280000, "interestIncome": 216000, "interestExpense": 0, "depreciationAndAmortization": 444000, "ebitda": -34626000, "ebitdaratio": 0, "operatingIncome": -32280000, "operatingIncomeRatio": 0, "totalOtherIncomeExpensesNet": -3006000, "incomeBeforeTax": -35070000, "incomeBeforeTaxRatio": 0, "incomeTaxExpense": -3006000, "netIncome": -35070000, "netIncomeRatio": 0, "eps": -1.21, "epsdiluted": -1.21, "weightedAverageShsOut": 29061871, "weightedAverageShsOutDil": 29061871, "link": "https://www.sec.gov/Archives/edgar/data/1515673/000156459014000963/0001564590-14-000963-index.htm", "finalLink": "https://www.sec.gov/Archives/edgar/data/1515673/000156459014000963/rare-10k_20131231.htm", "calculatedOtherExpenses": 0, "calculatedOperatingExpenses": 32280000, "calculatedNetInterest": 216000, "calculatedOtherIncome": -3006000, "calculatedIncomeNonControlling": 3006000, "calculatedEbitda": -31836000}, {"date": "2012-12-31", "symbol": "RARE", "reportedCurrency": "USD", "cik": "0001515673", "fillingDate": "2012-12-31", "acceptedDate": "2012-12-30 19:00:00", "calendarYear": "2012", "period": "FY", "revenue": 0, "costOfRevenue": 0, "grossProfit": 0, "grossProfitRatio": 0, "researchAndDevelopmentExpenses": 12641000, "generalAndAdministrativeExpenses": 3344000, "sellingAndMarketingExpenses": 0, "sellingGeneralAndAdministrativeExpenses": 3344000, "otherExpenses": -350000, "operatingExpenses": 15985000, "costAndExpenses": 15985000, "interestIncome": 1000, "interestExpense": 0, "depreciationAndAmortization": 313000, "ebitda": -16021000, "ebitdaratio": 0, "operatingIncome": -15985000, "operatingIncomeRatio": 0, "totalOtherIncomeExpensesNet": -350000, "incomeBeforeTax": -16334000, "incomeBeforeTaxRatio": 0, "incomeTaxExpense": -350000, "netIncome": -16334000, "netIncomeRatio": 0, "eps": -0.71, "epsdiluted": -0.71, "weightedAverageShsOut": 23062826, "weightedAverageShsOutDil": 23062826, "link": "", "finalLink": "", "calculatedOtherExpenses": 0, "calculatedOperatingExpenses": 15985000, "calculatedNetInterest": 1000, "calculatedOtherIncome": -350000, "calculatedIncomeNonControlling": 350000, "calculatedEbitda": -15672000}, {"date": "2011-12-31", "symbol": "RARE", "reportedCurrency": "USD", "cik": "0001515673", "fillingDate": "2011-12-31", "acceptedDate": "2011-12-30 19:00:00", "calendarYear": "2011", "period": "FY", "revenue": 0, "costOfRevenue": 0, "grossProfit": 0, "grossProfitRatio": 0, "researchAndDevelopmentExpenses": 4717000, "generalAndAdministrativeExpenses": 1844000, "sellingAndMarketingExpenses": 0, "sellingGeneralAndAdministrativeExpenses": 1844000, "otherExpenses": -22000, "operatingExpenses": 6561000, "costAndExpenses": 6561000, "interestIncome": 4000, "interestExpense": 270000, "depreciationAndAmortization": 34000, "ebitda": -6545000, "ebitdaratio": 0, "operatingIncome": -6561000, "operatingIncomeRatio": 0, "totalOtherIncomeExpensesNet": -22000, "incomeBeforeTax": -6849000, "incomeBeforeTaxRatio": 0, "incomeTaxExpense": 248000, "netIncome": -6849000, "netIncomeRatio": 0, "eps": -0.3, "epsdiluted": -0.3, "weightedAverageShsOut": 23062826, "weightedAverageShsOutDil": 23062826, "link": "", "finalLink": "", "calculatedOtherExpenses": 0, "calculatedOperatingExpenses": 6561000, "calculatedNetInterest": -266000, "calculatedOtherIncome": -22000, "calculatedIncomeNonControlling": -248000, "calculatedEbitda": -6527000}]}