{"originalCurrency": "USD", "convertedCurrency": "USD", "report": [{"date": "2023-12-31", "symbol": "RBA", "reportedCurrency": "USD", "cik": "0001046102", "fillingDate": "2023-12-31", "acceptedDate": "2023-12-29 19:00:00", "calendarYear": "2023", "period": "FY", "revenue": 3747079503, "costOfRevenue": 2294724685, "grossProfit": 1452354818, "grossProfitRatio": 0.387596478, "researchAndDevelopmentExpenses": 0, "generalAndAdministrativeExpenses": 719801899, "sellingAndMarketingExpenses": 35500000, "sellingGeneralAndAdministrativeExpenses": 755301899, "otherExpenses": 3542891, "operatingExpenses": 755301899, "costAndExpenses": 3050026585, "interestIncome": 22403453, "interestExpense": 221183190, "depreciationAndAmortization": 470574366, "ebitda": 1167627289, "ebitdaratio": 0.3116099587, "operatingIncome": 697052920, "operatingIncomeRatio": 0.1860256553, "totalOtherIncomeExpensesNet": -409474039, "incomeBeforeTax": 287578881, "incomeBeforeTaxRatio": 0.0767474725, "incomeTaxExpense": 77801085, "netIncome": 206500000, "netIncomeRatio": 0.055109586, "eps": 1.26, "epsdiluted": 1.25, "weightedAverageShsOut": 166963575, "weightedAverageShsOutDil": 168203981, "link": null, "finalLink": null, "calculatedOtherExpenses": -1, "calculatedOperatingExpenses": 755301898, "calculatedNetInterest": -198779737, "calculatedOtherIncome": -210694302, "calculatedIncomeNonControlling": 3277796, "calculatedEbitda": 1167627286}, {"date": "2022-12-31", "symbol": "RBA", "reportedCurrency": "USD", "cik": "0001046102", "fillingDate": "2023-02-21", "acceptedDate": "2023-02-21 17:02:24", "calendarYear": "2022", "period": "FY", "revenue": 1733808000, "costOfRevenue": 776701000, "grossProfit": 957107000, "grossProfitRatio": 0.5520259452, "researchAndDevelopmentExpenses": 0, "generalAndAdministrativeExpenses": 539933000, "sellingAndMarketingExpenses": 26600000, "sellingGeneralAndAdministrativeExpenses": 539933000, "otherExpenses": 97155000, "operatingExpenses": 637088000, "costAndExpenses": 1413789000, "interestIncome": 6971000, "interestExpense": 57880000, "depreciationAndAmortization": 116528000, "ebitda": 444607000, "ebitdaratio": 0.256433815, "operatingIncome": 328079000, "operatingIncomeRatio": 0.1892245277, "totalOtherIncomeExpensesNet": 77909000, "incomeBeforeTax": 405988000, "incomeBeforeTaxRatio": 0.2341597224, "incomeTaxExpense": 86230000, "netIncome": 319700000, "netIncomeRatio": 0.1843918127, "eps": 2.89, "epsdiluted": 2.86, "weightedAverageShsOut": 110781282, "weightedAverageShsOutDil": 111886025, "link": "https://www.sec.gov/Archives/edgar/data/1046102/000155837023001652/0001558370-23-001652-index.htm", "finalLink": "https://www.sec.gov/Archives/edgar/data/1046102/000155837023001652/rba-20221231x10k.htm", "calculatedOtherExpenses": 89095000, "calculatedOperatingExpenses": 629028000, "calculatedNetInterest": -50909000, "calculatedOtherIncome": 128818000, "calculatedIncomeNonControlling": 58000, "calculatedEbitda": 444607000}, {"date": "2021-12-31", "symbol": "RBA", "reportedCurrency": "USD", "cik": "0001046102", "fillingDate": "2022-02-17", "acceptedDate": "2022-02-17 17:26:37", "calendarYear": "2021", "period": "FY", "revenue": 1416971000, "costOfRevenue": 594783000, "grossProfit": 822188000, "grossProfitRatio": 0.5802433501, "researchAndDevelopmentExpenses": 0, "generalAndAdministrativeExpenses": 464599000, "sellingAndMarketingExpenses": 22900000, "sellingGeneralAndAdministrativeExpenses": 464599000, "otherExpenses": 87889000, "operatingExpenses": 552488000, "costAndExpenses": 1147271000, "interestIncome": 1402000, "interestExpense": 36993000, "depreciationAndAmortization": 133600000, "ebitda": 373747000, "ebitdaratio": 0.2637647489, "operatingIncome": 240147000, "operatingIncomeRatio": 0.1694791213, "totalOtherIncomeExpensesNet": -34915000, "incomeBeforeTax": 205232000, "incomeBeforeTaxRatio": 0.1448385323, "incomeTaxExpense": 53378000, "netIncome": 119135386, "netIncomeRatio": 0.0840775048, "eps": 1.08, "epsdiluted": 1.07, "weightedAverageShsOut": 110315782, "weightedAverageShsOutDil": 111406830, "link": "https://www.sec.gov/Archives/edgar/data/1046102/000155837022001365/0001558370-22-001365-index.htm", "finalLink": "https://www.sec.gov/Archives/edgar/data/1046102/000155837022001365/rba-20211231x10k.htm", "calculatedOtherExpenses": 117442000, "calculatedOperatingExpenses": 582041000, "calculatedNetInterest": -35591000, "calculatedOtherIncome": 676000, "calculatedIncomeNonControlling": 32718614, "calculatedEbitda": 373747000}, {"date": "2020-12-31", "symbol": "RBA", "reportedCurrency": "USD", "cik": "0001046102", "fillingDate": "2021-02-18", "acceptedDate": "2021-02-18 17:12:58", "calendarYear": "2020", "period": "FY", "revenue": 1377260000, "costOfRevenue": 615589000, "grossProfit": 761671000, "grossProfitRatio": 0.5530335594, "researchAndDevelopmentExpenses": 0, "generalAndAdministrativeExpenses": 417523000, "sellingAndMarketingExpenses": 0, "sellingGeneralAndAdministrativeExpenses": 417523000, "otherExpenses": 74921000, "operatingExpenses": 492444000, "costAndExpenses": 1108033000, "interestIncome": 33231000, "interestExpense": 35568000, "depreciationAndAmortization": 101524000, "ebitda": 364684000, "ebitdaratio": 0.2647895096, "operatingIncome": 263160000, "operatingIncomeRatio": 0.191075033, "totalOtherIncomeExpensesNet": -27272000, "incomeBeforeTax": 235888000, "incomeBeforeTaxRatio": 0.1712733979, "incomeTaxExpense": 65530000, "netIncome": 170095000, "netIncomeRatio": 0.1235024614, "eps": 1.64, "epsdiluted": 1.62, "weightedAverageShsOut": 109054493, "weightedAverageShsOutDil": 110310984, "link": "https://www.sec.gov/Archives/edgar/data/1046102/000155837021001228/0001558370-21-001228-index.htm", "finalLink": "https://www.sec.gov/Archives/edgar/data/1046102/000155837021001228/rba-20201231x10k.htm", "calculatedOtherExpenses": 80988000, "calculatedOperatingExpenses": 498511000, "calculatedNetInterest": -2337000, "calculatedOtherIncome": -24935000, "calculatedIncomeNonControlling": 263000, "calculatedEbitda": 364684000}, {"date": "2019-12-31", "symbol": "RBA", "reportedCurrency": "USD", "cik": "0001046102", "fillingDate": "2020-02-27", "acceptedDate": "2020-02-27 17:12:39", "calendarYear": "2019", "period": "FY", "revenue": 1318641000, "costOfRevenue": 645816000, "grossProfit": 672825000, "grossProfitRatio": 0.5102412256, "researchAndDevelopmentExpenses": 0, "generalAndAdministrativeExpenses": 382389000, "sellingAndMarketingExpenses": 38248000, "sellingGeneralAndAdministrativeExpenses": 382389000, "otherExpenses": 70501000, "operatingExpenses": 452890000, "costAndExpenses": 1098706000, "interestIncome": 41277000, "interestExpense": 41277000, "depreciationAndAmortization": 88352000, "ebitda": 311554000, "ebitdaratio": 0.2362690073, "operatingIncome": 223202000, "operatingIncomeRatio": 0.169266692, "totalOtherIncomeExpensesNet": -32439000, "incomeBeforeTax": 190763000, "incomeBeforeTaxRatio": 0.1446663648, "incomeTaxExpense": 41623000, "netIncome": 149039000, "netIncomeRatio": 0.1130246974, "eps": 1.41, "epsdiluted": 1.39, "weightedAverageShsOut": 108519739, "weightedAverageShsOutDil": 109759123, "link": "https://www.sec.gov/Archives/edgar/data/1046102/000110465920026287/0001104659-20-026287-index.htm", "finalLink": "https://www.sec.gov/Archives/edgar/data/1046102/000110465920026287/rba-20191231x10k7e3f66.htm", "calculatedOtherExpenses": 67234000, "calculatedOperatingExpenses": 449623000, "calculatedNetInterest": 0, "calculatedOtherIncome": -32439000, "calculatedIncomeNonControlling": 101000, "calculatedEbitda": 311554000}, {"date": "2018-12-31", "symbol": "RBA", "reportedCurrency": "USD", "cik": "0001046102", "fillingDate": "2019-02-28", "acceptedDate": "2019-02-28 17:12:34", "calendarYear": "2018", "period": "FY", "revenue": 1170026000, "costOfRevenue": 533397000, "grossProfit": 636629000, "grossProfitRatio": 0.544115259, "researchAndDevelopmentExpenses": 0, "generalAndAdministrativeExpenses": 382676000, "sellingAndMarketingExpenses": 36728000, "sellingGeneralAndAdministrativeExpenses": 382676000, "otherExpenses": 11850000, "operatingExpenses": 449290000, "costAndExpenses": 982687000, "interestIncome": 0, "interestExpense": 44527000, "depreciationAndAmortization": 66614000, "ebitda": 265803000, "ebitdaratio": 0.2271770029, "operatingIncome": 185189000, "operatingIncomeRatio": 0.1582776793, "totalOtherIncomeExpensesNet": 9700000, "incomeBeforeTax": 152512000, "incomeBeforeTaxRatio": 0.1303492401, "incomeTaxExpense": 31006000, "netIncome": 121479000, "netIncomeRatio": 0.1038258979, "eps": 1.12, "epsdiluted": 1.11, "weightedAverageShsOut": 108063349, "weightedAverageShsOutDil": 109388236, "link": "https://www.sec.gov/Archives/edgar/data/1046102/000127956919000456/0001279569-19-000456-index.htm", "finalLink": "https://www.sec.gov/Archives/edgar/data/1046102/000127956919000456/tv514716_10k.htm", "calculatedOtherExpenses": 68764000, "calculatedOperatingExpenses": 451440000, "calculatedNetInterest": -44527000, "calculatedOtherIncome": 11850000, "calculatedIncomeNonControlling": 27000, "calculatedEbitda": 251803000}, {"date": "2017-12-31", "symbol": "RBA", "reportedCurrency": "USD", "cik": "0001046102", "fillingDate": "2018-02-26", "acceptedDate": "2018-02-26 17:12:33", "calendarYear": "2017", "period": "FY", "revenue": 610517000, "costOfRevenue": 79013000, "grossProfit": 531504000, "grossProfitRatio": 0.8705801804, "researchAndDevelopmentExpenses": 0, "generalAndAdministrativeExpenses": 323270000, "sellingAndMarketingExpenses": 30440000, "sellingGeneralAndAdministrativeExpenses": 323270000, "otherExpenses": 5063000, "operatingExpenses": 375964000, "costAndExpenses": 454977000, "interestIncome": 3194000, "interestExpense": 38291000, "depreciationAndAmortization": 52694000, "ebitda": 216465000, "ebitdaratio": 0.3545601515, "operatingIncome": 107454000, "operatingIncomeRatio": 0.176004927, "totalOtherIncomeExpensesNet": -43049000, "incomeBeforeTax": 77394000, "incomeBeforeTaxRatio": 0.1267679688, "incomeTaxExpense": 2088000, "netIncome": 75027000, "netIncomeRatio": 0.1228909269, "eps": 0.7, "epsdiluted": 0.69, "weightedAverageShsOut": 107044348, "weightedAverageShsOutDil": 108113151, "link": "https://www.sec.gov/Archives/edgar/data/1046102/000127956918000342/0001279569-18-000342-index.htm", "finalLink": "https://www.sec.gov/Archives/edgar/data/1046102/000127956918000342/tv486592_10k.htm", "calculatedOtherExpenses": 100780000, "calculatedOperatingExpenses": 424050000, "calculatedNetInterest": -35097000, "calculatedOtherIncome": 5037000, "calculatedIncomeNonControlling": 279000, "calculatedEbitda": 160148000}, {"date": "2016-12-31", "symbol": "RBA", "reportedCurrency": "USD", "cik": "0001046102", "fillingDate": "2017-02-21", "acceptedDate": "2017-02-21 07:14:40", "calendarYear": "2016", "period": "FY", "revenue": 566395000, "costOfRevenue": 66062000, "grossProfit": 500333000, "grossProfitRatio": 0.8833640834, "researchAndDevelopmentExpenses": 0, "generalAndAdministrativeExpenses": 283529000, "sellingAndMarketingExpenses": 24384000, "sellingGeneralAndAdministrativeExpenses": 283529000, "otherExpenses": 4232000, "operatingExpenses": 324390000, "costAndExpenses": 390452000, "interestIncome": 1863000, "interestExpense": 5564000, "depreciationAndAmortization": 40861000, "ebitda": 223927000, "ebitdaratio": 0.3953548319, "operatingIncome": 135722000, "operatingIncomeRatio": 0.2396242905, "totalOtherIncomeExpensesNet": -41748000, "incomeBeforeTax": 130494000, "incomeBeforeTaxRatio": 0.230393983, "incomeTaxExpense": 36982000, "netIncome": 91832000, "netIncomeRatio": 0.1621341996, "eps": 0.86, "epsdiluted": 0.85, "weightedAverageShsOut": 106630323, "weightedAverageShsOutDil": 107457794, "link": "https://www.sec.gov/Archives/edgar/data/1046102/000127956917000272/0001279569-17-000272-index.htm", "finalLink": "https://www.sec.gov/Archives/edgar/data/1046102/000127956917000272/v460013_10k.htm", "calculatedOtherExpenses": 81082000, "calculatedOperatingExpenses": 364611000, "calculatedNetInterest": -3701000, "calculatedOtherIncome": -1527000, "calculatedIncomeNonControlling": 1680000, "calculatedEbitda": 176583000}, {"date": "2015-12-31", "symbol": "RBA", "reportedCurrency": "USD", "cik": "0001046102", "fillingDate": "2016-02-25", "acceptedDate": "2016-02-25 17:10:28", "calendarYear": "2015", "period": "FY", "revenue": 515875000, "costOfRevenue": 56026000, "grossProfit": 459849000, "grossProfitRatio": 0.8913961716, "researchAndDevelopmentExpenses": 0, "generalAndAdministrativeExpenses": 254990000, "sellingAndMarketingExpenses": 22307000, "sellingGeneralAndAdministrativeExpenses": 254990000, "otherExpenses": 2982000, "operatingExpenses": 297022000, "costAndExpenses": 353048000, "interestIncome": 2660000, "interestExpense": 4962000, "depreciationAndAmortization": 42032000, "ebitda": 211417000, "ebitdaratio": 0.4098221468, "operatingIncome": 162827000, "operatingIncomeRatio": 0.315632663, "totalOtherIncomeExpensesNet": 15911000, "incomeBeforeTax": 176436000, "incomeBeforeTaxRatio": 0.3420130846, "incomeTaxExpense": 37861000, "netIncome": 136214000, "netIncomeRatio": 0.2640445844, "eps": 1.27, "epsdiluted": 1.27, "weightedAverageShsOut": 107075845, "weightedAverageShsOutDil": 107432474, "link": "https://www.sec.gov/Archives/edgar/data/1046102/000127956916002775/0001279569-16-002775-index.htm", "finalLink": "https://www.sec.gov/Archives/edgar/data/1046102/000127956916002775/v432024_10k.htm", "calculatedOtherExpenses": 42032000, "calculatedOperatingExpenses": 297022000, "calculatedNetInterest": -2302000, "calculatedOtherIncome": 15911000, "calculatedIncomeNonControlling": 2361000, "calculatedEbitda": 204859000}, {"date": "2014-12-31", "symbol": "RBA", "reportedCurrency": "USD", "cik": "0001046102", "fillingDate": "2014-12-31", "acceptedDate": "2014-12-30 19:00:00", "calendarYear": "2014", "period": "FY", "revenue": 481097000, "costOfRevenue": 57884000, "grossProfit": 423213000, "grossProfitRatio": 0.8796833071, "researchAndDevelopmentExpenses": 0, "generalAndAdministrativeExpenses": 248220000, "sellingAndMarketingExpenses": 22454000, "sellingGeneralAndAdministrativeExpenses": 248220000, "otherExpenses": 17916000, "operatingExpenses": 288590000, "costAndExpenses": 346474000, "interestIncome": 2222000, "interestExpense": 5277000, "depreciationAndAmortization": 44536000, "ebitda": 181381000, "ebitdaratio": 0.3770154459, "operatingIncome": 134623000, "operatingIncomeRatio": 0.2798250665, "totalOtherIncomeExpensesNet": -2530000, "incomeBeforeTax": 129038000, "incomeBeforeTaxRatio": 0.2682161809, "incomeTaxExpense": 35966000, "netIncome": 91490000, "netIncomeRatio": 0.19016955, "eps": 0.85, "epsdiluted": 0.85, "weightedAverageShsOut": 107268425, "weightedAverageShsOutDil": 107660020, "link": "", "finalLink": "", "calculatedOtherExpenses": 40370000, "calculatedOperatingExpenses": 288590000, "calculatedNetInterest": -3055000, "calculatedOtherIncome": -2530000, "calculatedIncomeNonControlling": 1582000, "calculatedEbitda": 179159000}, {"date": "2013-12-31", "symbol": "RBA", "reportedCurrency": "USD", "cik": "0001046102", "fillingDate": "2013-12-31", "acceptedDate": "2013-12-30 19:00:00", "calendarYear": "2013", "period": "FY", "revenue": 467403000, "costOfRevenue": 54008000, "grossProfit": 413395000, "grossProfitRatio": 0.8844508914, "researchAndDevelopmentExpenses": 0, "generalAndAdministrativeExpenses": 243736000, "sellingAndMarketingExpenses": 20728000, "sellingGeneralAndAdministrativeExpenses": 243736000, "otherExpenses": 20030000, "operatingExpenses": 284494000, "costAndExpenses": 338502000, "interestIncome": 2708000, "interestExpense": 7434000, "depreciationAndAmortization": 43280000, "ebitda": 174889000, "ebitdaratio": 0.3741717533, "operatingIncome": 128901000, "operatingIncomeRatio": 0.2757812851, "totalOtherIncomeExpensesNet": 10580000, "incomeBeforeTax": 134755000, "incomeBeforeTaxRatio": 0.2883058089, "incomeTaxExpense": 40129000, "netIncome": 93825000, "netIncomeRatio": 0.2007368374, "eps": 0.88, "epsdiluted": 0.87, "weightedAverageShsOut": 106768856, "weightedAverageShsOutDil": 107155173, "link": "", "finalLink": "", "calculatedOtherExpenses": 40758000, "calculatedOperatingExpenses": 284494000, "calculatedNetInterest": -4726000, "calculatedOtherIncome": 10580000, "calculatedIncomeNonControlling": 801000, "calculatedEbitda": 172181000}, {"date": "2012-12-31", "symbol": "RBA", "reportedCurrency": "USD", "cik": "0001046102", "fillingDate": "2012-12-31", "acceptedDate": "2012-12-30 19:00:00", "calendarYear": "2012", "period": "FY", "revenue": 437955000, "costOfRevenue": 49687000, "grossProfit": 388268000, "grossProfitRatio": 0.8865477047, "researchAndDevelopmentExpenses": 0, "generalAndAdministrativeExpenses": 227091000, "sellingAndMarketingExpenses": 18754000, "sellingGeneralAndAdministrativeExpenses": 227091000, "otherExpenses": 23275000, "operatingExpenses": 269120000, "costAndExpenses": 318807000, "interestIncome": 2420000, "interestExpense": 6860000, "depreciationAndAmortization": 41138000, "ebitda": 162706000, "ebitdaratio": 0.371513055, "operatingIncome": 119148000, "operatingIncomeRatio": 0.2720553482, "totalOtherIncomeExpensesNet": -2693000, "incomeBeforeTax": 112015000, "incomeBeforeTaxRatio": 0.2557682867, "incomeTaxExpense": 32469000, "netIncome": 79546000, "netIncomeRatio": 0.1816305328, "eps": 0.75, "epsdiluted": 0.74, "weightedAverageShsOut": 106469665, "weightedAverageShsOutDil": 106923852, "link": "", "finalLink": "", "calculatedOtherExpenses": 42029000, "calculatedOperatingExpenses": 269120000, "calculatedNetInterest": -4440000, "calculatedOtherIncome": -2693000, "calculatedIncomeNonControlling": 0, "calculatedEbitda": 160286000}, {"date": "2011-12-31", "symbol": "RBA", "reportedCurrency": "USD", "cik": "0001046102", "fillingDate": "2011-12-31", "acceptedDate": "2011-12-30 19:00:00", "calendarYear": "2011", "period": "FY", "revenue": 396099000, "costOfRevenue": 48044000, "grossProfit": 348055000, "grossProfitRatio": 0.8787070909, "researchAndDevelopmentExpenses": 0, "generalAndAdministrativeExpenses": 201935000, "sellingAndMarketingExpenses": 0, "sellingGeneralAndAdministrativeExpenses": 201935000, "otherExpenses": 42408000, "operatingExpenses": 244343000, "costAndExpenses": 292387000, "interestIncome": 2326000, "interestExpense": 5541000, "depreciationAndAmortization": 42408000, "ebitda": 148446000, "ebitdaratio": 0.3747699439, "operatingIncome": 103712000, "operatingIncomeRatio": 0.2618335315, "totalOtherIncomeExpensesNet": 7518000, "incomeBeforeTax": 108015000, "incomeBeforeTaxRatio": 0.2726969773, "incomeTaxExpense": 31382000, "netIncome": 76633000, "netIncomeRatio": 0.1934693094, "eps": 0.72, "epsdiluted": 0.72, "weightedAverageShsOut": 106164237, "weightedAverageShsOutDil": 106983757, "link": "", "finalLink": "", "calculatedOtherExpenses": 42408000, "calculatedOperatingExpenses": 244343000, "calculatedNetInterest": -3215000, "calculatedOtherIncome": 7518000, "calculatedIncomeNonControlling": 0, "calculatedEbitda": 146120000}, {"date": "2010-12-31", "symbol": "RBA", "reportedCurrency": "USD", "cik": "0001046102", "fillingDate": "2010-12-31", "acceptedDate": "2010-12-30 19:00:00", "calendarYear": "2010", "period": "FY", "revenue": 357369000, "costOfRevenue": 47021000, "grossProfit": 310348000, "grossProfitRatio": 0.8684245136, "researchAndDevelopmentExpenses": 0, "generalAndAdministrativeExpenses": 0, "sellingAndMarketingExpenses": 0, "sellingGeneralAndAdministrativeExpenses": 180532000, "otherExpenses": 218345000, "operatingExpenses": 218345000, "costAndExpenses": 265366000, "interestIncome": 2035000, "interestExpense": 5216000, "depreciationAndAmortization": 37813000, "ebitda": 131851000, "ebitdaratio": 0.3689491814, "operatingIncome": 92003000, "operatingIncomeRatio": 0.2574453856, "totalOtherIncomeExpensesNet": 2024000, "incomeBeforeTax": 90846000, "incomeBeforeTaxRatio": 0.2542078356, "incomeTaxExpense": 24933000, "netIncome": 65913000, "netIncomeRatio": 0.1844396128, "eps": 0.62, "epsdiluted": 0.62, "weightedAverageShsOut": 105609042, "weightedAverageShsOutDil": 105609042, "link": "", "finalLink": "", "calculatedOtherExpenses": 37813000, "calculatedOperatingExpenses": 218345000, "calculatedNetInterest": -3181000, "calculatedOtherIncome": 2024000, "calculatedIncomeNonControlling": 0, "calculatedEbitda": 129816000}, {"date": "2009-12-31", "symbol": "RBA", "reportedCurrency": "USD", "cik": "0001046102", "fillingDate": "2009-12-31", "acceptedDate": "2009-12-30 19:00:00", "calendarYear": "2009", "period": "FY", "revenue": 377211000, "costOfRevenue": 49890000, "grossProfit": 327321000, "grossProfitRatio": 0.8677398061, "researchAndDevelopmentExpenses": 0, "generalAndAdministrativeExpenses": 0, "sellingAndMarketingExpenses": 0, "sellingGeneralAndAdministrativeExpenses": 168312000, "otherExpenses": 200073000, "operatingExpenses": 200073000, "costAndExpenses": 249963000, "interestIncome": 2400000, "interestExpense": 544000, "depreciationAndAmortization": 31761000, "ebitda": 161409000, "ebitdaratio": 0.4279010951, "operatingIncome": 127248000, "operatingIncomeRatio": 0.337339049, "totalOtherIncomeExpensesNet": 2419000, "incomeBeforeTax": 131523000, "incomeBeforeTaxRatio": 0.3486722285, "incomeTaxExpense": 38071000, "netIncome": 93452000, "netIncomeRatio": 0.247744631, "eps": 0.89, "epsdiluted": 0.88, "weightedAverageShsOut": 105141368, "weightedAverageShsOutDil": 105262296, "link": "", "finalLink": "", "calculatedOtherExpenses": 31761000, "calculatedOperatingExpenses": 200073000, "calculatedNetInterest": 1856000, "calculatedOtherIncome": 2419000, "calculatedIncomeNonControlling": 0, "calculatedEbitda": 159009000}, {"date": "2008-12-31", "symbol": "RBA", "reportedCurrency": "USD", "cik": "0001046102", "fillingDate": "2008-12-31", "acceptedDate": "2008-12-30 19:00:00", "calendarYear": "2008", "period": "FY", "revenue": 292228000, "costOfRevenue": 40974000, "grossProfit": 251254000, "grossProfitRatio": 0.8597875631, "researchAndDevelopmentExpenses": 0, "generalAndAdministrativeExpenses": 0, "sellingAndMarketingExpenses": 0, "sellingGeneralAndAdministrativeExpenses": 135528000, "otherExpenses": 155924000, "operatingExpenses": 155924000, "costAndExpenses": 196898000, "interestIncome": 4113000, "interestExpense": 707000, "depreciationAndAmortization": 20396000, "ebitda": 99747000, "ebitdaratio": 0.3413327949, "operatingIncome": 95330000, "operatingIncomeRatio": 0.3262178847, "totalOtherIncomeExpensesNet": 15979000, "incomeBeforeTax": 114714000, "incomeBeforeTaxRatio": 0.392549653, "incomeTaxExpense": 31201000, "netIncome": 83513000, "netIncomeRatio": 0.2857802812, "eps": 0.97, "epsdiluted": 0.96, "weightedAverageShsOut": 104713375, "weightedAverageShsOutDil": 105773944, "link": "", "finalLink": "", "calculatedOtherExpenses": 20396000, "calculatedOperatingExpenses": 155924000, "calculatedNetInterest": 3406000, "calculatedOtherIncome": 15978000, "calculatedIncomeNonControlling": 0, "calculatedEbitda": 115726000}, {"date": "2007-12-31", "symbol": "RBA", "reportedCurrency": "USD", "cik": "0001046102", "fillingDate": "2007-12-31", "acceptedDate": "2007-12-30 19:00:00", "calendarYear": "2007", "period": "FY", "revenue": 315231000, "costOfRevenue": 42413000, "grossProfit": 272818000, "grossProfitRatio": 0.8654542225, "researchAndDevelopmentExpenses": 0, "generalAndAdministrativeExpenses": 0, "sellingAndMarketingExpenses": 0, "sellingGeneralAndAdministrativeExpenses": 142014000, "otherExpenses": 161431000, "operatingExpenses": 161431000, "costAndExpenses": 203844000, "interestIncome": 0, "interestExpense": 1206000, "depreciationAndAmortization": 19417000, "ebitda": 129090000, "ebitdaratio": 0.4095092171, "operatingIncome": 111387000, "operatingIncomeRatio": 0.3533504002, "totalOtherIncomeExpensesNet": 1714000, "incomeBeforeTax": 111895000, "incomeBeforeTaxRatio": 0.3549619168, "incomeTaxExpense": 35912000, "netIncome": 75983000, "netIncomeRatio": 0.241039111, "eps": 0.73, "epsdiluted": 0.72, "weightedAverageShsOut": 104266113, "weightedAverageShsOutDil": 106259722, "link": "", "finalLink": "", "calculatedOtherExpenses": 19417000, "calculatedOperatingExpenses": 161431000, "calculatedNetInterest": -1206000, "calculatedOtherIncome": 1714000, "calculatedIncomeNonControlling": 0, "calculatedEbitda": 130804000}, {"date": "2006-12-31", "symbol": "RBA", "reportedCurrency": "USD", "cik": "0001046102", "fillingDate": "2006-12-31", "acceptedDate": "2006-12-30 19:00:00", "calendarYear": "2006", "period": "FY", "revenue": 224077000, "costOfRevenue": 31740000, "grossProfit": 192337000, "grossProfitRatio": 0.8583522628, "researchAndDevelopmentExpenses": 0, "generalAndAdministrativeExpenses": 0, "sellingAndMarketingExpenses": 0, "sellingGeneralAndAdministrativeExpenses": 101433000, "otherExpenses": 114324000, "operatingExpenses": 114324000, "costAndExpenses": 146064000, "interestIncome": 0, "interestExpense": 1006000, "depreciationAndAmortization": 12891000, "ebitda": 88882000, "ebitdaratio": 0.3966582916, "operatingIncome": 78013000, "operatingIncomeRatio": 0.348152644, "totalOtherIncomeExpensesNet": 2022000, "incomeBeforeTax": 79029000, "incomeBeforeTaxRatio": 0.3526867996, "incomeTaxExpense": 29914000, "netIncome": 49116000, "netIncomeRatio": 0.2191925097, "eps": 0.55, "epsdiluted": 0.55, "weightedAverageShsOut": 103639380, "weightedAverageShsOutDil": 103639380, "link": "", "finalLink": "", "calculatedOtherExpenses": 12891000, "calculatedOperatingExpenses": 114324000, "calculatedNetInterest": -1006000, "calculatedOtherIncome": 2022000, "calculatedIncomeNonControlling": -1000, "calculatedEbitda": 90904000}, {"date": "2005-12-31", "symbol": "RBA", "reportedCurrency": "USD", "cik": "0001046102", "fillingDate": "2005-12-31", "acceptedDate": "2005-12-30 19:00:00", "calendarYear": "2005", "period": "FY", "revenue": 182843000, "costOfRevenue": 23247000, "grossProfit": 159596000, "grossProfitRatio": 0.8728581351, "researchAndDevelopmentExpenses": 0, "generalAndAdministrativeExpenses": 0, "sellingAndMarketingExpenses": 0, "sellingGeneralAndAdministrativeExpenses": 81407000, "otherExpenses": 92734000, "operatingExpenses": 92734000, "costAndExpenses": 115981000, "interestIncome": 0, "interestExpense": 1912000, "depreciationAndAmortization": 11327000, "ebitda": 72185000, "ebitdaratio": 0.3947922535, "operatingIncome": 66862000, "operatingIncomeRatio": 0.3656798456, "totalOtherIncomeExpensesNet": 6004000, "incomeBeforeTax": 70954000, "incomeBeforeTaxRatio": 0.3880597015, "incomeTaxExpense": 24880000, "netIncome": 46073000, "netIncomeRatio": 0.2519812079, "eps": 0.52, "epsdiluted": 0.51, "weightedAverageShsOut": 103098933, "weightedAverageShsOutDil": 104376623, "link": "", "finalLink": "", "calculatedOtherExpenses": 11327000, "calculatedOperatingExpenses": 92734000, "calculatedNetInterest": -1912000, "calculatedOtherIncome": 6004000, "calculatedIncomeNonControlling": 1000, "calculatedEbitda": 78189000}, {"date": "2004-12-31", "symbol": "RBA", "reportedCurrency": "USD", "cik": "0001046102", "fillingDate": "2004-12-31", "acceptedDate": "2004-12-30 19:00:00", "calendarYear": "2004", "period": "FY", "revenue": 182257000, "costOfRevenue": 23472000, "grossProfit": 158785000, "grossProfitRatio": 0.871214823, "researchAndDevelopmentExpenses": 0, "generalAndAdministrativeExpenses": 0, "sellingAndMarketingExpenses": 0, "sellingGeneralAndAdministrativeExpenses": 85667000, "otherExpenses": 98375000, "operatingExpenses": 98375000, "costAndExpenses": 121847000, "interestIncome": 0, "interestExpense": 3217000, "depreciationAndAmortization": 12708000, "ebitda": 72065000, "ebitdaratio": 0.3954031944, "operatingIncome": 60410000, "operatingIncomeRatio": 0.3314550333, "totalOtherIncomeExpensesNet": 1053000, "incomeBeforeTax": 58246000, "incomeBeforeTaxRatio": 0.3195816896, "incomeTaxExpense": 23347000, "netIncome": 34899000, "netIncomeRatio": 0.1914823573, "eps": 0.34, "epsdiluted": 0.34, "weightedAverageShsOut": 102482034, "weightedAverageShsOutDil": 102482034, "link": "", "finalLink": "", "calculatedOtherExpenses": 12708000, "calculatedOperatingExpenses": 98375000, "calculatedNetInterest": -3217000, "calculatedOtherIncome": 1053000, "calculatedIncomeNonControlling": 0, "calculatedEbitda": 73118000}, {"date": "2003-12-31", "symbol": "RBA", "reportedCurrency": "USD", "cik": "0001046102", "fillingDate": "2003-12-31", "acceptedDate": "2003-12-30 19:00:00", "calendarYear": "2003", "period": "FY", "revenue": 161542000, "costOfRevenue": 22099000, "grossProfit": 139443000, "grossProfitRatio": 0.8631996632, "researchAndDevelopmentExpenses": 0, "generalAndAdministrativeExpenses": 0, "sellingAndMarketingExpenses": 0, "sellingGeneralAndAdministrativeExpenses": 71265000, "otherExpenses": 83038000, "operatingExpenses": 83038000, "costAndExpenses": 105137000, "interestIncome": 0, "interestExpense": 4772000, "depreciationAndAmortization": 11773000, "ebitda": 67118000, "ebitdaratio": 0.4154832799, "operatingIncome": 56405000, "operatingIncomeRatio": 0.3491661611, "totalOtherIncomeExpensesNet": 1060000, "incomeBeforeTax": 52693000, "incomeBeforeTaxRatio": 0.3261876168, "incomeTaxExpense": 16099000, "netIncome": 36594000, "netIncomeRatio": 0.2265293236, "eps": 0.36, "epsdiluted": 0.36, "weightedAverageShsOut": 101387934, "weightedAverageShsOutDil": 101387934, "link": "", "finalLink": "", "calculatedOtherExpenses": 11773000, "calculatedOperatingExpenses": 83038000, "calculatedNetInterest": -4772000, "calculatedOtherIncome": 1060000, "calculatedIncomeNonControlling": 0, "calculatedEbitda": 68178000}, {"date": "2002-12-31", "symbol": "RBA", "reportedCurrency": "USD", "cik": "0001046102", "fillingDate": "2002-12-31", "acceptedDate": "2002-12-30 19:00:00", "calendarYear": "2002", "period": "FY", "revenue": 133552000, "costOfRevenue": 19684000, "grossProfit": 113868000, "grossProfitRatio": 0.8526117168, "researchAndDevelopmentExpenses": 0, "generalAndAdministrativeExpenses": 0, "sellingAndMarketingExpenses": 0, "sellingGeneralAndAdministrativeExpenses": 63786000, "otherExpenses": 72994000, "operatingExpenses": 72994000, "costAndExpenses": 92678000, "interestIncome": 0, "interestExpense": 4302000, "depreciationAndAmortization": 9208000, "ebitda": 47627000, "ebitdaratio": 0.3566176471, "operatingIncome": 40874000, "operatingIncomeRatio": 0.306053073, "totalOtherIncomeExpensesNet": 2455000, "incomeBeforeTax": 39027000, "incomeBeforeTaxRatio": 0.2922232539, "incomeTaxExpense": 10656000, "netIncome": 28371000, "netIncomeRatio": 0.2124341081, "eps": 0.28, "epsdiluted": 0.28, "weightedAverageShsOut": 100759212, "weightedAverageShsOutDil": 101325000, "link": "", "finalLink": "", "calculatedOtherExpenses": 9208000, "calculatedOperatingExpenses": 72994000, "calculatedNetInterest": -4302000, "calculatedOtherIncome": 2455000, "calculatedIncomeNonControlling": 0, "calculatedEbitda": 50082000}, {"date": "2001-12-31", "symbol": "RBA", "reportedCurrency": "USD", "cik": "0001046102", "fillingDate": "2001-12-31", "acceptedDate": "2001-12-30 19:00:00", "calendarYear": "2001", "period": "FY", "revenue": 116991000, "costOfRevenue": 18861000, "grossProfit": 98130000, "grossProfitRatio": 0.8387824704, "researchAndDevelopmentExpenses": 0, "generalAndAdministrativeExpenses": 0, "sellingAndMarketingExpenses": 0, "sellingGeneralAndAdministrativeExpenses": 56517000, "otherExpenses": 65593000, "operatingExpenses": 65593000, "costAndExpenses": 84454000, "interestIncome": 0, "interestExpense": 4024000, "depreciationAndAmortization": 9076000, "ebitda": 40204000, "ebitdaratio": 0.3436503663, "operatingIncome": 32537000, "operatingIncomeRatio": 0.2781154106, "totalOtherIncomeExpensesNet": 1409000, "incomeBeforeTax": 29922000, "incomeBeforeTaxRatio": 0.2557632638, "incomeTaxExpense": 9868000, "netIncome": 20054000, "netIncomeRatio": 0.1714148952, "eps": 0.2, "epsdiluted": 0.2, "weightedAverageShsOut": 100567482, "weightedAverageShsOutDil": 101112605, "link": "", "finalLink": "", "calculatedOtherExpenses": 9076000, "calculatedOperatingExpenses": 65593000, "calculatedNetInterest": -4024000, "calculatedOtherIncome": 1409000, "calculatedIncomeNonControlling": 0, "calculatedEbitda": 41613000}, {"date": "2000-12-31", "symbol": "RBA", "reportedCurrency": "USD", "cik": "0001046102", "fillingDate": "2000-12-31", "acceptedDate": "2000-12-30 19:00:00", "calendarYear": "2000", "period": "FY", "revenue": 106125000, "costOfRevenue": 17936000, "grossProfit": 88189000, "grossProfitRatio": 0.830991755, "researchAndDevelopmentExpenses": 0, "generalAndAdministrativeExpenses": 0, "sellingAndMarketingExpenses": 0, "sellingGeneralAndAdministrativeExpenses": 52942000, "otherExpenses": 60703000, "operatingExpenses": 60703000, "costAndExpenses": 78639000, "interestIncome": 0, "interestExpense": 3378000, "depreciationAndAmortization": 7761000, "ebitda": 33995000, "ebitdaratio": 0.3203297998, "operatingIncome": 27486000, "operatingIncomeRatio": 0.2589964664, "totalOtherIncomeExpensesNet": 1252000, "incomeBeforeTax": 25360000, "incomeBeforeTaxRatio": 0.2389634865, "incomeTaxExpense": 8155000, "netIncome": 17205000, "netIncomeRatio": 0.1621201413, "eps": 0.17, "epsdiluted": 0.17, "weightedAverageShsOut": 100460598, "weightedAverageShsOutDil": 102207921, "link": "", "finalLink": "", "calculatedOtherExpenses": 7761000, "calculatedOperatingExpenses": 60703000, "calculatedNetInterest": -3378000, "calculatedOtherIncome": 1252000, "calculatedIncomeNonControlling": 0, "calculatedEbitda": 35247000}, {"date": "1999-12-31", "symbol": "RBA", "reportedCurrency": "USD", "cik": "0001046102", "fillingDate": "1999-12-31", "acceptedDate": "1999-12-30 19:00:00", "calendarYear": "1999", "period": "FY", "revenue": 104600000, "costOfRevenue": 17500000, "grossProfit": 87100000, "grossProfitRatio": 0.8326959847, "researchAndDevelopmentExpenses": 0, "generalAndAdministrativeExpenses": 0, "sellingAndMarketingExpenses": 0, "sellingGeneralAndAdministrativeExpenses": 47300000, "otherExpenses": 52900000, "operatingExpenses": 52900000, "costAndExpenses": 70400000, "interestIncome": 0, "interestExpense": 0, "depreciationAndAmortization": 5600000, "ebitda": 38600000, "ebitdaratio": 0.3690248566, "operatingIncome": 34200000, "operatingIncomeRatio": 0.326959847, "totalOtherIncomeExpensesNet": 1200000, "incomeBeforeTax": 33800000, "incomeBeforeTaxRatio": 0.3231357553, "incomeTaxExpense": 11500000, "netIncome": 22300000, "netIncomeRatio": 0.2131931166, "eps": 0.22, "epsdiluted": 0.22, "weightedAverageShsOut": 100119570, "weightedAverageShsOutDil": 102137405, "link": "", "finalLink": "", "calculatedOtherExpenses": 5600000, "calculatedOperatingExpenses": 52900000, "calculatedNetInterest": 0, "calculatedOtherIncome": -400000, "calculatedIncomeNonControlling": 0, "calculatedEbitda": 39800000}, {"date": "1998-12-31", "symbol": "RBA", "reportedCurrency": "USD", "cik": "0001046102", "fillingDate": "1998-12-31", "acceptedDate": "1998-12-30 19:00:00", "calendarYear": "1998", "period": "FY", "revenue": 94900000, "costOfRevenue": 16000000, "grossProfit": 78900000, "grossProfitRatio": 0.8314014752, "researchAndDevelopmentExpenses": 0, "generalAndAdministrativeExpenses": 0, "sellingAndMarketingExpenses": 0, "sellingGeneralAndAdministrativeExpenses": 39300000, "otherExpenses": 42100000, "operatingExpenses": 42100000, "costAndExpenses": 58100000, "interestIncome": 0, "interestExpense": 1600000, "depreciationAndAmortization": 2800000, "ebitda": 36300000, "ebitdaratio": 0.3825079031, "operatingIncome": 36800000, "operatingIncomeRatio": 0.387776607, "totalOtherIncomeExpensesNet": 3300000, "incomeBeforeTax": 38500000, "incomeBeforeTaxRatio": 0.4056902002, "incomeTaxExpense": 13700000, "netIncome": 24800000, "netIncomeRatio": 0.2613277134, "eps": 0.26, "epsdiluted": 0.26, "weightedAverageShsOut": 95509284, "weightedAverageShsOutDil": 96623377, "link": "", "finalLink": "", "calculatedOtherExpenses": 2800000, "calculatedOperatingExpenses": 42100000, "calculatedNetInterest": -1600000, "calculatedOtherIncome": 3300000, "calculatedIncomeNonControlling": 0, "calculatedEbitda": 39600000}, {"date": "1997-12-31", "symbol": "RBA", "reportedCurrency": "USD", "cik": "0001046102", "fillingDate": "1997-12-31", "acceptedDate": "1997-12-30 19:00:00", "calendarYear": "1997", "period": "FY", "revenue": 60000000, "costOfRevenue": 13000000, "grossProfit": 47000000, "grossProfitRatio": 0.7833333333, "researchAndDevelopmentExpenses": 0, "generalAndAdministrativeExpenses": 0, "sellingAndMarketingExpenses": 0, "sellingGeneralAndAdministrativeExpenses": 27400000, "otherExpenses": 28900000, "operatingExpenses": 28900000, "costAndExpenses": 41900000, "interestIncome": 0, "interestExpense": 0, "depreciationAndAmortization": 1500000, "ebitda": 29300000, "ebitdaratio": 0.4883333333, "operatingIncome": 18100000, "operatingIncomeRatio": 0.3016666667, "totalOtherIncomeExpensesNet": -9700000, "incomeBeforeTax": 6900000, "incomeBeforeTaxRatio": 0.115, "incomeTaxExpense": 4500000, "netIncome": 2400000, "netIncomeRatio": 0.04, "eps": 0.0316, "epsdiluted": 0.0316, "weightedAverageShsOut": 75865339, "weightedAverageShsOutDil": 75865339, "link": "", "finalLink": "", "calculatedOtherExpenses": 1500000, "calculatedOperatingExpenses": 28900000, "calculatedNetInterest": 0, "calculatedOtherIncome": -11200000, "calculatedIncomeNonControlling": 0, "calculatedEbitda": 19600000}]}