{"originalCurrency": "USD", "convertedCurrency": "USD", "report": [{"date": "2024-03-30", "symbol": "RBCP", "reportedCurrency": "USD", "cik": "0001324948", "fillingDate": "2024-05-17", "acceptedDate": "2024-05-17 16:19:20", "calendarYear": "2023", "period": "FY", "revenue": 1560300000, "costOfRevenue": 889800000, "grossProfit": 670500000, "grossProfitRatio": 0.4297250529, "researchAndDevelopmentExpenses": 0, "generalAndAdministrativeExpenses": 0, "sellingAndMarketingExpenses": 0, "sellingGeneralAndAdministrativeExpenses": 253500000, "otherExpenses": 74800000, "operatingExpenses": 328300000, "costAndExpenses": 1218100000, "interestIncome": 0, "interestExpense": 78700000, "depreciationAndAmortization": 0, "ebitda": 342200000, "ebitdaratio": 0.2193167981, "operatingIncome": 342200000, "operatingIncomeRatio": 0.2193167981, "totalOtherIncomeExpensesNet": -80400000, "incomeBeforeTax": 261800000, "incomeBeforeTaxRatio": 0.1677882459, "incomeTaxExpense": 51900000, "netIncome": 186900000, "netIncomeRatio": 0.1197846568, "eps": 6.46, "epsdiluted": 6.4, "weightedAverageShsOut": 28917008, "weightedAverageShsOutDil": 29189056, "link": "https://www.sec.gov/Archives/edgar/data/1324948/000121390024044761/0001213900-24-044761-index.htm", "finalLink": "https://www.sec.gov/Archives/edgar/data/1324948/000121390024044761/ea0205268-10k_rbcbear.htm", "calculatedOtherExpenses": 74800000, "calculatedOperatingExpenses": 328300000, "calculatedNetInterest": -78700000, "calculatedOtherIncome": -1700000, "calculatedIncomeNonControlling": 23000000, "calculatedEbitda": 342200000}, {"date": "2023-04-01", "symbol": "RBCP", "reportedCurrency": "USD", "cik": "0001324948", "fillingDate": "2023-05-19", "acceptedDate": "2023-05-19 17:18:56", "calendarYear": "2022", "period": "FY", "revenue": 1469294000, "costOfRevenue": 864543000, "grossProfit": 604751000, "grossProfitRatio": 0.4115929147, "researchAndDevelopmentExpenses": 0, "generalAndAdministrativeExpenses": 0, "sellingAndMarketingExpenses": 0, "sellingGeneralAndAdministrativeExpenses": 229690000, "otherExpenses": -88688000, "operatingExpenses": 229690000, "costAndExpenses": 1094233000, "interestIncome": 76700000, "interestExpense": 76695000, "depreciationAndAmortization": 115400000, "ebitda": 286373000, "ebitdaratio": 0.1949051721, "operatingIncome": 170973000, "operatingIncomeRatio": 0.1163640497, "totalOtherIncomeExpensesNet": 38705000, "incomeBeforeTax": 209678000, "incomeBeforeTaxRatio": 0.1427066333, "incomeTaxExpense": 43019000, "netIncome": 166700000, "netIncomeRatio": 0.1134558502, "eps": 5, "epsdiluted": 4.95, "weightedAverageShsOut": 28764092, "weightedAverageShsOutDil": 29072429, "link": "https://www.sec.gov/Archives/edgar/data/1324948/000121390023041600/0001213900-23-041600-index.htm", "finalLink": "https://www.sec.gov/Archives/edgar/data/1324948/000121390023041600/f10k2023_rbcbearings.htm", "calculatedOtherExpenses": 204088000, "calculatedOperatingExpenses": 433778000, "calculatedNetInterest": 5000, "calculatedOtherIncome": 38700000, "calculatedIncomeNonControlling": -41000, "calculatedEbitda": 286373000}, {"date": "2022-03-31", "symbol": "RBCP", "reportedCurrency": "USD", "cik": "0001324948", "fillingDate": "2022-05-26", "acceptedDate": "2022-05-26 17:28:06", "calendarYear": "2021", "period": "FY", "revenue": 942937000, "costOfRevenue": 585869000, "grossProfit": 357068000, "grossProfitRatio": 0.3786764121, "researchAndDevelopmentExpenses": 0, "generalAndAdministrativeExpenses": 0, "sellingAndMarketingExpenses": 0, "sellingGeneralAndAdministrativeExpenses": 158634000, "otherExpenses": -69205000, "operatingExpenses": 158634000, "costAndExpenses": 744503000, "interestIncome": 41500000, "interestExpense": 41510000, "depreciationAndAmortization": 65532000, "ebitda": 129229000, "ebitdaratio": 0.1370494529, "operatingIncome": 63697000, "operatingIncomeRatio": 0.0675517028, "totalOtherIncomeExpensesNet": 24022000, "incomeBeforeTax": 87719000, "incomeBeforeTaxRatio": 0.0930274239, "incomeTaxExpense": 22654000, "netIncome": 42700000, "netIncomeRatio": 0.0452840434, "eps": 1.58, "epsdiluted": 1.56, "weightedAverageShsOut": 26946355, "weightedAverageShsOutDil": 27311029, "link": "https://www.sec.gov/Archives/edgar/data/1324948/000121390022029810/0001213900-22-029810-index.htm", "finalLink": "https://www.sec.gov/Archives/edgar/data/1324948/000121390022029810/f10k2022_rbcbearings.htm", "calculatedOtherExpenses": 134737000, "calculatedOperatingExpenses": 293371000, "calculatedNetInterest": -10000, "calculatedOtherIncome": 24032000, "calculatedIncomeNonControlling": 22365000, "calculatedEbitda": 129229000}, {"date": "2021-03-31", "symbol": "RBCP", "reportedCurrency": "USD", "cik": "0001324948", "fillingDate": "2021-03-31", "acceptedDate": "2021-03-31 00:00:00", "calendarYear": "2020", "period": "FY", "revenue": 608984000, "costOfRevenue": 374878000, "grossProfit": 234106000, "grossProfitRatio": 0.3844206088, "researchAndDevelopmentExpenses": 0, "generalAndAdministrativeExpenses": 0, "sellingAndMarketingExpenses": 0, "sellingGeneralAndAdministrativeExpenses": 106000000, "otherExpenses": -16617000, "operatingExpenses": 106000000, "costAndExpenses": 480878000, "interestIncome": 1400000, "interestExpense": 1430000, "depreciationAndAmortization": 32744000, "ebitda": 111489000, "ebitdaratio": 0.1830737753, "operatingIncome": 78745000, "operatingIncomeRatio": 0.1293055318, "totalOtherIncomeExpensesNet": 31314000, "incomeBeforeTax": 110059000, "incomeBeforeTaxRatio": 0.180725602, "incomeTaxExpense": 20426000, "netIncome": 90100000, "netIncomeRatio": 0.1479513419, "eps": 3.61, "epsdiluted": 3.58, "weightedAverageShsOut": 24851344, "weightedAverageShsOutDil": 25048451, "link": null, "finalLink": null, "calculatedOtherExpenses": 49361000, "calculatedOperatingExpenses": 155361000, "calculatedNetInterest": -30000, "calculatedOtherIncome": 31344000, "calculatedIncomeNonControlling": -467000, "calculatedEbitda": 111489000}, {"date": "2020-03-31", "symbol": "RBCP", "reportedCurrency": "USD", "cik": "0001324948", "fillingDate": "2020-03-31", "acceptedDate": "2020-03-31 00:00:00", "calendarYear": "2019", "period": "FY", "revenue": 727461000, "costOfRevenue": 438358000, "grossProfit": 289103000, "grossProfitRatio": 0.3974137445, "researchAndDevelopmentExpenses": 0, "generalAndAdministrativeExpenses": 0, "sellingAndMarketingExpenses": 0, "sellingGeneralAndAdministrativeExpenses": 122565000, "otherExpenses": -10514000, "operatingExpenses": 122565000, "costAndExpenses": 560923000, "interestIncome": 1885000, "interestExpense": 1885000, "depreciationAndAmortization": 31420000, "ebitda": 156024000, "ebitdaratio": 0.2144774771, "operatingIncome": 124604000, "operatingIncomeRatio": 0.1712861583, "totalOtherIncomeExpensesNet": 29535000, "incomeBeforeTax": 154139000, "incomeBeforeTaxRatio": 0.2118862729, "incomeTaxExpense": 28103000, "netIncome": 120350000, "netIncomeRatio": 0.1654384221, "eps": 5.12, "epsdiluted": 5.06, "weightedAverageShsOut": 24632637, "weightedAverageShsOutDil": 24922631, "link": null, "finalLink": null, "calculatedOtherExpenses": 41934000, "calculatedOperatingExpenses": 164499000, "calculatedNetInterest": 0, "calculatedOtherIncome": 29535000, "calculatedIncomeNonControlling": 5686000, "calculatedEbitda": 156024000}, {"date": "2019-03-31", "symbol": "RBCP", "reportedCurrency": "USD", "cik": "0001324948", "fillingDate": "2019-05-23", "acceptedDate": "2019-05-23 16:50:56", "calendarYear": "2018", "period": "FY", "revenue": 702516000, "costOfRevenue": 425863000, "grossProfit": 276653000, "grossProfitRatio": 0.3938031305, "researchAndDevelopmentExpenses": 0, "generalAndAdministrativeExpenses": 117707000, "sellingAndMarketingExpenses": -203000, "sellingGeneralAndAdministrativeExpenses": 117504000, "otherExpenses": -27886000, "operatingExpenses": 117504000, "costAndExpenses": 543367000, "interestIncome": 5173000, "interestExpense": 5173000, "depreciationAndAmortization": 29658000, "ebitda": 131263000, "ebitdaratio": 0.18684699, "operatingIncome": 132035000, "operatingIncomeRatio": 0.1879458973, "totalOtherIncomeExpensesNet": -27886000, "incomeBeforeTax": 126090000, "incomeBeforeTaxRatio": 0.1794834566, "incomeTaxExpense": 20897000, "netIncome": 105193000, "netIncomeRatio": 0.1497375149, "eps": 4.32, "epsdiluted": 4.26, "weightedAverageShsOut": 24357684, "weightedAverageShsOutDil": 24716213, "link": "https://www.sec.gov/Archives/edgar/data/1324948/000161577419008334/0001615774-19-008334-index.html", "finalLink": "https://www.sec.gov/Archives/edgar/data/1324948/000161577419008334/s118374_10k.htm", "calculatedOtherExpenses": 27114000, "calculatedOperatingExpenses": 144618000, "calculatedNetInterest": 0, "calculatedOtherIncome": -5945000, "calculatedIncomeNonControlling": 0, "calculatedEbitda": 161693000}, {"date": "2018-03-31", "symbol": "RBCP", "reportedCurrency": "USD", "cik": "0001324948", "fillingDate": "2018-03-31", "acceptedDate": "2018-03-30 20:00:00", "calendarYear": "2017", "period": "FY", "revenue": 674949000, "costOfRevenue": 416838000, "grossProfit": 258111000, "grossProfitRatio": 0.3824155603, "researchAndDevelopmentExpenses": 0, "generalAndAdministrativeExpenses": 0, "sellingAndMarketingExpenses": 0, "sellingGeneralAndAdministrativeExpenses": 113124000, "otherExpenses": -17629000, "operatingExpenses": 113124000, "costAndExpenses": 529962000, "interestIncome": 0, "interestExpense": 7507000, "depreciationAndAmortization": 28360000, "ebitda": 127358000, "ebitdaratio": 0.1886927753, "operatingIncome": 128141000, "operatingIncomeRatio": 0.189852863, "totalOtherIncomeExpensesNet": -17629000, "incomeBeforeTax": 119851000, "incomeBeforeTaxRatio": 0.1775704535, "incomeTaxExpense": 32710000, "netIncome": 87141000, "netIncomeRatio": 0.1291075326, "eps": 3.64, "epsdiluted": 3.58, "weightedAverageShsOut": 23948565, "weightedAverageShsOutDil": 24363789, "link": "", "finalLink": "", "calculatedOtherExpenses": 16846000, "calculatedOperatingExpenses": 129970000, "calculatedNetInterest": -7507000, "calculatedOtherIncome": -783000, "calculatedIncomeNonControlling": 0, "calculatedEbitda": 156501000}, {"date": "2017-04-01", "symbol": "RBCP", "reportedCurrency": "USD", "cik": "0001324948", "fillingDate": "2017-05-31", "acceptedDate": "2017-05-31 13:34:13", "calendarYear": "2016", "period": "FY", "revenue": 615388000, "costOfRevenue": 385792000, "grossProfit": 229596000, "grossProfitRatio": 0.373091448, "researchAndDevelopmentExpenses": 0, "generalAndAdministrativeExpenses": 103018000, "sellingAndMarketingExpenses": -96000, "sellingGeneralAndAdministrativeExpenses": 102922000, "otherExpenses": -13084000, "operatingExpenses": 102922000, "costAndExpenses": 488714000, "interestIncome": 0, "interestExpense": 8706000, "depreciationAndAmortization": 27372000, "ebitda": 113590000, "ebitdaratio": 0.1845827348, "operatingIncome": 113693000, "operatingIncomeRatio": 0.1847501089, "totalOtherIncomeExpensesNet": -13084000, "incomeBeforeTax": 104884000, "incomeBeforeTaxRatio": 0.1704355626, "incomeTaxExpense": 34261000, "netIncome": 70623000, "netIncomeRatio": 0.1147617438, "eps": 3, "epsdiluted": 2.97, "weightedAverageShsOut": 23521615, "weightedAverageShsOutDil": 23784636, "link": "https://www.sec.gov/Archives/edgar/data/1324948/000114420417030325/0001144204-17-030325-index.html", "finalLink": "https://www.sec.gov/Archives/edgar/data/1324948/000114420417030325/v465747_10k.htm", "calculatedOtherExpenses": 12981000, "calculatedOperatingExpenses": 115903000, "calculatedNetInterest": -8706000, "calculatedOtherIncome": -103000, "calculatedIncomeNonControlling": 0, "calculatedEbitda": 141065000}, {"date": "2016-03-31", "symbol": "RBCP", "reportedCurrency": "USD", "cik": "0001324948", "fillingDate": "2016-05-26", "acceptedDate": "2016-05-26 16:08:09", "calendarYear": "2015", "period": "FY", "revenue": 597472000, "costOfRevenue": 378694000, "grossProfit": 218778000, "grossProfitRatio": 0.3661728081, "researchAndDevelopmentExpenses": 0, "generalAndAdministrativeExpenses": 98912000, "sellingAndMarketingExpenses": -191000, "sellingGeneralAndAdministrativeExpenses": 98721000, "otherExpenses": -16550000, "operatingExpenses": 98721000, "costAndExpenses": 477415000, "interestIncome": 0, "interestExpense": 8722000, "depreciationAndAmortization": 25807000, "ebitda": 103507000, "ebitdaratio": 0.1732415912, "operatingIncome": 103841000, "operatingIncomeRatio": 0.1738006133, "totalOtherIncomeExpensesNet": -16550000, "incomeBeforeTax": 94785000, "incomeBeforeTaxRatio": 0.1586434176, "incomeTaxExpense": 30891000, "netIncome": 63894000, "netIncomeRatio": 0.1069405763, "eps": 2.75, "epsdiluted": 2.72, "weightedAverageShsOut": 23208686, "weightedAverageShsOutDil": 23508418, "link": "https://www.sec.gov/Archives/edgar/data/1324948/000114420416105151/0001144204-16-105151-index.html", "finalLink": "https://www.sec.gov/Archives/edgar/data/1324948/000114420416105151/v439835_10k.htm", "calculatedOtherExpenses": 16216000, "calculatedOperatingExpenses": 114937000, "calculatedNetInterest": -8722000, "calculatedOtherIncome": -334000, "calculatedIncomeNonControlling": 0, "calculatedEbitda": 129648000}, {"date": "2015-03-31", "symbol": "RBCP", "reportedCurrency": "USD", "cik": "0001324948", "fillingDate": "2015-05-27", "acceptedDate": "2015-05-27 14:20:34", "calendarYear": "2014", "period": "FY", "revenue": 445278000, "costOfRevenue": 275138000, "grossProfit": 170140000, "grossProfitRatio": 0.3820983745, "researchAndDevelopmentExpenses": 0, "generalAndAdministrativeExpenses": 75939000, "sellingAndMarketingExpenses": -31000, "sellingGeneralAndAdministrativeExpenses": 75908000, "otherExpenses": -8622000, "operatingExpenses": 75908000, "costAndExpenses": 351046000, "interestIncome": 0, "interestExpense": 1055000, "depreciationAndAmortization": 15045000, "ebitda": 85610000, "ebitdaratio": 0.1922619128, "operatingIncome": 88430000, "operatingIncomeRatio": 0.198595035, "totalOtherIncomeExpensesNet": -8622000, "incomeBeforeTax": 84555000, "incomeBeforeTaxRatio": 0.1898926064, "incomeTaxExpense": 26307000, "netIncome": 58248000, "netIncomeRatio": 0.1308126609, "eps": 2.52, "epsdiluted": 2.49, "weightedAverageShsOut": 23073940, "weightedAverageShsOutDil": 23385061, "link": "https://www.sec.gov/Archives/edgar/data/1324948/000114420415033694/0001144204-15-033694-index.html", "finalLink": "https://www.sec.gov/Archives/edgar/data/1324948/000114420415033694/v410828_10k.htm", "calculatedOtherExpenses": 5802000, "calculatedOperatingExpenses": 81710000, "calculatedNetInterest": -1055000, "calculatedOtherIncome": -2820000, "calculatedIncomeNonControlling": 0, "calculatedEbitda": 103475000}, {"date": "2014-03-31", "symbol": "RBCP", "reportedCurrency": "USD", "cik": "0001324948", "fillingDate": "2014-05-28", "acceptedDate": "2014-05-28 15:21:28", "calendarYear": "2013", "period": "FY", "revenue": 418886000, "costOfRevenue": 254089000, "grossProfit": 164797000, "grossProfitRatio": 0.3934173021, "researchAndDevelopmentExpenses": 0, "generalAndAdministrativeExpenses": 72100000, "sellingAndMarketingExpenses": -131000, "sellingGeneralAndAdministrativeExpenses": 71969000, "otherExpenses": -4056000, "operatingExpenses": 71969000, "costAndExpenses": 326058000, "interestIncome": 0, "interestExpense": 1019000, "depreciationAndAmortization": 14987000, "ebitda": 88772000, "ebitdaratio": 0.211924008, "operatingIncome": 88650000, "operatingIncomeRatio": 0.2116327593, "totalOtherIncomeExpensesNet": -4056000, "incomeBeforeTax": 87753000, "incomeBeforeTaxRatio": 0.2094913652, "incomeTaxExpense": 27545000, "netIncome": 60208000, "netIncomeRatio": 0.1437336173, "eps": 2.63, "epsdiluted": 2.59, "weightedAverageShsOut": 22874842, "weightedAverageShsOutDil": 23244241, "link": "https://www.sec.gov/Archives/edgar/data/1324948/000114420414033924/0001144204-14-033924-index.html", "finalLink": "https://www.sec.gov/Archives/edgar/data/1324948/000114420414033924/v379062_10k.htm", "calculatedOtherExpenses": 4178000, "calculatedOperatingExpenses": 76147000, "calculatedNetInterest": -1019000, "calculatedOtherIncome": 122000, "calculatedIncomeNonControlling": 0, "calculatedEbitda": 103637000}, {"date": "2013-03-31", "symbol": "RBCP", "reportedCurrency": "USD", "cik": "0001324948", "fillingDate": "2013-05-29", "acceptedDate": "2013-05-29 14:10:35", "calendarYear": "2012", "period": "FY", "revenue": 403051000, "costOfRevenue": 250122000, "grossProfit": 152929000, "grossProfitRatio": 0.3794284098, "researchAndDevelopmentExpenses": 0, "generalAndAdministrativeExpenses": 65900000, "sellingAndMarketingExpenses": -149000, "sellingGeneralAndAdministrativeExpenses": 65751000, "otherExpenses": 2955000, "operatingExpenses": 67266000, "costAndExpenses": 317388000, "interestIncome": 0, "interestExpense": 868000, "depreciationAndAmortization": 14719000, "ebitda": 103337000, "ebitdaratio": 0.2563869089, "operatingIncome": 78101000, "operatingIncomeRatio": 0.1937744851, "totalOtherIncomeExpensesNet": -4607000, "incomeBeforeTax": 80188000, "incomeBeforeTaxRatio": 0.1989524899, "incomeTaxExpense": 23846000, "netIncome": 56342000, "netIncomeRatio": 0.1397887612, "eps": 2.52, "epsdiluted": 2.47, "weightedAverageShsOut": 22401068, "weightedAverageShsOutDil": 22810793, "link": "https://www.sec.gov/Archives/edgar/data/1324948/000114420413032047/0001144204-13-032047-index.html", "finalLink": "https://www.sec.gov/Archives/edgar/data/1324948/000114420413032047/v345371_10k.htm", "calculatedOtherExpenses": 9077000, "calculatedOperatingExpenses": 74828000, "calculatedNetInterest": -868000, "calculatedOtherIncome": 2955000, "calculatedIncomeNonControlling": 0, "calculatedEbitda": 92820000}, {"date": "2012-03-31", "symbol": "RBCP", "reportedCurrency": "USD", "cik": "0001324948", "fillingDate": "2012-03-31", "acceptedDate": "2012-03-30 20:00:00", "calendarYear": "2011", "period": "FY", "revenue": 397511000, "costOfRevenue": 256931000, "grossProfit": 140580000, "grossProfitRatio": 0.3536505908, "researchAndDevelopmentExpenses": 0, "generalAndAdministrativeExpenses": 0, "sellingAndMarketingExpenses": 0, "sellingGeneralAndAdministrativeExpenses": 61400000, "otherExpenses": 1542000, "operatingExpenses": 62942000, "costAndExpenses": 319873000, "interestIncome": 0, "interestExpense": -1045000, "depreciationAndAmortization": 14190000, "ebitda": 92442000, "ebitdaratio": 0.2325520552, "operatingIncome": 77648000, "operatingIncomeRatio": 0.195335475, "totalOtherIncomeExpensesNet": -614000, "incomeBeforeTax": 75979000, "incomeBeforeTaxRatio": 0.191136849, "incomeTaxExpense": 25982000, "netIncome": 49997000, "netIncomeRatio": 0.1257751358, "eps": 2.28, "epsdiluted": 2.23, "weightedAverageShsOut": 21880554, "weightedAverageShsOutDil": 22390914, "link": "", "finalLink": "", "calculatedOtherExpenses": 1532000, "calculatedOperatingExpenses": 62932000, "calculatedNetInterest": 1045000, "calculatedOtherIncome": -2714000, "calculatedIncomeNonControlling": 0, "calculatedEbitda": 91838000}, {"date": "2011-03-31", "symbol": "RBCP", "reportedCurrency": "USD", "cik": "0001324948", "fillingDate": "2011-05-27", "acceptedDate": "2011-05-27 12:40:25", "calendarYear": "2010", "period": "FY", "revenue": 335625000, "costOfRevenue": 225851000, "grossProfit": 109774000, "grossProfitRatio": 0.3270733706, "researchAndDevelopmentExpenses": 0, "generalAndAdministrativeExpenses": 53200000, "sellingAndMarketingExpenses": -494000, "sellingGeneralAndAdministrativeExpenses": 52706000, "otherExpenses": 300000, "operatingExpenses": 53581000, "costAndExpenses": 279432000, "interestIncome": 0, "interestExpense": 1791000, "depreciationAndAmortization": 12971000, "ebitda": 54668000, "ebitdaratio": 0.1628841713, "operatingIncome": 56193000, "operatingIncomeRatio": 0.167427933, "totalOtherIncomeExpensesNet": 1525000, "incomeBeforeTax": 52877000, "incomeBeforeTaxRatio": 0.1575478585, "incomeTaxExpense": 18009000, "netIncome": 34868000, "netIncomeRatio": 0.1038897579, "eps": 1.61, "epsdiluted": 1.58, "weightedAverageShsOut": 21678626, "weightedAverageShsOutDil": 22078711, "link": "https://www.sec.gov/Archives/edgar/data/1324948/000114420411032825/0001144204-11-032825-index.html", "finalLink": "https://www.sec.gov/Archives/edgar/data/1324948/000114420411032825/v223953_10k.htm", "calculatedOtherExpenses": 875000, "calculatedOperatingExpenses": 53581000, "calculatedNetInterest": -1791000, "calculatedOtherIncome": -1525000, "calculatedIncomeNonControlling": 0, "calculatedEbitda": 69164000}, {"date": "2010-03-31", "symbol": "RBCP", "reportedCurrency": "USD", "cik": "0001324948", "fillingDate": "2010-06-02", "acceptedDate": "2010-06-02 15:32:07", "calendarYear": "2009", "period": "FY", "revenue": 274702000, "costOfRevenue": 190136000, "grossProfit": 84566000, "grossProfitRatio": 0.3078463207, "researchAndDevelopmentExpenses": 0, "generalAndAdministrativeExpenses": 47400000, "sellingAndMarketingExpenses": -33000, "sellingGeneralAndAdministrativeExpenses": 47367000, "otherExpenses": 2500000, "operatingExpenses": 49896000, "costAndExpenses": 240032000, "interestIncome": 0, "interestExpense": 1660000, "depreciationAndAmortization": 11830000, "ebitda": 46353000, "ebitdaratio": 0.1687392156, "operatingIncome": 34670000, "operatingIncomeRatio": 0.1262094925, "totalOtherIncomeExpensesNet": 147000, "incomeBeforeTax": 33010000, "incomeBeforeTaxRatio": 0.1201665805, "incomeTaxExpense": 8625000, "netIncome": 24385000, "netIncomeRatio": 0.0887689205, "eps": 1.13, "epsdiluted": 1.12, "weightedAverageShsOut": 21590421, "weightedAverageShsOutDil": 21747082, "link": "https://www.sec.gov/Archives/edgar/data/1324948/000114420410031382/0001144204-10-031382-index.html", "finalLink": "https://www.sec.gov/Archives/edgar/data/1324948/000114420410031382/v186741_10k.htm", "calculatedOtherExpenses": 2529000, "calculatedOperatingExpenses": 49896000, "calculatedNetInterest": -1660000, "calculatedOtherIncome": 0, "calculatedIncomeNonControlling": 0, "calculatedEbitda": 46500000}, {"date": "2009-03-31", "symbol": "RBCP", "reportedCurrency": "USD", "cik": "0001324948", "fillingDate": "2009-05-27", "acceptedDate": "2009-05-27 15:57:37", "calendarYear": "2008", "period": "FY", "revenue": 355796000, "costOfRevenue": 237576000, "grossProfit": 118220000, "grossProfitRatio": 0.3322690531, "researchAndDevelopmentExpenses": 0, "generalAndAdministrativeExpenses": 56200000, "sellingAndMarketingExpenses": -421000, "sellingGeneralAndAdministrativeExpenses": 55779000, "otherExpenses": 7300000, "operatingExpenses": 63250000, "costAndExpenses": 300826000, "interestIncome": 0, "interestExpense": 3569000, "depreciationAndAmortization": 12160000, "ebitda": 68094000, "ebitdaratio": 0.1913849509, "operatingIncome": 54970000, "operatingIncomeRatio": 0.1544986453, "totalOtherIncomeExpensesNet": -964000, "incomeBeforeTax": 51401000, "incomeBeforeTaxRatio": 0.1444676163, "incomeTaxExpense": 16947000, "netIncome": 34454000, "netIncomeRatio": 0.0968363894, "eps": 1.6, "epsdiluted": 1.58, "weightedAverageShsOut": 21570979, "weightedAverageShsOutDil": 21738812, "link": "https://www.sec.gov/Archives/edgar/data/1324948/000114420409029585/0001144204-09-029585-index.html", "finalLink": "https://www.sec.gov/Archives/edgar/data/1324948/000114420409029585/v150581_10k.htm", "calculatedOtherExpenses": 7471000, "calculatedOperatingExpenses": 63250000, "calculatedNetInterest": -3569000, "calculatedOtherIncome": 0, "calculatedIncomeNonControlling": 0, "calculatedEbitda": 67130000}, {"date": "2008-03-31", "symbol": "RBCP", "reportedCurrency": "USD", "cik": "0001324948", "fillingDate": "2008-05-28", "acceptedDate": "2008-05-28 15:27:19", "calendarYear": "2007", "period": "FY", "revenue": 330600000, "costOfRevenue": 217022000, "grossProfit": 113578000, "grossProfitRatio": 0.3435511192, "researchAndDevelopmentExpenses": 0, "generalAndAdministrativeExpenses": 49000000, "sellingAndMarketingExpenses": 18000, "sellingGeneralAndAdministrativeExpenses": 49018000, "otherExpenses": 1800000, "operatingExpenses": 50701000, "costAndExpenses": 267723000, "interestIncome": 0, "interestExpense": 2971000, "depreciationAndAmortization": 10694000, "ebitda": 73618000, "ebitdaratio": 0.2226799758, "operatingIncome": 62850000, "operatingIncomeRatio": 0.1901088929, "totalOtherIncomeExpensesNet": -47000, "incomeBeforeTax": 59879000, "incomeBeforeTaxRatio": 0.1811222021, "incomeTaxExpense": 19685000, "netIncome": 40194000, "netIncomeRatio": 0.1215789474, "eps": 1.87, "epsdiluted": 1.84, "weightedAverageShsOut": 21457846, "weightedAverageShsOutDil": 21802711, "link": "https://www.sec.gov/Archives/edgar/data/1324948/000114420408032396/0001144204-08-032396-index.html", "finalLink": "https://www.sec.gov/Archives/edgar/data/1324948/000114420408032396/v115639_10k.htm", "calculatedOtherExpenses": 1710000, "calculatedOperatingExpenses": 50728000, "calculatedNetInterest": -2971000, "calculatedOtherIncome": 0, "calculatedIncomeNonControlling": 0, "calculatedEbitda": 73544000}, {"date": "2007-03-31", "symbol": "RBCP", "reportedCurrency": "USD", "cik": "0001324948", "fillingDate": "2007-03-31", "acceptedDate": "2007-03-30 20:00:00", "calendarYear": "2006", "period": "FY", "revenue": 306062000, "costOfRevenue": 205953000, "grossProfit": 100109000, "grossProfitRatio": 0.3270873222, "researchAndDevelopmentExpenses": 0, "generalAndAdministrativeExpenses": 0, "sellingAndMarketingExpenses": 0, "sellingGeneralAndAdministrativeExpenses": 42256000, "otherExpenses": 2358000, "operatingExpenses": 44614000, "costAndExpenses": 250567000, "interestIncome": 0, "interestExpense": 7852000, "depreciationAndAmortization": 9999000, "ebitda": 77351000, "ebitdaratio": 0.2527298391, "operatingIncome": 51919000, "operatingIncomeRatio": 0.169635564, "totalOtherIncomeExpensesNet": -11857000, "incomeBeforeTax": 44067000, "incomeBeforeTaxRatio": 0.1439806314, "incomeTaxExpense": 15588000, "netIncome": 28479000, "netIncomeRatio": 0.0930497742, "eps": 1.38, "epsdiluted": 1.33, "weightedAverageShsOut": 20579498, "weightedAverageShsOutDil": 21335307, "link": "", "finalLink": "", "calculatedOtherExpenses": 5934000, "calculatedOperatingExpenses": 48190000, "calculatedNetInterest": -7852000, "calculatedOtherIncome": 0, "calculatedIncomeNonControlling": 0, "calculatedEbitda": 61918000}, {"date": "2006-04-01", "symbol": "RBCP", "reportedCurrency": "USD", "cik": "0001324948", "fillingDate": "2006-06-16", "acceptedDate": "2006-06-16 14:43:47", "calendarYear": "2005", "period": "FY", "revenue": 274509000, "costOfRevenue": 191561000, "grossProfit": 82948000, "grossProfitRatio": 0.3021685992, "researchAndDevelopmentExpenses": 0, "generalAndAdministrativeExpenses": 42400000, "sellingAndMarketingExpenses": -455000, "sellingGeneralAndAdministrativeExpenses": 41945000, "otherExpenses": 5700000, "operatingExpenses": 40598000, "costAndExpenses": 232159000, "interestIncome": 0, "interestExpense": 15775000, "depreciationAndAmortization": 10525000, "ebitda": 62841000, "ebitdaratio": 0.2289214561, "operatingIncome": 38579000, "operatingIncomeRatio": 0.1405381973, "totalOtherIncomeExpensesNet": -9966000, "incomeBeforeTax": 19073000, "incomeBeforeTaxRatio": 0.0694804178, "incomeTaxExpense": 6634000, "netIncome": 12439000, "netIncomeRatio": 0.0453136327, "eps": 0.96, "epsdiluted": 0.86, "weightedAverageShsOut": 12931185, "weightedAverageShsOutDil": 14452264, "link": "https://www.sec.gov/Archives/edgar/data/1324948/000110465906042169/a06-13563_210k.htm", "finalLink": "https://www.sec.gov/Archives/edgar/data/1324948/000110465906042169/a06-13563_210k.htm", "calculatedOtherExpenses": 2424000, "calculatedOperatingExpenses": 44369000, "calculatedNetInterest": -15775000, "calculatedOtherIncome": -3731000, "calculatedIncomeNonControlling": 0, "calculatedEbitda": 49104000}, {"date": "2005-03-31", "symbol": "RBCP", "reportedCurrency": "USD", "cik": "0001324948", "fillingDate": "2005-03-31", "acceptedDate": "2005-03-30 19:00:00", "calendarYear": "2004", "period": "FY", "revenue": 243016000, "costOfRevenue": 174602000, "grossProfit": 68414000, "grossProfitRatio": 0.2815205583, "researchAndDevelopmentExpenses": 0, "generalAndAdministrativeExpenses": 0, "sellingAndMarketingExpenses": 0, "sellingGeneralAndAdministrativeExpenses": 32749000, "otherExpenses": -3424000, "operatingExpenses": 29325000, "costAndExpenses": 203927000, "interestIncome": 0, "interestExpense": 33214000, "depreciationAndAmortization": 10318000, "ebitda": 66478000, "ebitdaratio": 0.2735540047, "operatingIncome": 32139000, "operatingIncomeRatio": 0.1322505514, "totalOtherIncomeExpensesNet": -17071000, "incomeBeforeTax": 5875000, "incomeBeforeTaxRatio": 0.0241753629, "incomeTaxExpense": -1385000, "netIncome": 7260000, "netIncomeRatio": 0.0298745762, "eps": 1.17, "epsdiluted": 0.67, "weightedAverageShsOut": 6202615, "weightedAverageShsOutDil": 10854584, "link": "", "finalLink": "", "calculatedOtherExpenses": 3526000, "calculatedOperatingExpenses": 36275000, "calculatedNetInterest": -33214000, "calculatedOtherIncome": 6950000, "calculatedIncomeNonControlling": 0, "calculatedEbitda": 42457000}, {"date": "2004-03-31", "symbol": "RBCP", "reportedCurrency": "USD", "cik": "0001324948", "fillingDate": "2004-03-31", "acceptedDate": "2004-03-30 19:00:00", "calendarYear": "2003", "period": "FY", "revenue": 187331000, "costOfRevenue": 135433000, "grossProfit": 51898000, "grossProfitRatio": 0.2770390379, "researchAndDevelopmentExpenses": 0, "generalAndAdministrativeExpenses": 0, "sellingAndMarketingExpenses": 0, "sellingGeneralAndAdministrativeExpenses": 28107000, "otherExpenses": 1662000, "operatingExpenses": 29769000, "costAndExpenses": 165202000, "interestIncome": 0, "interestExpense": 20396000, "depreciationAndAmortization": 9182000, "ebitda": 31311000, "ebitdaratio": 0.1671426512, "operatingIncome": 22129000, "operatingIncomeRatio": 0.1181278059, "totalOtherIncomeExpensesNet": -20396000, "incomeBeforeTax": 1733000, "incomeBeforeTaxRatio": 0.0092510049, "incomeTaxExpense": 1070000, "netIncome": 663000, "netIncomeRatio": 0.00353919, "eps": 0.11, "epsdiluted": 0.11, "weightedAverageShsOut": 6188653, "weightedAverageShsOutDil": 6188653, "link": "", "finalLink": "", "calculatedOtherExpenses": 1662000, "calculatedOperatingExpenses": 29769000, "calculatedNetInterest": -20396000, "calculatedOtherIncome": 0, "calculatedIncomeNonControlling": 0, "calculatedEbitda": 31311000}, {"date": "2003-03-31", "symbol": "RBCP", "reportedCurrency": "USD", "cik": "0001324948", "fillingDate": "2003-03-31", "acceptedDate": "2003-03-30 19:00:00", "calendarYear": "2002", "period": "FY", "revenue": 172860000, "costOfRevenue": 124086000, "grossProfit": 48774000, "grossProfitRatio": 0.2821589726, "researchAndDevelopmentExpenses": 0, "generalAndAdministrativeExpenses": 0, "sellingAndMarketingExpenses": 0, "sellingGeneralAndAdministrativeExpenses": 26647000, "otherExpenses": 1424000, "operatingExpenses": 28071000, "costAndExpenses": 152157000, "interestIncome": 0, "interestExpense": 20767000, "depreciationAndAmortization": -20767000, "ebitda": 20703000, "ebitdaratio": 0.1197674419, "operatingIncome": 20703000, "operatingIncomeRatio": 0.1197674419, "totalOtherIncomeExpensesNet": -20541000, "incomeBeforeTax": 162000, "incomeBeforeTaxRatio": 0.0009371746, "incomeTaxExpense": -113000, "netIncome": 49000, "netIncomeRatio": 0.0002834664, "eps": 0.0079, "epsdiluted": 0.0079, "weightedAverageShsOut": 6188903, "weightedAverageShsOutDil": 6188903, "link": "", "finalLink": "", "calculatedOtherExpenses": 1424000, "calculatedOperatingExpenses": 28071000, "calculatedNetInterest": -20767000, "calculatedOtherIncome": 226000, "calculatedIncomeNonControlling": 226000, "calculatedEbitda": -64000}, {"date": "2002-03-31", "symbol": "RBCP", "reportedCurrency": "USD", "cik": "0001324948", "fillingDate": "2002-03-31", "acceptedDate": "2002-03-30 19:00:00", "calendarYear": "2001", "period": "FY", "revenue": 168331000, "costOfRevenue": 114575000, "grossProfit": 53756000, "grossProfitRatio": 0.3193470008, "researchAndDevelopmentExpenses": 0, "generalAndAdministrativeExpenses": 0, "sellingAndMarketingExpenses": 0, "sellingGeneralAndAdministrativeExpenses": 25641000, "otherExpenses": 937000, "operatingExpenses": 26578000, "costAndExpenses": 141153000, "interestIncome": 0, "interestExpense": 23457000, "depreciationAndAmortization": -25509000, "ebitda": 27178000, "ebitdaratio": 0.1614557033, "operatingIncome": 27178000, "operatingIncomeRatio": 0.1614557033, "totalOtherIncomeExpensesNet": -23457000, "incomeBeforeTax": 3721000, "incomeBeforeTaxRatio": 0.0221052569, "incomeTaxExpense": 25509000, "netIncome": 1669000, "netIncomeRatio": 0.0099149889, "eps": 0.27, "epsdiluted": 0.19, "weightedAverageShsOut": 6188903, "weightedAverageShsOutDil": 8891645, "link": "", "finalLink": "", "calculatedOtherExpenses": 937000, "calculatedOperatingExpenses": 26578000, "calculatedNetInterest": -23457000, "calculatedOtherIncome": 0, "calculatedIncomeNonControlling": -23457000, "calculatedEbitda": 1669000}, {"date": "2001-03-31", "symbol": "RBCP", "reportedCurrency": "USD", "cik": "0001324948", "fillingDate": "2001-03-31", "acceptedDate": "2001-03-30 19:00:00", "calendarYear": "2000", "period": "FY", "revenue": 176435000, "costOfRevenue": 116245000, "grossProfit": 60190000, "grossProfitRatio": 0.3411454643, "researchAndDevelopmentExpenses": 0, "generalAndAdministrativeExpenses": 0, "sellingAndMarketingExpenses": 0, "sellingGeneralAndAdministrativeExpenses": 27043000, "otherExpenses": 776000, "operatingExpenses": 27819000, "costAndExpenses": 144064000, "interestIncome": 0, "interestExpense": 26951000, "depreciationAndAmortization": -28756000, "ebitda": 32371000, "ebitdaratio": 0.183472667, "operatingIncome": 32371000, "operatingIncomeRatio": 0.183472667, "totalOtherIncomeExpensesNet": -26951000, "incomeBeforeTax": 5420000, "incomeBeforeTaxRatio": 0.0307195284, "incomeTaxExpense": 28756000, "netIncome": 3615000, "netIncomeRatio": 0.020489132, "eps": 1.3, "epsdiluted": 0.6, "weightedAverageShsOut": 2788107, "weightedAverageShsOutDil": 6045762, "link": "", "finalLink": "", "calculatedOtherExpenses": 776000, "calculatedOperatingExpenses": 27819000, "calculatedNetInterest": -26951000, "calculatedOtherIncome": 0, "calculatedIncomeNonControlling": -26951000, "calculatedEbitda": 3615000}]}