{"originalCurrency": "USD", "convertedCurrency": "USD", "report": [{"date": "2023-12-31", "symbol": "RCB", "reportedCurrency": "USD", "cik": "0001527590", "fillingDate": "2024-02-28", "acceptedDate": "2024-02-28 17:13:42", "calendarYear": "2023", "period": "FY", "revenue": 1135110000, "costOfRevenue": 67705000, "grossProfit": 1067405000, "grossProfitRatio": 0.9403537983, "researchAndDevelopmentExpenses": 7430000, "generalAndAdministrativeExpenses": 92367000, "sellingAndMarketingExpenses": 1120000, "sellingGeneralAndAdministrativeExpenses": 93487000, "otherExpenses": -194742000, "operatingExpenses": 194742000, "costAndExpenses": 269677000, "interestIncome": 945814000, "interestExpense": 716468000, "depreciationAndAmortization": -521418000, "ebitda": 351245000, "ebitdaratio": 0.3094369709, "operatingIncome": 872663000, "operatingIncomeRatio": 0.7687915709, "totalOtherIncomeExpensesNet": -514244000, "incomeBeforeTax": 358419000, "incomeBeforeTaxRatio": 0.3157570632, "incomeTaxExpense": 7174000, "netIncome": 339451000, "netIncomeRatio": 0.2990467884, "eps": 2.25, "epsdiluted": 2.24, "weightedAverageShsOut": 146841594, "weightedAverageShsOutDil": 148567026, "link": "https://www.sec.gov/Archives/edgar/data/1527590/000155837024002034/0001558370-24-002034-index.htm", "finalLink": "https://www.sec.gov/Archives/edgar/data/1527590/000155837024002034/rc-20231231x10k.htm", "calculatedOtherExpenses": 93825000, "calculatedOperatingExpenses": 194742000, "calculatedNetInterest": 229346000, "calculatedOtherIncome": -743590000, "calculatedIncomeNonControlling": 11794000, "calculatedEbitda": 351245000}, {"date": "2022-12-31", "symbol": "RCB", "reportedCurrency": "USD", "cik": "0001527590", "fillingDate": "2023-02-28", "acceptedDate": "2023-02-28 17:20:20", "calendarYear": "2022", "period": "FY", "revenue": 460247000, "costOfRevenue": 55302000, "grossProfit": 404945000, "grossProfitRatio": 0.8798427801, "researchAndDevelopmentExpenses": 9003000, "generalAndAdministrativeExpenses": 131175000, "sellingAndMarketingExpenses": 2121000, "sellingGeneralAndAdministrativeExpenses": 131175000, "otherExpenses": -91227000, "operatingExpenses": 18093000, "costAndExpenses": 18093000, "interestIncome": 671170000, "interestExpense": 400774000, "depreciationAndAmortization": 20057000, "ebitda": 644827000, "ebitdaratio": 1.4010455256, "operatingIncome": 624770000, "operatingIncomeRatio": 1.3574667515, "totalOtherIncomeExpensesNet": -391874000, "incomeBeforeTax": 232896000, "incomeBeforeTaxRatio": 0.5060239393, "incomeTaxExpense": 29733000, "netIncome": 194263000, "netIncomeRatio": 0.4220842287, "eps": 1.65, "epsdiluted": 1.51, "weightedAverageShsOut": 106878139, "weightedAverageShsOutDil": 117193958, "link": "https://www.sec.gov/Archives/edgar/data/1527590/000155837023002422/0001558370-23-002422-index.htm", "finalLink": "https://www.sec.gov/Archives/edgar/data/1527590/000155837023002422/rc-20221231x10k.htm", "calculatedOtherExpenses": -360003000, "calculatedOperatingExpenses": -219825000, "calculatedNetInterest": 270396000, "calculatedOtherIncome": -662270000, "calculatedIncomeNonControlling": 8900000, "calculatedEbitda": 644827000}, {"date": "2021-12-31", "symbol": "RCB", "reportedCurrency": "USD", "cik": "0001527590", "fillingDate": "2022-02-28", "acceptedDate": "2022-02-28 17:03:58", "calendarYear": "2021", "period": "FY", "revenue": 383373000, "costOfRevenue": 58401000, "grossProfit": 324972000, "grossProfitRatio": 0.8476653285, "researchAndDevelopmentExpenses": 7971000, "generalAndAdministrativeExpenses": 118443000, "sellingAndMarketingExpenses": 3025000, "sellingGeneralAndAdministrativeExpenses": 118443000, "otherExpenses": -314989000, "operatingExpenses": -196546000, "costAndExpenses": -196546000, "interestIncome": 403496000, "interestExpense": 213561000, "depreciationAndAmortization": 16009000, "ebitda": 186827000, "ebitdaratio": 0.4873243551, "operatingIncome": 186827000, "operatingIncomeRatio": 0.4873243551, "totalOtherIncomeExpensesNet": 2230000, "incomeBeforeTax": 189057000, "incomeBeforeTaxRatio": 0.4931411445, "incomeTaxExpense": 29083000, "netIncome": 157744000, "netIncomeRatio": 0.4114635094, "eps": 2.06, "epsdiluted": 2.06, "weightedAverageShsOut": 68511578, "weightedAverageShsOutDil": 68660906, "link": "https://www.sec.gov/Archives/edgar/data/1527590/000155837022002392/0001558370-22-002392-index.htm", "finalLink": "https://www.sec.gov/Archives/edgar/data/1527590/000155837022002392/rc-20211231x10k.htm", "calculatedOtherExpenses": 11731000, "calculatedOperatingExpenses": 138145000, "calculatedNetInterest": 189935000, "calculatedOtherIncome": -187705000, "calculatedIncomeNonControlling": 2230000, "calculatedEbitda": 202836000}, {"date": "2020-12-31", "symbol": "RCB", "reportedCurrency": "USD", "cik": "0001527590", "fillingDate": "2021-03-15", "acceptedDate": "2021-03-15 16:32:48", "calendarYear": "2020", "period": "FY", "revenue": 270142000, "costOfRevenue": 54369000, "grossProfit": 215773000, "grossProfitRatio": 0.7987391816, "researchAndDevelopmentExpenses": 6722000, "generalAndAdministrativeExpenses": 115575000, "sellingAndMarketingExpenses": 1970000, "sellingGeneralAndAdministrativeExpenses": 115575000, "otherExpenses": -332463000, "operatingExpenses": -216888000, "costAndExpenses": -216888000, "interestIncome": 258636000, "interestExpense": 175481000, "depreciationAndAmortization": 10830000, "ebitda": 53254000, "ebitdaratio": 0.1971333595, "operatingIncome": 53254000, "operatingIncomeRatio": 0.1971333595, "totalOtherIncomeExpensesNet": 1199000, "incomeBeforeTax": 54453000, "incomeBeforeTaxRatio": 0.201571766, "incomeTaxExpense": 8384000, "netIncome": 44870000, "netIncomeRatio": 0.16609783, "eps": 0.81, "epsdiluted": 0.81, "weightedAverageShsOut": 53736523, "weightedAverageShsOutDil": 53818378, "link": "https://www.sec.gov/Archives/edgar/data/1527590/000155837021003005/0001558370-21-003005-index.htm", "finalLink": "https://www.sec.gov/Archives/edgar/data/1527590/000155837021003005/rc-20201231x10k.htm", "calculatedOtherExpenses": 40222000, "calculatedOperatingExpenses": 162519000, "calculatedNetInterest": 83155000, "calculatedOtherIncome": -81956000, "calculatedIncomeNonControlling": 1199000, "calculatedEbitda": 64084000}, {"date": "2019-12-31", "symbol": "RCB", "reportedCurrency": "USD", "cik": "0001527590", "fillingDate": "2020-03-12", "acceptedDate": "2020-03-12 16:33:28", "calendarYear": "2019", "period": "FY", "revenue": 146112000, "costOfRevenue": 33162000, "grossProfit": 112950000, "grossProfitRatio": 0.7730371222, "researchAndDevelopmentExpenses": 4834000, "generalAndAdministrativeExpenses": 66394000, "sellingAndMarketingExpenses": 2052000, "sellingGeneralAndAdministrativeExpenses": 66394000, "otherExpenses": -17354000, "operatingExpenses": 49040000, "costAndExpenses": 49040000, "interestIncome": 229916000, "interestExpense": 151880000, "depreciationAndAmortization": 6251000, "ebitda": 62416000, "ebitdaratio": 0.4271791502, "operatingIncome": 62416000, "operatingIncomeRatio": 0.4271791502, "totalOtherIncomeExpensesNet": 2088000, "incomeBeforeTax": 64504000, "incomeBeforeTaxRatio": 0.4414695576, "incomeTaxExpense": -10552000, "netIncome": 72968000, "netIncomeRatio": 0.4993977223, "eps": 1.72, "epsdiluted": 1.72, "weightedAverageShsOut": 42011750, "weightedAverageShsOutDil": 42047648, "link": "https://www.sec.gov/Archives/edgar/data/1527590/000155837020002546/0001558370-20-002546-index.htm", "finalLink": "https://www.sec.gov/Archives/edgar/data/1527590/000155837020002546/rc-20191231x10k.htm", "calculatedOtherExpenses": -20694000, "calculatedOperatingExpenses": 50534000, "calculatedNetInterest": 78036000, "calculatedOtherIncome": -75948000, "calculatedIncomeNonControlling": 2088000, "calculatedEbitda": 68667000}, {"date": "2018-12-31", "symbol": "RCB", "reportedCurrency": "USD", "cik": "0001527590", "fillingDate": "2019-03-13", "acceptedDate": "2019-03-13 16:41:37", "calendarYear": "2018", "period": "FY", "revenue": 158263000, "costOfRevenue": 28747000, "grossProfit": 129516000, "grossProfitRatio": 0.8183593133, "researchAndDevelopmentExpenses": 0, "generalAndAdministrativeExpenses": 70121000, "sellingAndMarketingExpenses": 0, "sellingGeneralAndAdministrativeExpenses": 70121000, "otherExpenses": -13663000, "operatingExpenses": 121493000, "costAndExpenses": 121493000, "interestIncome": 169499000, "interestExpense": 109238000, "depreciationAndAmortization": 291375000, "ebitda": 128819000, "ebitdaratio": 0.8139552517, "operatingIncome": -121493000, "operatingIncomeRatio": -0.7676652155, "totalOtherIncomeExpensesNet": 125532000, "incomeBeforeTax": 62843000, "incomeBeforeTaxRatio": 0.3970795448, "incomeTaxExpense": 1386000, "netIncome": 59258000, "netIncomeRatio": 0.3744273772, "eps": 1.85, "epsdiluted": 1.85, "weightedAverageShsOut": 32085975, "weightedAverageShsOutDil": 32102184, "link": "https://www.sec.gov/Archives/edgar/data/1527590/000155837019001928/0001558370-19-001928-index.htm", "finalLink": "https://www.sec.gov/Archives/edgar/data/1527590/000155837019001928/rc-20181231x10k.htm", "calculatedOtherExpenses": 180888000, "calculatedOperatingExpenses": 251009000, "calculatedNetInterest": 60261000, "calculatedOtherIncome": 124075000, "calculatedIncomeNonControlling": 2199000, "calculatedEbitda": 169882000}, {"date": "2017-12-31", "symbol": "RCB", "reportedCurrency": "USD", "cik": "0001527590", "fillingDate": "2018-03-16", "acceptedDate": "2018-03-16 06:19:32", "calendarYear": "2017", "period": "FY", "revenue": 152817000, "costOfRevenue": 77009000, "grossProfit": 75808000, "grossProfitRatio": 0.4960704634, "researchAndDevelopmentExpenses": 0, "generalAndAdministrativeExpenses": 66941000, "sellingAndMarketingExpenses": 0, "sellingGeneralAndAdministrativeExpenses": 66941000, "otherExpenses": -12943000, "operatingExpenses": 86185000, "costAndExpenses": 163194000, "interestIncome": 138305000, "interestExpense": 74646000, "depreciationAndAmortization": -45603000, "ebitda": -97431000, "ebitdaratio": -0.6375665011, "operatingIncome": -51828000, "operatingIncomeRatio": -0.3391507489, "totalOtherIncomeExpensesNet": 72542000, "incomeBeforeTax": 47653000, "incomeBeforeTaxRatio": 0.3118304901, "incomeTaxExpense": 1839000, "netIncome": 43290000, "netIncomeRatio": 0.2832800016, "eps": 1.38, "epsdiluted": 1.38, "weightedAverageShsOut": 31350102, "weightedAverageShsOutDil": 31369565, "link": "https://www.sec.gov/Archives/edgar/data/1527590/000155837018002174/0001558370-18-002174-index.htm", "finalLink": "https://www.sec.gov/Archives/edgar/data/1527590/000155837018002174/sld-20171231x10k.htm", "calculatedOtherExpenses": 60695000, "calculatedOperatingExpenses": 127636000, "calculatedNetInterest": 63659000, "calculatedOtherIncome": 35822000, "calculatedIncomeNonControlling": 2524000, "calculatedEbitda": -97431000}, {"date": "2016-12-31", "symbol": "RCB", "reportedCurrency": "USD", "cik": "0001527590", "fillingDate": "2017-03-15", "acceptedDate": "2017-03-15 17:21:31", "calendarYear": "2016", "period": "FY", "revenue": 124940000, "costOfRevenue": 65591000, "grossProfit": 59349000, "grossProfitRatio": 0.4750200096, "researchAndDevelopmentExpenses": 0, "generalAndAdministrativeExpenses": 35765000, "sellingAndMarketingExpenses": 595000, "sellingGeneralAndAdministrativeExpenses": 35765000, "otherExpenses": -8960000, "operatingExpenses": 71735000, "costAndExpenses": 137326000, "interestIncome": 137023000, "interestExpense": 57772000, "depreciationAndAmortization": 615000, "ebitda": -65821000, "ebitdaratio": -0.526820874, "operatingIncome": -303000, "operatingIncomeRatio": -0.0024251641, "totalOtherIncomeExpensesNet": 65518000, "incomeBeforeTax": 65215000, "incomeBeforeTaxRatio": 0.5219705459, "incomeTaxExpense": 9651000, "netIncome": 49169000, "netIncomeRatio": 0.3935408996, "eps": 1.85, "epsdiluted": 1.85, "weightedAverageShsOut": 26647981, "weightedAverageShsOutDil": 26647981, "link": "https://www.sec.gov/Archives/edgar/data/1527590/000155837017001850/0001558370-17-001850-index.htm", "finalLink": "https://www.sec.gov/Archives/edgar/data/1527590/000155837017001850/sld-20161231x10k.htm", "calculatedOtherExpenses": 23887000, "calculatedOperatingExpenses": 59652000, "calculatedNetInterest": 79251000, "calculatedOtherIncome": -13733000, "calculatedIncomeNonControlling": 6395000, "calculatedEbitda": 312000}, {"date": "2015-12-31", "symbol": "RCB", "reportedCurrency": "USD", "cik": "0001527590", "fillingDate": "2016-03-10", "acceptedDate": "2016-03-10 17:29:21", "calendarYear": "2015", "period": "FY", "revenue": 57979217, "costOfRevenue": 18849905, "grossProfit": 39129312, "grossProfitRatio": 0.6748851403, "researchAndDevelopmentExpenses": 0, "generalAndAdministrativeExpenses": 30934727, "sellingAndMarketingExpenses": 0, "sellingGeneralAndAdministrativeExpenses": 30934727, "otherExpenses": -4128476, "operatingExpenses": 50854544, "costAndExpenses": 69704449, "interestIncome": 37802556, "interestExpense": 18849905, "depreciationAndAmortization": 933812, "ebitda": -16989897, "ebitdaratio": -0.2930342609, "operatingIncome": -31901893, "operatingIncomeRatio": -0.5502298004, "totalOtherIncomeExpensesNet": -13978184, "incomeBeforeTax": 2996197, "incomeBeforeTaxRatio": 0.0516770863, "incomeTaxExpense": 4415474, "netIncome": -1260709, "netIncomeRatio": -0.0217441536, "eps": -0.16, "epsdiluted": -0.14, "weightedAverageShsOut": 27898101, "weightedAverageShsOutDil": 31142300, "link": "https://www.sec.gov/Archives/edgar/data/1527590/000114420416087286/0001144204-16-087286-index.htm", "finalLink": "https://www.sec.gov/Archives/edgar/data/1527590/000114420416087286/v430215_10k.htm", "calculatedOtherExpenses": 40096478, "calculatedOperatingExpenses": 71031205, "calculatedNetInterest": 18952651, "calculatedOtherIncome": 15945439, "calculatedIncomeNonControlling": -158568, "calculatedEbitda": -30968081}, {"date": "2014-12-31", "symbol": "RCB", "reportedCurrency": "USD", "cik": "0001527590", "fillingDate": "2015-03-16", "acceptedDate": "2015-03-16 16:49:09", "calendarYear": "2014", "period": "FY", "revenue": 49678836, "costOfRevenue": 17259545, "grossProfit": 32419291, "grossProfitRatio": 0.6525775081, "researchAndDevelopmentExpenses": 0, "generalAndAdministrativeExpenses": 3765784, "sellingAndMarketingExpenses": 0, "sellingGeneralAndAdministrativeExpenses": 3765784, "otherExpenses": -1684373, "operatingExpenses": 14481988, "costAndExpenses": 31741533, "interestIncome": 41592747, "interestExpense": 17259545, "depreciationAndAmortization": 154010, "ebitda": -9144296, "ebitdaratio": -0.1840682419, "operatingIncome": 5339473, "operatingIncomeRatio": 0.1074798331, "totalOtherIncomeExpensesNet": 19149520, "incomeBeforeTax": 29000734, "incomeBeforeTaxRatio": 0.583764362, "incomeTaxExpense": -850996, "netIncome": 26741970, "netIncomeRatio": 0.5382970326, "eps": 3.35, "epsdiluted": 2.5, "weightedAverageShsOut": 27898101, "weightedAverageShsOutDil": 37370760, "link": "https://www.sec.gov/Archives/edgar/data/1527590/000120677415000907/0001206774-15-000907-index.htm", "finalLink": "https://www.sec.gov/Archives/edgar/data/1527590/000120677415000907/zfc_10k.htm", "calculatedOtherExpenses": 23314034, "calculatedOperatingExpenses": 27079818, "calculatedNetInterest": 24333202, "calculatedOtherIncome": -671941, "calculatedIncomeNonControlling": 3109760, "calculatedEbitda": 5493483}, {"date": "2013-12-31", "symbol": "RCB", "reportedCurrency": "USD", "cik": "0001527590", "fillingDate": "2014-03-13", "acceptedDate": "2014-03-12 21:55:02", "calendarYear": "2013", "period": "FY", "revenue": 16253895, "costOfRevenue": 7094519, "grossProfit": 9159376, "grossProfitRatio": 0.5635188366, "researchAndDevelopmentExpenses": 0, "generalAndAdministrativeExpenses": 2580480, "sellingAndMarketingExpenses": 0, "sellingGeneralAndAdministrativeExpenses": 2580480, "otherExpenses": 7023609, "operatingExpenses": 9604089, "costAndExpenses": 16698608, "interestIncome": 26418327, "interestExpense": 7094519, "depreciationAndAmortization": 0, "ebitda": 9719719, "ebitdaratio": 0.5979932195, "operatingIncome": 9719719, "operatingIncomeRatio": 0.5979932195, "totalOtherIncomeExpensesNet": -2166254, "incomeBeforeTax": 7553465, "incomeBeforeTaxRatio": 0.4647172262, "incomeTaxExpense": 880358, "netIncome": 6673107, "netIncomeRatio": 0.4105543317, "eps": 0.92, "epsdiluted": 0.81, "weightedAverageShsOut": 25456781, "weightedAverageShsOutDil": 28700980, "link": "https://www.sec.gov/Archives/edgar/data/1527590/000120677414000850/0001206774-14-000850-index.htm", "finalLink": "https://www.sec.gov/Archives/edgar/data/1527590/000120677414000850/zais_10k.htm", "calculatedOtherExpenses": -3140823, "calculatedOperatingExpenses": -560343, "calculatedNetInterest": 19323808, "calculatedOtherIncome": -21490062, "calculatedIncomeNonControlling": 0, "calculatedEbitda": 9719719}, {"date": "2012-12-31", "symbol": "RCB", "reportedCurrency": "USD", "cik": "0001527590", "fillingDate": "2013-03-28", "acceptedDate": "2013-03-28 16:30:31", "calendarYear": "2012", "period": "FY", "revenue": 24446501, "costOfRevenue": 1387451, "grossProfit": 23059050, "grossProfitRatio": 0.9432454158, "researchAndDevelopmentExpenses": 0, "generalAndAdministrativeExpenses": 228359, "sellingAndMarketingExpenses": 0, "sellingGeneralAndAdministrativeExpenses": 228359, "otherExpenses": -1827350, "operatingExpenses": 2353554, "costAndExpenses": 3741005, "interestIncome": 9398319, "interestExpense": 1387451, "depreciationAndAmortization": 1827350, "ebitda": 5657314, "ebitdaratio": 0.2314161033, "operatingIncome": 3829964, "operatingIncomeRatio": 0.1566671648, "totalOtherIncomeExpensesNet": 16435633, "incomeBeforeTax": 20265597, "incomeBeforeTaxRatio": 0.8289774066, "incomeTaxExpense": 362324, "netIncome": 19903273, "netIncomeRatio": 0.8141563081, "eps": 2.5, "epsdiluted": 2.5, "weightedAverageShsOut": 27898101, "weightedAverageShsOutDil": 27898101, "link": "https://www.sec.gov/Archives/edgar/data/1527590/000120677413001217/0001206774-13-001217-index.htm", "finalLink": "https://www.sec.gov/Archives/edgar/data/1527590/000120677413001217/zfc_10k.htm", "calculatedOtherExpenses": 19000727, "calculatedOperatingExpenses": 19229086, "calculatedNetInterest": 8010868, "calculatedOtherIncome": 8424765, "calculatedIncomeNonControlling": 0, "calculatedEbitda": 5657314}]}