{"originalCurrency": "CAD", "convertedCurrency": "CAD", "report": [{"date": "2023-12-31", "symbol": "RCI", "reportedCurrency": "CAD", "cik": "0000733099", "fillingDate": "2023-12-31", "acceptedDate": "2023-12-29 19:00:00", "calendarYear": "2023", "period": "FY", "revenue": 19308000000, "costOfRevenue": 14848000000, "grossProfit": 4460000000, "grossProfitRatio": 0.2309923348, "researchAndDevelopmentExpenses": 0, "generalAndAdministrativeExpenses": 0, "sellingAndMarketingExpenses": 0, "sellingGeneralAndAdministrativeExpenses": 13000000, "otherExpenses": 0, "operatingExpenses": 4121000000, "costAndExpenses": 14848000000, "interestIncome": 50000000, "interestExpense": 2101000000, "depreciationAndAmortization": 4191000000, "ebitda": 8651000000, "ebitdaratio": 0.4480526207, "operatingIncome": 4460000000, "operatingIncomeRatio": 0.2309923348, "totalOtherIncomeExpensesNet": -2682000000, "incomeBeforeTax": 1778000000, "incomeBeforeTaxRatio": 0.0920861819, "incomeTaxExpense": 517000000, "netIncome": 849000000, "netIncomeRatio": 0.0439714108, "eps": 1.62, "epsdiluted": 1.62, "weightedAverageShsOut": 523000000, "weightedAverageShsOutDil": 524000000, "link": null, "finalLink": null, "calculatedOtherExpenses": -13000000, "calculatedOperatingExpenses": 0, "calculatedNetInterest": -2051000000, "calculatedOtherIncome": -631000000, "calculatedIncomeNonControlling": 412000000, "calculatedEbitda": 8651000000}, {"date": "2022-12-31", "symbol": "RCI", "reportedCurrency": "CAD", "cik": "0000733099", "fillingDate": "2022-12-31", "acceptedDate": "2022-12-30 19:00:00", "calendarYear": "2022", "period": "FY", "revenue": 15396000000, "costOfRevenue": 9003000000, "grossProfit": 6393000000, "grossProfitRatio": 0.4152377241, "researchAndDevelopmentExpenses": 0, "generalAndAdministrativeExpenses": 0, "sellingAndMarketingExpenses": 0, "sellingGeneralAndAdministrativeExpenses": 1000000, "otherExpenses": 2576000000, "operatingExpenses": 2576000000, "costAndExpenses": 11579000000, "interestIncome": 1000000, "interestExpense": 1170000000, "depreciationAndAmortization": 2637000000, "ebitda": 6407000000, "ebitdaratio": 0.4161470512, "operatingIncome": 3770000000, "operatingIncomeRatio": 0.2448687971, "totalOtherIncomeExpensesNet": -1481000000, "incomeBeforeTax": 2289000000, "incomeBeforeTaxRatio": 0.1486749805, "incomeTaxExpense": 609000000, "netIncome": 1680000000, "netIncomeRatio": 0.1091192518, "eps": 3.33, "epsdiluted": 3.32, "weightedAverageShsOut": 505000000, "weightedAverageShsOutDil": 506000000, "link": "", "finalLink": "", "calculatedOtherExpenses": 2622000000, "calculatedOperatingExpenses": 2623000000, "calculatedNetInterest": -1169000000, "calculatedOtherIncome": -312000000, "calculatedIncomeNonControlling": 0, "calculatedEbitda": 6407000000}, {"date": "2021-12-31", "symbol": "RCI", "reportedCurrency": "CAD", "cik": "0000733099", "fillingDate": "2021-12-31", "acceptedDate": "2021-12-31 00:00:00", "calendarYear": "2021", "period": "FY", "revenue": 14655000000, "costOfRevenue": 8768000000, "grossProfit": 5887000000, "grossProfitRatio": 0.4017059024, "researchAndDevelopmentExpenses": 0, "generalAndAdministrativeExpenses": 2181000000, "sellingAndMarketingExpenses": 0, "sellingGeneralAndAdministrativeExpenses": 2181000000, "otherExpenses": 404000000, "operatingExpenses": 2585000000, "costAndExpenses": 11353000000, "interestIncome": 42000000, "interestExpense": 816000000, "depreciationAndAmortization": 2653000000, "ebitda": 5882000000, "ebitdaratio": 0.4013647219, "operatingIncome": 3229000000, "operatingIncomeRatio": 0.2203343569, "totalOtherIncomeExpensesNet": -1102000000, "incomeBeforeTax": 2127000000, "incomeBeforeTaxRatio": 0.1451381781, "incomeTaxExpense": 569000000, "netIncome": 1558000000, "netIncomeRatio": 0.106311839, "eps": 3.09, "epsdiluted": 3.07, "weightedAverageShsOut": 505000000, "weightedAverageShsOutDil": 506000000, "link": null, "finalLink": null, "calculatedOtherExpenses": 477000000, "calculatedOperatingExpenses": 2658000000, "calculatedNetInterest": -774000000, "calculatedOtherIncome": -328000000, "calculatedIncomeNonControlling": 0, "calculatedEbitda": 5882000000}, {"date": "2020-12-31", "symbol": "RCI", "reportedCurrency": "CAD", "cik": "0000733099", "fillingDate": "2020-12-31", "acceptedDate": "2020-12-31 00:00:00", "calendarYear": "2020", "period": "FY", "revenue": 13916000000, "costOfRevenue": 8059000000, "grossProfit": 5857000000, "grossProfitRatio": 0.4208824375, "researchAndDevelopmentExpenses": 0, "generalAndAdministrativeExpenses": 1847000000, "sellingAndMarketingExpenses": 0, "sellingGeneralAndAdministrativeExpenses": 1847000000, "otherExpenses": 771000000, "operatingExpenses": 2618000000, "costAndExpenses": 10677000000, "interestIncome": 39000000, "interestExpense": 844000000, "depreciationAndAmortization": 2695000000, "ebitda": 5906000000, "ebitdaratio": 0.4244035642, "operatingIncome": 3211000000, "operatingIncomeRatio": 0.2307415924, "totalOtherIncomeExpensesNet": -1039000000, "incomeBeforeTax": 2172000000, "incomeBeforeTaxRatio": 0.1560793331, "incomeTaxExpense": 580000000, "netIncome": 1592000000, "netIncomeRatio": 0.1144006899, "eps": 3.15, "epsdiluted": 3.13, "weightedAverageShsOut": 505000000, "weightedAverageShsOutDil": 506000000, "link": null, "finalLink": null, "calculatedOtherExpenses": 799000000, "calculatedOperatingExpenses": 2646000000, "calculatedNetInterest": -805000000, "calculatedOtherIncome": -234000000, "calculatedIncomeNonControlling": 0, "calculatedEbitda": 5906000000}, {"date": "2019-12-31", "symbol": "RCI", "reportedCurrency": "CAD", "cik": "0000733099", "fillingDate": "2019-12-31", "acceptedDate": "2019-12-31 00:00:00", "calendarYear": "2019", "period": "FY", "revenue": 15073000000, "costOfRevenue": 8861000000, "grossProfit": 6212000000, "grossProfitRatio": 0.4121276455, "researchAndDevelopmentExpenses": 0, "generalAndAdministrativeExpenses": 2005000000, "sellingAndMarketingExpenses": 0, "sellingGeneralAndAdministrativeExpenses": 2005000000, "otherExpenses": 483000000, "operatingExpenses": 2488000000, "costAndExpenses": 11349000000, "interestIncome": 35000000, "interestExpense": 799000000, "depreciationAndAmortization": 2565000000, "ebitda": 6278000000, "ebitdaratio": 0.4165063358, "operatingIncome": 3713000000, "operatingIncomeRatio": 0.2463345054, "totalOtherIncomeExpensesNet": -958000000, "incomeBeforeTax": 2755000000, "incomeBeforeTaxRatio": 0.1827771512, "incomeTaxExpense": 712000000, "netIncome": 2043000000, "netIncomeRatio": 0.1355403702, "eps": 3.99, "epsdiluted": 3.98, "weightedAverageShsOut": 512000000, "weightedAverageShsOutDil": 513000000, "link": null, "finalLink": null, "calculatedOtherExpenses": 494000000, "calculatedOperatingExpenses": 2499000000, "calculatedNetInterest": -764000000, "calculatedOtherIncome": -194000000, "calculatedIncomeNonControlling": 0, "calculatedEbitda": 6278000000}, {"date": "2018-12-31", "symbol": "RCI", "reportedCurrency": "CAD", "cik": "0000733099", "fillingDate": "2019-03-07", "acceptedDate": "2019-03-06 17:43:23", "calendarYear": "2018", "period": "FY", "revenue": 15096000000, "costOfRevenue": 9113000000, "grossProfit": 5983000000, "grossProfitRatio": 0.3963301537, "researchAndDevelopmentExpenses": 0, "generalAndAdministrativeExpenses": 2089000000, "sellingAndMarketingExpenses": 0, "sellingGeneralAndAdministrativeExpenses": 2089000000, "otherExpenses": 2211000000, "operatingExpenses": 2211000000, "costAndExpenses": 11324000000, "interestIncome": 0, "interestExpense": 703000000, "depreciationAndAmortization": 2269000000, "ebitda": 6020000000, "ebitdaratio": 0.3987811341, "operatingIncome": 3772000000, "operatingIncomeRatio": 0.2498675146, "totalOtherIncomeExpensesNet": -231000000, "incomeBeforeTax": 2817000000, "incomeBeforeTaxRatio": 0.1866057234, "incomeTaxExpense": 758000000, "netIncome": 2059000000, "netIncomeRatio": 0.1363937467, "eps": 4, "epsdiluted": 4, "weightedAverageShsOut": 515000000, "weightedAverageShsOutDil": 515000000, "link": "https://www.sec.gov/Archives/edgar/data/733099/000073309919000008/0000733099-19-000008-index.html", "finalLink": "https://www.sec.gov/Archives/edgar/data/733099/000073309919000008/rci-12312018x40f.htm", "calculatedOtherExpenses": 122000000, "calculatedOperatingExpenses": 2211000000, "calculatedNetInterest": -703000000, "calculatedOtherIncome": -252000000, "calculatedIncomeNonControlling": 0, "calculatedEbitda": 6041000000}, {"date": "2017-12-31", "symbol": "RCI", "reportedCurrency": "CAD", "cik": "0000733099", "fillingDate": "2018-03-08", "acceptedDate": "2018-03-08 16:29:24", "calendarYear": "2017", "period": "FY", "revenue": 14143000000, "costOfRevenue": 8825000000, "grossProfit": 5318000000, "grossProfitRatio": 0.3760164039, "researchAndDevelopmentExpenses": 0, "generalAndAdministrativeExpenses": 2120000000, "sellingAndMarketingExpenses": 0, "sellingGeneralAndAdministrativeExpenses": 2120000000, "otherExpenses": 2142000000, "operatingExpenses": 2142000000, "costAndExpenses": 10967000000, "interestIncome": 0, "interestExpense": 734000000, "depreciationAndAmortization": 2206000000, "ebitda": 5376000000, "ebitdaratio": 0.3801173726, "operatingIncome": 3176000000, "operatingIncomeRatio": 0.2245633882, "totalOtherIncomeExpensesNet": -76000000, "incomeBeforeTax": 2346000000, "incomeBeforeTaxRatio": 0.1658771124, "incomeTaxExpense": 635000000, "netIncome": 1711000000, "netIncomeRatio": 0.120978576, "eps": 3.58, "epsdiluted": 3.57, "weightedAverageShsOut": 515000000, "weightedAverageShsOutDil": 515000000, "link": "https://www.sec.gov/Archives/edgar/data/733099/000073309918000006/0000733099-18-000006-index.html", "finalLink": "https://www.sec.gov/Archives/edgar/data/733099/000073309918000006/rci-12312017x40f.htm", "calculatedOtherExpenses": 22000000, "calculatedOperatingExpenses": 2142000000, "calculatedNetInterest": -734000000, "calculatedOtherIncome": -96000000, "calculatedIncomeNonControlling": 0, "calculatedEbitda": 5382000000}, {"date": "2016-12-31", "symbol": "RCI", "reportedCurrency": "CAD", "cik": "0000733099", "fillingDate": "2017-02-09", "acceptedDate": "2017-02-09 16:43:23", "calendarYear": "2016", "period": "FY", "revenue": 13702000000, "costOfRevenue": 8671000000, "grossProfit": 5031000000, "grossProfitRatio": 0.3671726755, "researchAndDevelopmentExpenses": 0, "generalAndAdministrativeExpenses": 2073000000, "sellingAndMarketingExpenses": 0, "sellingGeneralAndAdministrativeExpenses": 2073000000, "otherExpenses": 2276000000, "operatingExpenses": 2276000000, "costAndExpenses": 10947000000, "interestIncome": 0, "interestExpense": 749000000, "depreciationAndAmortization": 2347000000, "ebitda": 16049000000, "ebitdaratio": 1.1712888629, "operatingIncome": 2755000000, "operatingIncomeRatio": 0.2010655379, "totalOtherIncomeExpensesNet": -832000000, "incomeBeforeTax": 1159000000, "incomeBeforeTaxRatio": 0.0845861918, "incomeTaxExpense": 324000000, "netIncome": 835000000, "netIncomeRatio": 0.0609400088, "eps": 1.62, "epsdiluted": 1.62, "weightedAverageShsOut": 515000000, "weightedAverageShsOutDil": 517000000, "link": "https://www.sec.gov/Archives/edgar/data/733099/000073309917000010/0000733099-17-000010-index.html", "finalLink": "https://www.sec.gov/Archives/edgar/data/733099/000073309917000010/rci-12312016x40f.htm", "calculatedOtherExpenses": 203000000, "calculatedOperatingExpenses": 2276000000, "calculatedNetInterest": -749000000, "calculatedOtherIncome": -847000000, "calculatedIncomeNonControlling": 0, "calculatedEbitda": 5102000000}, {"date": "2015-12-31", "symbol": "RCI", "reportedCurrency": "CAD", "cik": "0000733099", "fillingDate": "2016-02-11", "acceptedDate": "2016-02-11 17:18:31", "calendarYear": "2015", "period": "FY", "revenue": 13414000000, "costOfRevenue": 8437000000, "grossProfit": 4977000000, "grossProfitRatio": 0.3710302669, "researchAndDevelopmentExpenses": 0, "generalAndAdministrativeExpenses": 1975000000, "sellingAndMarketingExpenses": 0, "sellingGeneralAndAdministrativeExpenses": 1975000000, "otherExpenses": 2277000000, "operatingExpenses": 2277000000, "costAndExpenses": 10714000000, "interestIncome": 0, "interestExpense": 743000000, "depreciationAndAmortization": 2364000000, "ebitda": 4952000000, "ebitdaratio": 0.3691665424, "operatingIncome": 2700000000, "operatingIncomeRatio": 0.2012822424, "totalOtherIncomeExpensesNet": -97000000, "incomeBeforeTax": 1847000000, "incomeBeforeTaxRatio": 0.1376919636, "incomeTaxExpense": 466000000, "netIncome": 1381000000, "netIncomeRatio": 0.1029521396, "eps": 2.68, "epsdiluted": 2.67, "weightedAverageShsOut": 515000000, "weightedAverageShsOutDil": 517000000, "link": "https://www.sec.gov/Archives/edgar/data/733099/000119312516460082/0001193125-16-460082-index.html", "finalLink": "https://www.sec.gov/Archives/edgar/data/733099/000119312516460082/d63373d40f.htm", "calculatedOtherExpenses": 302000000, "calculatedOperatingExpenses": 2277000000, "calculatedNetInterest": -743000000, "calculatedOtherIncome": -110000000, "calculatedIncomeNonControlling": 0, "calculatedEbitda": 5064000000}, {"date": "2014-12-31", "symbol": "RCI", "reportedCurrency": "CAD", "cik": "0000733099", "fillingDate": "2014-12-31", "acceptedDate": "2014-12-30 19:00:00", "calendarYear": "2014", "period": "FY", "revenue": 12850000000, "costOfRevenue": 7868000000, "grossProfit": 4982000000, "grossProfitRatio": 0.3877042802, "researchAndDevelopmentExpenses": 0, "generalAndAdministrativeExpenses": 1940000000, "sellingAndMarketingExpenses": 0, "sellingGeneralAndAdministrativeExpenses": 1940000000, "otherExpenses": -1000000, "operatingExpenses": 2144000000, "costAndExpenses": 10012000000, "interestIncome": 0, "interestExpense": 763000000, "depreciationAndAmortization": 2210000000, "ebitda": 5035000000, "ebitdaratio": 0.3918287938, "operatingIncome": 2838000000, "operatingIncomeRatio": 0.2208560311, "totalOtherIncomeExpensesNet": -216000000, "incomeBeforeTax": 1847000000, "incomeBeforeTaxRatio": 0.1437354086, "incomeTaxExpense": 506000000, "netIncome": 1341000000, "netIncomeRatio": 0.1043579767, "eps": 2.6, "epsdiluted": 2.56, "weightedAverageShsOut": 515000000, "weightedAverageShsOutDil": 517000000, "link": "", "finalLink": "", "calculatedOtherExpenses": 204000000, "calculatedOperatingExpenses": 2144000000, "calculatedNetInterest": -763000000, "calculatedOtherIncome": -228000000, "calculatedIncomeNonControlling": 0, "calculatedEbitda": 5048000000}, {"date": "2013-12-31", "symbol": "RCI", "reportedCurrency": "CAD", "cik": "0000733099", "fillingDate": "2014-02-14", "acceptedDate": "2014-02-13 19:00:00", "calendarYear": "2013", "period": "FY", "revenue": 12706000000, "costOfRevenue": 7797000000, "grossProfit": 4909000000, "grossProfitRatio": 0.3863529041, "researchAndDevelopmentExpenses": 0, "generalAndAdministrativeExpenses": 1940000000, "sellingAndMarketingExpenses": 0, "sellingGeneralAndAdministrativeExpenses": 1940000000, "otherExpenses": 81000000, "operatingExpenses": 1898000000, "costAndExpenses": 9695000000, "interestIncome": 0, "interestExpense": 723000000, "depreciationAndAmortization": 1950000000, "ebitda": 5030000000, "ebitdaratio": 0.3958759641, "operatingIncome": 2926000000, "operatingIncomeRatio": 0.2302849048, "totalOtherIncomeExpensesNet": -11000000, "incomeBeforeTax": 2265000000, "incomeBeforeTaxRatio": 0.1782622383, "incomeTaxExpense": 596000000, "netIncome": 1669000000, "netIncomeRatio": 0.1313552652, "eps": 3.24, "epsdiluted": 3.22, "weightedAverageShsOut": 515000000, "weightedAverageShsOutDil": 518000000, "link": "", "finalLink": "", "calculatedOtherExpenses": 43000000, "calculatedOperatingExpenses": 1983000000, "calculatedNetInterest": -723000000, "calculatedOtherIncome": 62000000, "calculatedIncomeNonControlling": 0, "calculatedEbitda": 4876000000}, {"date": "2012-12-31", "symbol": "RCI", "reportedCurrency": "CAD", "cik": "0000733099", "fillingDate": "2013-02-22", "acceptedDate": "2013-02-22 13:28:01", "calendarYear": "2012", "period": "FY", "revenue": 12486000000, "costOfRevenue": 7729000000, "grossProfit": 4757000000, "grossProfitRatio": 0.3809867051, "researchAndDevelopmentExpenses": 0, "generalAndAdministrativeExpenses": 1813000000, "sellingAndMarketingExpenses": 0, "sellingGeneralAndAdministrativeExpenses": 1813000000, "otherExpenses": 15000000, "operatingExpenses": 1819000000, "costAndExpenses": 9548000000, "interestIncome": 0, "interestExpense": 663000000, "depreciationAndAmortization": 1892000000, "ebitda": 5071000000, "ebitdaratio": 0.4061348711, "operatingIncome": 2766000000, "operatingIncomeRatio": 0.2215281115, "totalOtherIncomeExpensesNet": 86000000, "incomeBeforeTax": 2352000000, "incomeBeforeTaxRatio": 0.1883709755, "incomeTaxExpense": 620000000, "netIncome": 1700000000, "netIncomeRatio": 0.1361524908, "eps": 3.28, "epsdiluted": 3.26, "weightedAverageShsOut": 519000000, "weightedAverageShsOutDil": 522000000, "link": "https://www.sec.gov/Archives/edgar/data/733099/000119312513071107/0001193125-13-071107-index.html", "finalLink": "https://www.sec.gov/Archives/edgar/data/733099/000119312513071107/d492051d40f.htm", "calculatedOtherExpenses": 178000000, "calculatedOperatingExpenses": 1991000000, "calculatedNetInterest": -663000000, "calculatedOtherIncome": 249000000, "calculatedIncomeNonControlling": 32000000, "calculatedEbitda": 4658000000}, {"date": "2011-12-31", "symbol": "RCI", "reportedCurrency": "CAD", "cik": "0000733099", "fillingDate": "2012-02-24", "acceptedDate": "2012-02-24 07:43:24", "calendarYear": "2011", "period": "FY", "revenue": 12428000000, "costOfRevenue": 7787000000, "grossProfit": 4641000000, "grossProfitRatio": 0.3734309623, "researchAndDevelopmentExpenses": 0, "generalAndAdministrativeExpenses": 0, "sellingAndMarketingExpenses": 0, "sellingGeneralAndAdministrativeExpenses": 0, "otherExpenses": 1743000000, "operatingExpenses": 1743000000, "costAndExpenses": 9530000000, "interestIncome": 0, "interestExpense": 639000000, "depreciationAndAmortization": 1800000000, "ebitda": 4606000000, "ebitdaratio": 0.3706147409, "operatingIncome": 2898000000, "operatingIncomeRatio": 0.2331831349, "totalOtherIncomeExpensesNet": -62000000, "incomeBeforeTax": 2098000000, "incomeBeforeTaxRatio": 0.1688123592, "incomeTaxExpense": 535000000, "netIncome": 1563000000, "netIncomeRatio": 0.125764403, "eps": 2.88, "epsdiluted": 2.86, "weightedAverageShsOut": 543000000, "weightedAverageShsOutDil": 547000000, "link": "https://www.sec.gov/Archives/edgar/data/733099/000119312512076762/0001193125-12-076762-index.html", "finalLink": "https://www.sec.gov/Archives/edgar/data/733099/000119312512076762/d306189d40f.htm", "calculatedOtherExpenses": 1743000000, "calculatedOperatingExpenses": 1743000000, "calculatedNetInterest": -639000000, "calculatedOtherIncome": -161000000, "calculatedIncomeNonControlling": 0, "calculatedEbitda": 4698000000}, {"date": "2010-12-31", "symbol": "RCI", "reportedCurrency": "CAD", "cik": "0000733099", "fillingDate": "2011-02-28", "acceptedDate": "2011-02-28 11:03:35", "calendarYear": "2010", "period": "FY", "revenue": 12186000000, "costOfRevenue": 1520000000, "grossProfit": 10666000000, "grossProfitRatio": 0.8752666995, "researchAndDevelopmentExpenses": 0, "generalAndAdministrativeExpenses": 4847000000, "sellingAndMarketingExpenses": 1227000000, "sellingGeneralAndAdministrativeExpenses": 6074000000, "otherExpenses": 1645000000, "operatingExpenses": 7719000000, "costAndExpenses": 9239000000, "interestIncome": 0, "interestExpense": 669000000, "depreciationAndAmortization": 1866000000, "ebitda": 4813000000, "ebitdaratio": 0.3949614312, "operatingIncome": 2947000000, "operatingIncomeRatio": 0.2418348925, "totalOtherIncomeExpensesNet": -140000000, "incomeBeforeTax": 2138000000, "incomeBeforeTaxRatio": 0.1754472345, "incomeTaxExpense": 610000000, "netIncome": 1528000000, "netIncomeRatio": 0.1253897916, "eps": 2.61, "epsdiluted": 2.59, "weightedAverageShsOut": 576000000, "weightedAverageShsOutDil": 580000000, "link": "https://www.sec.gov/Archives/edgar/data/733099/000127956911000254/0001279569-11-000254-index.html", "finalLink": "https://www.sec.gov/Archives/edgar/data/733099/000127956911000254/rogers40f.htm", "calculatedOtherExpenses": 1645000000, "calculatedOperatingExpenses": 7719000000, "calculatedNetInterest": -669000000, "calculatedOtherIncome": -140000000, "calculatedIncomeNonControlling": 0, "calculatedEbitda": 4813000000}, {"date": "2009-12-31", "symbol": "RCI", "reportedCurrency": "CAD", "cik": "0000733099", "fillingDate": "2010-02-26", "acceptedDate": "2010-02-26 16:57:06", "calendarYear": "2009", "period": "FY", "revenue": 11731000000, "costOfRevenue": 1380000000, "grossProfit": 10351000000, "grossProfitRatio": 0.8823629699, "researchAndDevelopmentExpenses": 0, "generalAndAdministrativeExpenses": 4681000000, "sellingAndMarketingExpenses": 1207000000, "sellingGeneralAndAdministrativeExpenses": 5888000000, "otherExpenses": 1760000000, "operatingExpenses": 7648000000, "costAndExpenses": 9028000000, "interestIncome": 0, "interestExpense": 647000000, "depreciationAndAmortization": 1904000000, "ebitda": 4607000000, "ebitdaratio": 0.3927201432, "operatingIncome": 2703000000, "operatingIncomeRatio": 0.2304151394, "totalOtherIncomeExpensesNet": -76000000, "incomeBeforeTax": 1980000000, "incomeBeforeTaxRatio": 0.1687835649, "incomeTaxExpense": 502000000, "netIncome": 1478000000, "netIncomeRatio": 0.1259909641, "eps": 2.38, "epsdiluted": 2.38, "weightedAverageShsOut": 621000000, "weightedAverageShsOutDil": 621000000, "link": "https://www.sec.gov/Archives/edgar/data/733099/000127956910000228/0001279569-10-000228-index.html", "finalLink": "https://www.sec.gov/Archives/edgar/data/733099/000127956910000228/rogers40f.htm", "calculatedOtherExpenses": 1760000000, "calculatedOperatingExpenses": 7648000000, "calculatedNetInterest": -647000000, "calculatedOtherIncome": -76000000, "calculatedIncomeNonControlling": 0, "calculatedEbitda": 4607000000}, {"date": "2008-12-31", "symbol": "RCI", "reportedCurrency": "CAD", "cik": "0000733099", "fillingDate": "2009-02-27", "acceptedDate": "2009-02-27 17:04:02", "calendarYear": "2008", "period": "FY", "revenue": 11335000000, "costOfRevenue": 1303000000, "grossProfit": 10032000000, "grossProfitRatio": 0.8850463167, "researchAndDevelopmentExpenses": 0, "generalAndAdministrativeExpenses": 4569000000, "sellingAndMarketingExpenses": 1334000000, "sellingGeneralAndAdministrativeExpenses": 5903000000, "otherExpenses": 1760000000, "operatingExpenses": 7663000000, "costAndExpenses": 8966000000, "interestIncome": 0, "interestExpense": 575000000, "depreciationAndAmortization": 1906000000, "ebitda": 4224000000, "ebitdaratio": 0.3726510807, "operatingIncome": 2369000000, "operatingIncomeRatio": 0.2089986767, "totalOtherIncomeExpensesNet": -317000000, "incomeBeforeTax": 1426000000, "incomeBeforeTaxRatio": 0.1258050287, "incomeTaxExpense": 424000000, "netIncome": 1002000000, "netIncomeRatio": 0.0883987649, "eps": 1.57, "epsdiluted": 1.57, "weightedAverageShsOut": 638216561, "weightedAverageShsOutDil": 638216561, "link": "https://www.sec.gov/Archives/edgar/data/733099/000127956909000263/0001279569-09-000263-index.html", "finalLink": "https://www.sec.gov/Archives/edgar/data/733099/000127956909000263/rogers40f23702.htm", "calculatedOtherExpenses": 1760000000, "calculatedOperatingExpenses": 7663000000, "calculatedNetInterest": -575000000, "calculatedOtherIncome": -368000000, "calculatedIncomeNonControlling": 0, "calculatedEbitda": 4275000000}, {"date": "2007-12-31", "symbol": "RCI", "reportedCurrency": "CAD", "cik": "0000733099", "fillingDate": "2007-12-31", "acceptedDate": "2007-12-30 19:00:00", "calendarYear": "2007", "period": "FY", "revenue": 10123150263, "costOfRevenue": 961366571, "grossProfit": 9161783692, "grossProfitRatio": 0.9050328657, "researchAndDevelopmentExpenses": 0, "generalAndAdministrativeExpenses": 0, "sellingAndMarketingExpenses": 0, "sellingGeneralAndAdministrativeExpenses": 6025424570, "otherExpenses": 7628364286, "operatingExpenses": 7628364286, "costAndExpenses": 8589730857, "interestIncome": 0, "interestExpense": 0, "depreciationAndAmortization": 1689343530, "ebitda": 3291290099, "ebitdaratio": 0.3251250859, "operatingIncome": 1533419406, "operatingIncomeRatio": 0.1514765035, "totalOtherIncomeExpensesNet": -68527163, "incomeBeforeTax": 885887377, "incomeBeforeTaxRatio": 0.087511037, "incomeTaxExpense": 249279968, "netIncome": 636607409, "netIncomeRatio": 0.0628862945, "eps": 1, "epsdiluted": 0.99, "weightedAverageShsOut": 638000000, "weightedAverageShsOutDil": 642000000, "link": "", "finalLink": "", "calculatedOtherExpenses": 1602939716, "calculatedOperatingExpenses": 7628364286, "calculatedNetInterest": 0, "calculatedOtherIncome": -647532029, "calculatedIncomeNonControlling": 0, "calculatedEbitda": 3222762936}, {"date": "2006-12-31", "symbol": "RCI", "reportedCurrency": "CAD", "cik": "0000733099", "fillingDate": "2006-12-31", "acceptedDate": "2006-12-30 19:00:00", "calendarYear": "2006", "period": "FY", "revenue": 8838000000, "costOfRevenue": 956000000, "grossProfit": 7882000000, "grossProfitRatio": 0.8918307309, "researchAndDevelopmentExpenses": 0, "generalAndAdministrativeExpenses": 0, "sellingAndMarketingExpenses": 0, "sellingGeneralAndAdministrativeExpenses": 4989000000, "otherExpenses": 6573000000, "operatingExpenses": 6573000000, "costAndExpenses": 7529000000, "interestIncome": 0, "interestExpense": 620000000, "depreciationAndAmortization": 1584000000, "ebitda": 2893000000, "ebitdaratio": 0.3273365015, "operatingIncome": 1309000000, "operatingIncomeRatio": 0.1481104322, "totalOtherIncomeExpensesNet": -11000000, "incomeBeforeTax": 678000000, "incomeBeforeTaxRatio": 0.0767141887, "incomeTaxExpense": 56000000, "netIncome": 622000000, "netIncomeRatio": 0.0703779136, "eps": 0.99, "epsdiluted": 0.97, "weightedAverageShsOut": 631800000, "weightedAverageShsOutDil": 641900000, "link": "", "finalLink": "", "calculatedOtherExpenses": 1584000000, "calculatedOperatingExpenses": 6573000000, "calculatedNetInterest": -620000000, "calculatedOtherIncome": -11000000, "calculatedIncomeNonControlling": 0, "calculatedEbitda": 2893000000}, {"date": "2005-12-31", "symbol": "RCI", "reportedCurrency": "CAD", "cik": "0000733099", "fillingDate": "2005-12-31", "acceptedDate": "2005-12-30 19:00:00", "calendarYear": "2005", "period": "FY", "revenue": 7482153739, "costOfRevenue": 1296148389, "grossProfit": 6186005350, "grossProfitRatio": 0.826768009, "researchAndDevelopmentExpenses": 0, "generalAndAdministrativeExpenses": 0, "sellingAndMarketingExpenses": 0, "sellingGeneralAndAdministrativeExpenses": 4042437493, "otherExpenses": 5520447726, "operatingExpenses": 5520447726, "costAndExpenses": 6816596115, "interestIncome": 0, "interestExpense": 0, "depreciationAndAmortization": 1478011397, "ebitda": 2141551345, "ebitdaratio": 0.2862212432, "operatingIncome": 665557624, "operatingIncomeRatio": 0.0889526796, "totalOtherIncomeExpensesNet": 2017676, "incomeBeforeTax": -42502617, "incomeBeforeTaxRatio": -0.0056805324, "incomeTaxExpense": 2154902, "netIncome": -44657518, "netIncomeRatio": -0.0059685379, "eps": -0.0774, "epsdiluted": -0.0774, "weightedAverageShsOut": 577300000, "weightedAverageShsOutDil": 577300000, "link": "", "finalLink": "", "calculatedOtherExpenses": 1478010233, "calculatedOperatingExpenses": 5520447726, "calculatedNetInterest": 0, "calculatedOtherIncome": -708060241, "calculatedIncomeNonControlling": -1, "calculatedEbitda": 2143569021}, {"date": "2004-12-31", "symbol": "RCI", "reportedCurrency": "CAD", "cik": "0000733099", "fillingDate": "2005-03-18", "acceptedDate": "2005-03-17 19:00:00", "calendarYear": "2004", "period": "FY", "revenue": 5608249340, "costOfRevenue": 797856971, "grossProfit": 4810392369, "grossProfitRatio": 0.8577351108, "researchAndDevelopmentExpenses": 0, "generalAndAdministrativeExpenses": 0, "sellingAndMarketingExpenses": 0, "sellingGeneralAndAdministrativeExpenses": 3076251500, "otherExpenses": 4168802496, "operatingExpenses": 4168802496, "costAndExpenses": 4966659467, "interestIncome": 0, "interestExpense": 0, "depreciationAndAmortization": 1092550996, "ebitda": 1783846893, "ebitdaratio": 0.3180755321, "operatingIncome": 641589873, "operatingIncomeRatio": 0.1144010963, "totalOtherIncomeExpensesNet": -49706024, "incomeBeforeTax": 69810415, "incomeBeforeTaxRatio": 0.0124478087, "incomeTaxExpense": 3447324, "netIncome": -13218143, "netIncomeRatio": -0.0023569107, "eps": -0.0277, "epsdiluted": -0.0277, "weightedAverageShsOut": 477004000, "weightedAverageShsOutDil": 477004000, "link": "https://www.sec.gov/Archives/edgar/data/733099/000095012305003357/y06938exv99w3.htm", "finalLink": "https://www.sec.gov/Archives/edgar/data/733099/000095012305003357/y06938exv99w3.htm", "calculatedOtherExpenses": 1092550996, "calculatedOperatingExpenses": 4168802496, "calculatedNetInterest": 0, "calculatedOtherIncome": -571779458, "calculatedIncomeNonControlling": 79581234, "calculatedEbitda": 1734140869}, {"date": "2003-12-31", "symbol": "RCI", "reportedCurrency": "CAD", "cik": "0000733099", "fillingDate": "2004-05-19", "acceptedDate": "2004-05-18 20:00:00", "calendarYear": "2003", "period": "FY", "revenue": 4847363133, "costOfRevenue": 505951307, "grossProfit": 4341411826, "grossProfitRatio": 0.895623395, "researchAndDevelopmentExpenses": 0, "generalAndAdministrativeExpenses": 0, "sellingAndMarketingExpenses": 0, "sellingGeneralAndAdministrativeExpenses": 2892515780, "otherExpenses": 3932778565, "operatingExpenses": 3932778565, "costAndExpenses": 4438729872, "interestIncome": 0, "interestExpense": 0, "depreciationAndAmortization": 1040262785, "ebitda": 1203903131, "ebitdaratio": 0.2483624804, "operatingIncome": 408633261, "operatingIncomeRatio": 0.0843001132, "totalOtherIncomeExpensesNet": 244992915, "incomeBeforeTax": 164761046, "incomeBeforeTaxRatio": 0.0339898294, "incomeTaxExpense": -22857143, "netIncome": 129193611, "netIncomeRatio": 0.0266523484, "eps": 0.18, "epsdiluted": 0.17, "weightedAverageShsOut": 453477114, "weightedAverageShsOutDil": 466814676, "link": "https://www.sec.gov/Archives/edgar/data/733099/000095012304006579/y97599exv99w1.htm", "finalLink": "https://www.sec.gov/Archives/edgar/data/733099/000095012304006579/y97599exv99w1.htm", "calculatedOtherExpenses": 1040262785, "calculatedOperatingExpenses": 3932778565, "calculatedNetInterest": 0, "calculatedOtherIncome": -243872215, "calculatedIncomeNonControlling": 58424578, "calculatedEbitda": 1448896046}, {"date": "2002-12-31", "symbol": "RCI", "reportedCurrency": "CAD", "cik": "0000733099", "fillingDate": "2002-12-31", "acceptedDate": "2002-12-30 19:00:00", "calendarYear": "2002", "period": "FY", "revenue": 4323045326, "costOfRevenue": 3181430595, "grossProfit": 1141614731, "grossProfitRatio": 0.264076512, "researchAndDevelopmentExpenses": 0, "generalAndAdministrativeExpenses": 0, "sellingAndMarketingExpenses": 0, "sellingGeneralAndAdministrativeExpenses": 0, "otherExpenses": 974977967, "operatingExpenses": 974977967, "costAndExpenses": 4156408562, "interestIncome": 0, "interestExpense": 0, "depreciationAndAmortization": 981457350, "ebitda": 620900220, "ebitdaratio": 0.1436256558, "operatingIncome": 166636764, "operatingIncomeRatio": 0.0385461524, "totalOtherIncomeExpensesNet": 527193894, "incomeBeforeTax": 237302487, "incomeBeforeTaxRatio": 0.0548924356, "incomeTaxExpense": -74729304, "netIncome": 312031791, "netIncomeRatio": 0.0721786998, "eps": 0.53, "epsdiluted": 0.42, "weightedAverageShsOut": 497597314, "weightedAverageShsOutDil": 497597314, "link": "", "finalLink": "", "calculatedOtherExpenses": 974977967, "calculatedOperatingExpenses": 974977967, "calculatedNetInterest": 0, "calculatedOtherIncome": 70665723, "calculatedIncomeNonControlling": 0, "calculatedEbitda": 1148094114}, {"date": "2001-12-31", "symbol": "RCI", "reportedCurrency": "CAD", "cik": "0000733099", "fillingDate": "2001-12-31", "acceptedDate": "2001-12-30 19:00:00", "calendarYear": "2001", "period": "FY", "revenue": 3912655205, "costOfRevenue": 2960135307, "grossProfit": 952519898, "grossProfitRatio": 0.2434459077, "researchAndDevelopmentExpenses": 0, "generalAndAdministrativeExpenses": 0, "sellingAndMarketingExpenses": 0, "sellingGeneralAndAdministrativeExpenses": 0, "otherExpenses": 994431710, "operatingExpenses": 994431710, "costAndExpenses": 3954567017, "interestIncome": 0, "interestExpense": 0, "depreciationAndAmortization": 920916905, "ebitda": 961391276, "ebitdaratio": 0.2457132626, "operatingIncome": -41911812, "operatingIncomeRatio": -0.0107118593, "totalOtherIncomeExpensesNet": -82386183, "incomeBeforeTax": -391241643, "incomeBeforeTaxRatio": -0.0999938974, "incomeTaxExpense": 43049984, "netIncome": -434291627, "netIncomeRatio": -0.1109966517, "eps": -1.08, "epsdiluted": -1.08, "weightedAverageShsOut": 402559641, "weightedAverageShsOutDil": 402559641, "link": "", "finalLink": "", "calculatedOtherExpenses": 994431710, "calculatedOperatingExpenses": 994431710, "calculatedNetInterest": 0, "calculatedOtherIncome": -349329831, "calculatedIncomeNonControlling": 0, "calculatedEbitda": 879005093}, {"date": "2000-12-31", "symbol": "RCI", "reportedCurrency": "CAD", "cik": "0000733099", "fillingDate": "2000-12-31", "acceptedDate": "2000-12-30 19:00:00", "calendarYear": "2000", "period": "FY", "revenue": 3504247151, "costOfRevenue": 2586522196, "grossProfit": 917724955, "grossProfitRatio": 0.2618893347, "researchAndDevelopmentExpenses": 0, "generalAndAdministrativeExpenses": 0, "sellingAndMarketingExpenses": 0, "sellingGeneralAndAdministrativeExpenses": 0, "otherExpenses": 730778344, "operatingExpenses": 730778344, "costAndExpenses": 3317300540, "interestIncome": 0, "interestExpense": 0, "depreciationAndAmortization": 730778344, "ebitda": 591000300, "ebitdaratio": 0.1686525734, "operatingIncome": 186946611, "operatingIncomeRatio": 0.0533485804, "totalOtherIncomeExpensesNet": 326724655, "incomeBeforeTax": 188905218, "incomeBeforeTaxRatio": 0.0539075042, "incomeTaxExpense": 47462507, "netIncome": 141442711, "netIncomeRatio": 0.0403632235, "eps": 0.22, "epsdiluted": 0.21, "weightedAverageShsOut": 446556145, "weightedAverageShsOutDil": 467820724, "link": "", "finalLink": "", "calculatedOtherExpenses": 730778344, "calculatedOperatingExpenses": 730778344, "calculatedNetInterest": 0, "calculatedOtherIncome": 1958607, "calculatedIncomeNonControlling": 0, "calculatedEbitda": 917724955}, {"date": "1999-12-31", "symbol": "RCI", "reportedCurrency": "CAD", "cik": "0000733099", "fillingDate": "1999-12-31", "acceptedDate": "1999-12-30 19:00:00", "calendarYear": "1999", "period": "FY", "revenue": 3107783565, "costOfRevenue": 2213975694, "grossProfit": 893807871, "grossProfitRatio": 0.2876029982, "researchAndDevelopmentExpenses": 0, "generalAndAdministrativeExpenses": 0, "sellingAndMarketingExpenses": 0, "sellingGeneralAndAdministrativeExpenses": 0, "otherExpenses": 607494213, "operatingExpenses": 607494213, "costAndExpenses": 2821469907, "interestIncome": 0, "interestExpense": 0, "depreciationAndAmortization": 607494213, "ebitda": -140190972, "ebitdaratio": -0.0451096317, "operatingIncome": 286313658, "operatingIncomeRatio": 0.0921279272, "totalOtherIncomeExpensesNet": 1033998843, "incomeBeforeTax": 914062500, "incomeBeforeTaxRatio": 0.2941203854, "incomeTaxExpense": 73640046, "netIncome": 840422454, "netIncomeRatio": 0.2704250268, "eps": 2.15, "epsdiluted": 1.85, "weightedAverageShsOut": 379610000, "weightedAverageShsOutDil": 462758000, "link": "", "finalLink": "", "calculatedOtherExpenses": 607494213, "calculatedOperatingExpenses": 607494213, "calculatedNetInterest": 0, "calculatedOtherIncome": 627748842, "calculatedIncomeNonControlling": 0, "calculatedEbitda": 893807871}, {"date": "1998-12-31", "symbol": "RCI", "reportedCurrency": "CAD", "cik": "0000733099", "fillingDate": "1998-12-31", "acceptedDate": "1998-12-30 19:00:00", "calendarYear": "1998", "period": "FY", "revenue": 2839164087, "costOfRevenue": 1984055728, "grossProfit": 855108359, "grossProfitRatio": 0.3011831415, "researchAndDevelopmentExpenses": 0, "generalAndAdministrativeExpenses": 0, "sellingAndMarketingExpenses": 0, "sellingGeneralAndAdministrativeExpenses": 0, "otherExpenses": 569659443, "operatingExpenses": 569659443, "costAndExpenses": 2553715171, "interestIncome": 0, "interestExpense": 0, "depreciationAndAmortization": 569659443, "ebitda": -9442725, "ebitdaratio": -0.0033258821, "operatingIncome": 285448916, "operatingIncomeRatio": 0.1005397741, "totalOtherIncomeExpensesNet": 864551084, "incomeBeforeTax": 625386997, "incomeBeforeTaxRatio": 0.2202715228, "incomeTaxExpense": -9442724, "netIncome": 634829721, "netIncomeRatio": 0.2235974046, "eps": 1.7, "epsdiluted": 1.46, "weightedAverageShsOut": 357160000, "weightedAverageShsOutDil": 414245727, "link": "", "finalLink": "", "calculatedOtherExpenses": 569659443, "calculatedOperatingExpenses": 569659443, "calculatedNetInterest": 0, "calculatedOtherIncome": 339938081, "calculatedIncomeNonControlling": 0, "calculatedEbitda": 855108359}, {"date": "1997-12-31", "symbol": "RCI", "reportedCurrency": "CAD", "cik": "0000733099", "fillingDate": "1997-12-31", "acceptedDate": "1997-12-30 19:00:00", "calendarYear": "1997", "period": "FY", "revenue": 2695353824, "costOfRevenue": 1860042888, "grossProfit": 835310936, "grossProfitRatio": 0.3099077118, "researchAndDevelopmentExpenses": 0, "generalAndAdministrativeExpenses": 0, "sellingAndMarketingExpenses": 0, "sellingGeneralAndAdministrativeExpenses": 21157970, "otherExpenses": 533809864, "operatingExpenses": 533809864, "costAndExpenses": 2393852752, "interestIncome": 0, "interestExpense": 0, "depreciationAndAmortization": 512651894, "ebitda": 1253037884, "ebitdaratio": 0.4648880874, "operatingIncome": 301501072, "operatingIncomeRatio": 0.1118595523, "totalOtherIncomeExpensesNet": -438884918, "incomeBeforeTax": -620014296, "incomeBeforeTaxRatio": -0.2300307627, "incomeTaxExpense": -80629021, "netIncome": -539385275, "netIncomeRatio": -0.2001166861, "eps": -1.52, "epsdiluted": -1.52, "weightedAverageShsOut": 355951386, "weightedAverageShsOutDil": 355951386, "link": "", "finalLink": "", "calculatedOtherExpenses": 512651894, "calculatedOperatingExpenses": 533809864, "calculatedNetInterest": 0, "calculatedOtherIncome": -921515368, "calculatedIncomeNonControlling": 0, "calculatedEbitda": 814152966}, {"date": "1996-12-31", "symbol": "RCI", "reportedCurrency": "CAD", "cik": "0000733099", "fillingDate": "1996-12-31", "acceptedDate": "1996-12-30 19:00:00", "calendarYear": "1996", "period": "FY", "revenue": 2482938194, "costOfRevenue": 1780183637, "grossProfit": 702754557, "grossProfitRatio": 0.2830334475, "researchAndDevelopmentExpenses": 0, "generalAndAdministrativeExpenses": 0, "sellingAndMarketingExpenses": 0, "sellingGeneralAndAdministrativeExpenses": 18774839, "otherExpenses": 473756338, "operatingExpenses": 473756338, "costAndExpenses": 2253939975, "interestIncome": 0, "interestExpense": 0, "depreciationAndAmortization": 454981499, "ebitda": 744415514, "ebitdaratio": 0.2998123416, "operatingIncome": 228998219, "operatingIncomeRatio": 0.092228723, "totalOtherIncomeExpensesNet": -60435796, "incomeBeforeTax": -302041935, "incomeBeforeTaxRatio": -0.1216469809, "incomeTaxExpense": -44401809, "netIncome": -278333562, "netIncomeRatio": -0.1120984657, "eps": -0.86, "epsdiluted": -0.86, "weightedAverageShsOut": 322328128, "weightedAverageShsOutDil": 322328128, "link": "", "finalLink": "", "calculatedOtherExpenses": 454981499, "calculatedOperatingExpenses": 473756338, "calculatedNetInterest": 0, "calculatedOtherIncome": -531040154, "calculatedIncomeNonControlling": 20693436, "calculatedEbitda": 683979718}, {"date": "1995-12-31", "symbol": "RCI", "reportedCurrency": "CAD", "cik": "0000733099", "fillingDate": "1995-12-31", "acceptedDate": "1995-12-30 19:00:00", "calendarYear": "1995", "period": "FY", "revenue": 2693482411, "costOfRevenue": 1940278157, "grossProfit": 753204254, "grossProfitRatio": 0.2796395666, "researchAndDevelopmentExpenses": 0, "generalAndAdministrativeExpenses": 0, "sellingAndMarketingExpenses": 0, "sellingGeneralAndAdministrativeExpenses": 22497955, "otherExpenses": 452822471, "operatingExpenses": 452822471, "costAndExpenses": 2393100628, "interestIncome": 0, "interestExpense": 0, "depreciationAndAmortization": 430324516, "ebitda": 881647123, "ebitdaratio": 0.3273261111, "operatingIncome": 300381783, "operatingIncomeRatio": 0.1115217169, "totalOtherIncomeExpensesNet": -150940824, "incomeBeforeTax": -285519498, "incomeBeforeTaxRatio": -0.1060038472, "incomeTaxExpense": -2181620, "netIncome": -283337878, "netIncomeRatio": -0.1051938846, "eps": -0.89, "epsdiluted": -0.89, "weightedAverageShsOut": 317177551, "weightedAverageShsOutDil": 317177551, "link": "", "finalLink": "", "calculatedOtherExpenses": 430324516, "calculatedOperatingExpenses": 452822471, "calculatedNetInterest": 0, "calculatedOtherIncome": -585901281, "calculatedIncomeNonControlling": 0, "calculatedEbitda": 730706299}, {"date": "1994-12-31", "symbol": "RCI", "reportedCurrency": "CAD", "cik": "0000733099", "fillingDate": "1994-12-31", "acceptedDate": "1994-12-30 19:00:00", "calendarYear": "1994", "period": "FY", "revenue": 2250245476, "costOfRevenue": 1520269322, "grossProfit": 729976154, "grossProfitRatio": 0.3243984542, "researchAndDevelopmentExpenses": 0, "generalAndAdministrativeExpenses": 0, "sellingAndMarketingExpenses": 0, "sellingGeneralAndAdministrativeExpenses": 18796465, "otherExpenses": 411137607, "operatingExpenses": 411137607, "costAndExpenses": 1931406929, "interestIncome": 0, "interestExpense": 0, "depreciationAndAmortization": 392341142, "ebitda": 795623510, "ebitdaratio": 0.353571874, "operatingIncome": 318838547, "operatingIncomeRatio": 0.1416905624, "totalOtherIncomeExpensesNet": -84443821, "incomeBeforeTax": -135643147, "incomeBeforeTaxRatio": -0.0602792666, "incomeTaxExpense": 32402862, "netIncome": -168046009, "netIncomeRatio": -0.0746789676, "eps": -0.57, "epsdiluted": -0.57, "weightedAverageShsOut": 295824401, "weightedAverageShsOutDil": 295824401, "link": "", "finalLink": "", "calculatedOtherExpenses": 392341142, "calculatedOperatingExpenses": 411137607, "calculatedNetInterest": 0, "calculatedOtherIncome": -454481694, "calculatedIncomeNonControlling": 0, "calculatedEbitda": 711179689}]}