{"originalCurrency": "USD", "convertedCurrency": "USD", "report": [{"date": "2023-12-31", "symbol": "RCM", "reportedCurrency": "USD", "cik": "0001910851", "fillingDate": "2024-02-27", "acceptedDate": "2024-02-27 09:08:15", "calendarYear": "2023", "period": "FY", "revenue": 2254200000, "costOfRevenue": 1769700000, "grossProfit": 484500000, "grossProfitRatio": 0.2149321267, "researchAndDevelopmentExpenses": 0, "generalAndAdministrativeExpenses": 0, "sellingAndMarketingExpenses": 0, "sellingGeneralAndAdministrativeExpenses": 220000000, "otherExpenses": -22800000, "operatingExpenses": 220000000, "costAndExpenses": 1989700000, "interestIncome": 0, "interestExpense": 126900000, "depreciationAndAmortization": 278300000, "ebitda": 519000000, "ebitdaratio": 0.2302368911, "operatingIncome": 147900000, "operatingIncomeRatio": 0.0656108597, "totalOtherIncomeExpensesNet": -115600000, "incomeBeforeTax": 21000000, "incomeBeforeTaxRatio": 0.0093159436, "incomeTaxExpense": 17700000, "netIncome": 3300000, "netIncomeRatio": 0.001463934, "eps": 0.0079, "epsdiluted": 0.0073, "weightedAverageShsOut": 418587390, "weightedAverageShsOutDil": 454094374, "link": "https://www.sec.gov/Archives/edgar/data/1910851/000162828024007062/0001628280-24-007062-index.htm", "finalLink": "https://www.sec.gov/Archives/edgar/data/1910851/000162828024007062/ah-20231231.htm", "calculatedOtherExpenses": 116600000, "calculatedOperatingExpenses": 336600000, "calculatedNetInterest": -126900000, "calculatedOtherIncome": 0, "calculatedIncomeNonControlling": 0, "calculatedEbitda": 426200000}, {"date": "2022-12-31", "symbol": "RCM", "reportedCurrency": "USD", "cik": "0001910851", "fillingDate": "2023-02-16", "acceptedDate": "2023-02-16 17:00:19", "calendarYear": "2022", "period": "FY", "revenue": 1806400000, "costOfRevenue": 1445100000, "grossProfit": 361300000, "grossProfitRatio": 0.2000110717, "researchAndDevelopmentExpenses": 0, "generalAndAdministrativeExpenses": 0, "sellingAndMarketingExpenses": 0, "sellingGeneralAndAdministrativeExpenses": 174800000, "otherExpenses": -183500000, "operatingExpenses": 174800000, "costAndExpenses": 1619900000, "interestIncome": 64000000, "interestExpense": 64000000, "depreciationAndAmortization": 172000000, "ebitda": 175000000, "ebitdaratio": 0.0968777679, "operatingIncome": 3000000, "operatingIncomeRatio": 0.0016607617, "totalOtherIncomeExpensesNet": -64000000, "incomeBeforeTax": -61000000, "incomeBeforeTaxRatio": -0.033768822, "incomeTaxExpense": -3400000, "netIncome": -57600000, "netIncomeRatio": -0.0318866253, "eps": -0.16, "epsdiluted": -0.16, "weightedAverageShsOut": 352337767, "weightedAverageShsOutDil": 352337767, "link": "https://www.sec.gov/Archives/edgar/data/1910851/000162828023003926/0001628280-23-003926-index.htm", "finalLink": "https://www.sec.gov/Archives/edgar/data/1910851/000162828023003926/ah-20221231.htm", "calculatedOtherExpenses": 183500000, "calculatedOperatingExpenses": 358300000, "calculatedNetInterest": 0, "calculatedOtherIncome": -64000000, "calculatedIncomeNonControlling": 0, "calculatedEbitda": 175000000}, {"date": "2021-12-31", "symbol": "RCM", "reportedCurrency": "USD", "cik": "0001910851", "fillingDate": "2021-12-31", "acceptedDate": "2021-12-31 00:00:00", "calendarYear": "2021", "period": "FY", "revenue": 1474600000, "costOfRevenue": 1162800000, "grossProfit": 311800000, "grossProfitRatio": 0.2114471721, "researchAndDevelopmentExpenses": 0, "generalAndAdministrativeExpenses": 0, "sellingAndMarketingExpenses": 0, "sellingGeneralAndAdministrativeExpenses": 120000000, "otherExpenses": -46100000, "operatingExpenses": 120000000, "costAndExpenses": 1282800000, "interestIncome": 18900000, "interestExpense": 18900000, "depreciationAndAmortization": 77500000, "ebitda": 223200000, "ebitdaratio": 0.1513630815, "operatingIncome": 145700000, "operatingIncomeRatio": 0.098806456, "totalOtherIncomeExpensesNet": -18900000, "incomeBeforeTax": 126800000, "incomeBeforeTaxRatio": 0.0859894209, "incomeTaxExpense": 29600000, "netIncome": 87300000, "netIncomeRatio": 0.0592024956, "eps": -1.9, "epsdiluted": -1.9, "weightedAverageShsOut": 266183565, "weightedAverageShsOutDil": 266183565, "link": null, "finalLink": null, "calculatedOtherExpenses": 46100000, "calculatedOperatingExpenses": 166100000, "calculatedNetInterest": 0, "calculatedOtherIncome": -18900000, "calculatedIncomeNonControlling": 9900000, "calculatedEbitda": 223200000}, {"date": "2020-12-31", "symbol": "RCM", "reportedCurrency": "USD", "cik": "0001910851", "fillingDate": "2020-12-31", "acceptedDate": "2020-12-31 00:00:00", "calendarYear": "2020", "period": "FY", "revenue": 1270800000, "costOfRevenue": 1021100000, "grossProfit": 249700000, "grossProfitRatio": 0.1964903997, "researchAndDevelopmentExpenses": 0, "generalAndAdministrativeExpenses": 0, "sellingAndMarketingExpenses": 0, "sellingGeneralAndAdministrativeExpenses": 102400000, "otherExpenses": -67300000, "operatingExpenses": 102400000, "costAndExpenses": 1123500000, "interestIncome": 17300000, "interestExpense": 17300000, "depreciationAndAmortization": 68700000, "ebitda": 148700000, "ebitdaratio": 0.1170129053, "operatingIncome": 80000000, "operatingIncomeRatio": 0.0629524709, "totalOtherIncomeExpensesNet": 38400000, "incomeBeforeTax": 118400000, "incomeBeforeTaxRatio": 0.0931696569, "incomeTaxExpense": 1300000, "netIncome": 115200000, "netIncomeRatio": 0.0906515581, "eps": 0.41, "epsdiluted": 0.33, "weightedAverageShsOut": 115729645, "weightedAverageShsOutDil": 174573270, "link": null, "finalLink": null, "calculatedOtherExpenses": 67300000, "calculatedOperatingExpenses": 169700000, "calculatedNetInterest": 0, "calculatedOtherIncome": 38400000, "calculatedIncomeNonControlling": 1900000, "calculatedEbitda": 148700000}, {"date": "2019-12-31", "symbol": "RCM", "reportedCurrency": "USD", "cik": "0001910851", "fillingDate": "2019-12-31", "acceptedDate": "2019-12-31 00:00:00", "calendarYear": "2019", "period": "FY", "revenue": 1186100000, "costOfRevenue": 987800000, "grossProfit": 198300000, "grossProfitRatio": 0.1671865779, "researchAndDevelopmentExpenses": 0, "generalAndAdministrativeExpenses": 0, "sellingAndMarketingExpenses": 0, "sellingGeneralAndAdministrativeExpenses": 104400000, "otherExpenses": -36200000, "operatingExpenses": 104400000, "costAndExpenses": 1092200000, "interestIncome": 29100000, "interestExpense": 29100000, "depreciationAndAmortization": 55700000, "ebitda": 168400000, "ebitdaratio": 0.1419779108, "operatingIncome": 112700000, "operatingIncomeRatio": 0.0950172835, "totalOtherIncomeExpensesNet": -102900000, "incomeBeforeTax": 9800000, "incomeBeforeTaxRatio": 0.0082623725, "incomeTaxExpense": -2200000, "netIncome": 12000000, "netIncomeRatio": 0.0101171908, "eps": -0.078, "epsdiluted": -0.078, "weightedAverageShsOut": 111505993, "weightedAverageShsOutDil": 111505993, "link": null, "finalLink": null, "calculatedOtherExpenses": -18800000, "calculatedOperatingExpenses": 85600000, "calculatedNetInterest": 0, "calculatedOtherIncome": -102900000, "calculatedIncomeNonControlling": 0, "calculatedEbitda": 168400000}, {"date": "2018-12-31", "symbol": "RCM", "reportedCurrency": "USD", "cik": "0001910851", "fillingDate": "2019-02-22", "acceptedDate": "2019-02-22 16:51:09", "calendarYear": "2018", "period": "FY", "revenue": 868500000, "costOfRevenue": 770600000, "grossProfit": 97900000, "grossProfitRatio": 0.1127230858, "researchAndDevelopmentExpenses": 0, "generalAndAdministrativeExpenses": 0, "sellingAndMarketingExpenses": 0, "sellingGeneralAndAdministrativeExpenses": 97900000, "otherExpenses": -30400000, "operatingExpenses": 128300000, "costAndExpenses": 898900000, "interestIncome": 0, "interestExpense": -26300000, "depreciationAndAmortization": 38800000, "ebitda": 8400000, "ebitdaratio": 0.009671848, "operatingIncome": -30400000, "operatingIncomeRatio": -0.0350028785, "totalOtherIncomeExpensesNet": -30400000, "incomeBeforeTax": -56700000, "incomeBeforeTaxRatio": -0.0652849741, "incomeTaxExpense": -11400000, "netIncome": -45300000, "netIncomeRatio": -0.0521588946, "eps": -0.42, "epsdiluted": -0.42, "weightedAverageShsOut": 107333512, "weightedAverageShsOutDil": 108175159, "link": "https://www.sec.gov/Archives/edgar/data/1472595/000162828019001770/0001628280-19-001770-index.html", "finalLink": "https://www.sec.gov/Archives/edgar/data/1472595/000162828019001770/a201810k.htm", "calculatedOtherExpenses": 30400000, "calculatedOperatingExpenses": 128300000, "calculatedNetInterest": 26300000, "calculatedOtherIncome": -52600000, "calculatedIncomeNonControlling": 0, "calculatedEbitda": 8400000}, {"date": "2017-12-31", "symbol": "RCM", "reportedCurrency": "USD", "cik": "0001910851", "fillingDate": "2018-03-09", "acceptedDate": "2018-03-09 09:20:37", "calendarYear": "2017", "period": "FY", "revenue": 449800000, "costOfRevenue": 416300000, "grossProfit": 33500000, "grossProfitRatio": 0.0744775456, "researchAndDevelopmentExpenses": 0, "generalAndAdministrativeExpenses": 56300000, "sellingAndMarketingExpenses": 0, "sellingGeneralAndAdministrativeExpenses": 56300000, "otherExpenses": -4700000, "operatingExpenses": 61000000, "costAndExpenses": 477300000, "interestIncome": 0, "interestExpense": 200000, "depreciationAndAmortization": 16300000, "ebitda": -11200000, "ebitdaratio": -0.0248999555, "operatingIncome": -27500000, "operatingIncomeRatio": -0.0611382837, "totalOtherIncomeExpensesNet": -4700000, "incomeBeforeTax": -27300000, "incomeBeforeTaxRatio": -0.0606936416, "incomeTaxExpense": 31500000, "netIncome": -58800000, "netIncomeRatio": -0.1307247666, "eps": -0.58, "epsdiluted": -0.58, "weightedAverageShsOut": 102000136, "weightedAverageShsOutDil": 102062051, "link": "https://www.sec.gov/Archives/edgar/data/1472595/000147259518000023/0001472595-18-000023-index.html", "finalLink": "https://www.sec.gov/Archives/edgar/data/1472595/000147259518000023/a201710k.htm", "calculatedOtherExpenses": 4700000, "calculatedOperatingExpenses": 61000000, "calculatedNetInterest": -200000, "calculatedOtherIncome": 400000, "calculatedIncomeNonControlling": 0, "calculatedEbitda": -11200000}, {"date": "2016-12-31", "symbol": "RCM", "reportedCurrency": "USD", "cik": "0001910851", "fillingDate": "2017-03-01", "acceptedDate": "2017-03-01 16:24:36", "calendarYear": "2016", "period": "FY", "revenue": 592557000, "costOfRevenue": 199697000, "grossProfit": 392860000, "grossProfitRatio": 0.6629910709, "researchAndDevelopmentExpenses": 0, "generalAndAdministrativeExpenses": 0, "sellingAndMarketingExpenses": 0, "sellingGeneralAndAdministrativeExpenses": 74137000, "otherExpenses": -20822000, "operatingExpenses": 94959000, "costAndExpenses": 294656000, "interestIncome": 0, "interestExpense": 297000, "depreciationAndAmortization": 10198000, "ebitda": 308099000, "ebitdaratio": 0.5199482919, "operatingIncome": 297901000, "operatingIncomeRatio": 0.5027381332, "totalOtherIncomeExpensesNet": -20822000, "incomeBeforeTax": 298198000, "incomeBeforeTaxRatio": 0.5032393508, "incomeTaxExpense": 121127000, "netIncome": 177071000, "netIncomeRatio": 0.2988252607, "eps": 0.65, "epsdiluted": 0.65, "weightedAverageShsOut": 100160206, "weightedAverageShsOutDil": 100160206, "link": "https://www.sec.gov/Archives/edgar/data/1472595/000147259517000023/0001472595-17-000023-index.html", "finalLink": "https://www.sec.gov/Archives/edgar/data/1472595/000147259517000023/december312016_doc.htm", "calculatedOtherExpenses": 20822000, "calculatedOperatingExpenses": 94959000, "calculatedNetInterest": -297000, "calculatedOtherIncome": 594000, "calculatedIncomeNonControlling": 0, "calculatedEbitda": 308099000}, {"date": "2015-12-31", "symbol": "RCM", "reportedCurrency": "USD", "cik": "0001910851", "fillingDate": "2016-03-10", "acceptedDate": "2016-03-10 16:07:27", "calendarYear": "2015", "period": "FY", "revenue": 117239000, "costOfRevenue": 168977000, "grossProfit": -51738000, "grossProfitRatio": -0.4413036618, "researchAndDevelopmentExpenses": 0, "generalAndAdministrativeExpenses": 0, "sellingAndMarketingExpenses": 0, "sellingGeneralAndAdministrativeExpenses": 74963000, "otherExpenses": 0, "operatingExpenses": 74963000, "costAndExpenses": 243940000, "interestIncome": 0, "interestExpense": 231000, "depreciationAndAmortization": 8462000, "ebitda": -108896000, "ebitdaratio": -0.9288376735, "operatingIncome": -136044000, "operatingIncomeRatio": -1.1603988434, "totalOtherIncomeExpensesNet": -9343000, "incomeBeforeTax": -135813000, "incomeBeforeTaxRatio": -1.1584285093, "incomeTaxExpense": -51557000, "netIncome": -84256000, "netIncomeRatio": -0.7186687024, "eps": -0.87, "epsdiluted": -0.87, "weightedAverageShsOut": 96806885, "weightedAverageShsOutDil": 96806885, "link": "https://www.sec.gov/Archives/edgar/data/1472595/000147259516000160/0001472595-16-000160-index.html", "finalLink": "https://www.sec.gov/Archives/edgar/data/1472595/000147259516000160/december312015_doc.htm", "calculatedOtherExpenses": 9343000, "calculatedOperatingExpenses": 84306000, "calculatedNetInterest": -231000, "calculatedOtherIncome": 462000, "calculatedIncomeNonControlling": 0, "calculatedEbitda": -127582000}, {"date": "2014-12-31", "symbol": "RCM", "reportedCurrency": "USD", "cik": "0001910851", "fillingDate": "2015-06-23", "acceptedDate": "2015-06-23 16:12:24", "calendarYear": "2014", "period": "FY", "revenue": 210140000, "costOfRevenue": 182144000, "grossProfit": 27996000, "grossProfitRatio": 0.1332254687, "researchAndDevelopmentExpenses": 0, "generalAndAdministrativeExpenses": 0, "sellingAndMarketingExpenses": 0, "sellingGeneralAndAdministrativeExpenses": 69883000, "otherExpenses": 0, "operatingExpenses": 69883000, "costAndExpenses": 252027000, "interestIncome": 0, "interestExpense": 302000, "depreciationAndAmortization": 6047000, "ebitda": 50926000, "ebitdaratio": 0.2423431998, "operatingIncome": -128653000, "operatingIncomeRatio": -0.6122251832, "totalOtherIncomeExpensesNet": -86766000, "incomeBeforeTax": -128351000, "incomeBeforeTaxRatio": -0.6107880461, "incomeTaxExpense": -48731000, "netIncome": -79620000, "netIncomeRatio": -0.3788902636, "eps": -0.83, "epsdiluted": -0.83, "weightedAverageShsOut": 95760762, "weightedAverageShsOutDil": 95760762, "link": "https://www.sec.gov/Archives/edgar/data/1472595/000147259515000051/december31201410k_doc.htm", "finalLink": "https://www.sec.gov/Archives/edgar/data/1472595/000147259515000051/december31201410k_doc.htm", "calculatedOtherExpenses": 86766000, "calculatedOperatingExpenses": 156649000, "calculatedNetInterest": -302000, "calculatedOtherIncome": 604000, "calculatedIncomeNonControlling": 0, "calculatedEbitda": -122606000}, {"date": "2013-12-31", "symbol": "RCM", "reportedCurrency": "USD", "cik": "0001910851", "fillingDate": "2014-12-30", "acceptedDate": "2014-12-30 16:07:21", "calendarYear": "2013", "period": "FY", "revenue": 504768000, "costOfRevenue": 186752000, "grossProfit": 318016000, "grossProfitRatio": 0.6300240903, "researchAndDevelopmentExpenses": 0, "generalAndAdministrativeExpenses": 0, "sellingAndMarketingExpenses": 0, "sellingGeneralAndAdministrativeExpenses": 79951000, "otherExpenses": 0, "operatingExpenses": 79951000, "costAndExpenses": 266703000, "interestIncome": 0, "interestExpense": 330000, "depreciationAndAmortization": 6823000, "ebitda": 278851000, "ebitdaratio": 0.5524339895, "operatingIncome": 204102000, "operatingIncomeRatio": 0.4043481362, "totalOtherIncomeExpensesNet": -33963000, "incomeBeforeTax": 204432000, "incomeBeforeTaxRatio": 0.4050019019, "incomeTaxExpense": 74349000, "netIncome": 130083000, "netIncomeRatio": 0.2577084918, "eps": 1.36, "epsdiluted": 1.34, "weightedAverageShsOut": 95687940, "weightedAverageShsOutDil": 96845664, "link": "https://www.sec.gov/Archives/edgar/data/1472595/000119312514457093/0001193125-14-457093-index.htm", "finalLink": "https://www.sec.gov/Archives/edgar/data/1472595/000119312514457093/d679613d10k.htm", "calculatedOtherExpenses": 33963000, "calculatedOperatingExpenses": 113914000, "calculatedNetInterest": -330000, "calculatedOtherIncome": 660000, "calculatedIncomeNonControlling": 0, "calculatedEbitda": 210925000}, {"date": "2012-12-31", "symbol": "RCM", "reportedCurrency": "USD", "cik": "0001910851", "fillingDate": "2012-12-31", "acceptedDate": "2012-12-30 19:00:00", "calendarYear": "2012", "period": "FY", "revenue": 72254000, "costOfRevenue": 188666000, "grossProfit": -116412000, "grossProfitRatio": -1.6111495557, "researchAndDevelopmentExpenses": 0, "generalAndAdministrativeExpenses": 0, "sellingAndMarketingExpenses": 0, "sellingGeneralAndAdministrativeExpenses": 67750000, "otherExpenses": 0, "operatingExpenses": 67750000, "costAndExpenses": 256416000, "interestIncome": 0, "interestExpense": 141000, "depreciationAndAmortization": 6355000, "ebitda": -174093000, "ebitdaratio": -2.4094582999, "operatingIncome": -187876000, "operatingIncomeRatio": -2.600215905, "totalOtherIncomeExpensesNet": -3714000, "incomeBeforeTax": -187735000, "incomeBeforeTaxRatio": -2.5982644559, "incomeTaxExpense": -67995000, "netIncome": -119740000, "netIncomeRatio": -1.6572092895, "eps": -1.21, "epsdiluted": -1.21, "weightedAverageShsOut": 98602099, "weightedAverageShsOutDil": 98602099, "link": "", "finalLink": "", "calculatedOtherExpenses": 3714000, "calculatedOperatingExpenses": 71464000, "calculatedNetInterest": -141000, "calculatedOtherIncome": 282000, "calculatedIncomeNonControlling": 0, "calculatedEbitda": -181521000}, {"date": "2011-12-31", "symbol": "RCM", "reportedCurrency": "USD", "cik": "0001910851", "fillingDate": "2012-02-29", "acceptedDate": "2012-02-29 16:04:29", "calendarYear": "2011", "period": "FY", "revenue": 826276000, "costOfRevenue": 630449000, "grossProfit": 195827000, "grossProfitRatio": 0.2369995014, "researchAndDevelopmentExpenses": 0, "generalAndAdministrativeExpenses": 0, "sellingAndMarketingExpenses": 0, "sellingGeneralAndAdministrativeExpenses": 147772000, "otherExpenses": 0, "operatingExpenses": 147772000, "costAndExpenses": 778221000, "interestIncome": 0, "interestExpense": 22000, "depreciationAndAmortization": 8312000, "ebitda": 56367000, "ebitdaratio": 0.0682181257, "operatingIncome": 48055000, "operatingIncomeRatio": 0.058158533, "totalOtherIncomeExpensesNet": 22000, "incomeBeforeTax": 48077000, "incomeBeforeTaxRatio": 0.0581851585, "incomeTaxExpense": 18913000, "netIncome": 29164000, "netIncomeRatio": 0.0352957123, "eps": -0.74, "epsdiluted": -0.74, "weightedAverageShsOut": 96964661, "weightedAverageShsOutDil": 96964661, "link": "https://www.sec.gov/Archives/edgar/data/1472595/000147259512000004/0001472595-12-000004-index.html", "finalLink": "https://www.sec.gov/Archives/edgar/data/1472595/000147259512000004/a201110-kdocument.htm", "calculatedOtherExpenses": 0, "calculatedOperatingExpenses": 147772000, "calculatedNetInterest": -22000, "calculatedOtherIncome": 44000, "calculatedIncomeNonControlling": 0, "calculatedEbitda": 56367000}, {"date": "2010-12-31", "symbol": "RCM", "reportedCurrency": "USD", "cik": "0001910851", "fillingDate": "2011-03-18", "acceptedDate": "2011-03-18 17:02:06", "calendarYear": "2010", "period": "FY", "revenue": 606294000, "costOfRevenue": 478276000, "grossProfit": 128018000, "grossProfitRatio": 0.2111483868, "researchAndDevelopmentExpenses": 0, "generalAndAdministrativeExpenses": 0, "sellingAndMarketingExpenses": 0, "sellingGeneralAndAdministrativeExpenses": 105700000, "otherExpenses": 0, "operatingExpenses": 105700000, "costAndExpenses": 583976000, "interestIncome": 0, "interestExpense": 29000, "depreciationAndAmortization": 6157000, "ebitda": 28475000, "ebitdaratio": 0.0469656635, "operatingIncome": 22318000, "operatingIncomeRatio": 0.0368105243, "totalOtherIncomeExpensesNet": 29000, "incomeBeforeTax": 22347000, "incomeBeforeTaxRatio": 0.0368583558, "incomeTaxExpense": 9729000, "netIncome": 12618000, "netIncomeRatio": 0.0208116854, "eps": 0.18, "epsdiluted": 0.13, "weightedAverageShsOut": 70732791, "weightedAverageShsOutDil": 94206677, "link": "https://www.sec.gov/Archives/edgar/data/1472595/000095012311026904/0000950123-11-026904-index.htm", "finalLink": "https://www.sec.gov/Archives/edgar/data/1472595/000095012311026904/c63367e10vk.htm", "calculatedOtherExpenses": 0, "calculatedOperatingExpenses": 105700000, "calculatedNetInterest": -29000, "calculatedOtherIncome": 58000, "calculatedIncomeNonControlling": 0, "calculatedEbitda": 28475000}, {"date": "2009-12-31", "symbol": "RCM", "reportedCurrency": "USD", "cik": "0001910851", "fillingDate": "2009-12-31", "acceptedDate": "2009-12-30 19:00:00", "calendarYear": "2009", "period": "FY", "revenue": 510192000, "costOfRevenue": 410711000, "grossProfit": 99481000, "grossProfitRatio": 0.1949873773, "researchAndDevelopmentExpenses": 0, "generalAndAdministrativeExpenses": 0, "sellingAndMarketingExpenses": 0, "sellingGeneralAndAdministrativeExpenses": 81916000, "otherExpenses": 0, "operatingExpenses": 81916000, "costAndExpenses": 492627000, "interestIncome": 0, "interestExpense": -9000, "depreciationAndAmortization": 3921000, "ebitda": 21486000, "ebitdaratio": 0.0421135572, "operatingIncome": 17565000, "operatingIncomeRatio": 0.0344282153, "totalOtherIncomeExpensesNet": -9000, "incomeBeforeTax": 17556000, "incomeBeforeTaxRatio": 0.0344105748, "incomeTaxExpense": 2966000, "netIncome": 14590000, "netIncomeRatio": 0.0285970772, "eps": 0.17, "epsdiluted": 0.15, "weightedAverageShsOut": 36725194, "weightedAverageShsOutDil": 43955167, "link": "", "finalLink": "", "calculatedOtherExpenses": 0, "calculatedOperatingExpenses": 81916000, "calculatedNetInterest": 9000, "calculatedOtherIncome": -18000, "calculatedIncomeNonControlling": 0, "calculatedEbitda": 21486000}, {"date": "2008-12-31", "symbol": "RCM", "reportedCurrency": "USD", "cik": "0001910851", "fillingDate": "2008-12-31", "acceptedDate": "2008-12-30 19:00:00", "calendarYear": "2008", "period": "FY", "revenue": 398469000, "costOfRevenue": 335211000, "grossProfit": 63258000, "grossProfitRatio": 0.1587526257, "researchAndDevelopmentExpenses": 0, "generalAndAdministrativeExpenses": 0, "sellingAndMarketingExpenses": 0, "sellingGeneralAndAdministrativeExpenses": 60461000, "otherExpenses": 0, "operatingExpenses": 60461000, "costAndExpenses": 395672000, "interestIncome": 0, "interestExpense": 710000, "depreciationAndAmortization": 2540000, "ebitda": 5337000, "ebitdaratio": 0.0133937646, "operatingIncome": 2797000, "operatingIncomeRatio": 0.0070193666, "totalOtherIncomeExpensesNet": 710000, "incomeBeforeTax": 3507000, "incomeBeforeTaxRatio": 0.0088011865, "incomeTaxExpense": 2264000, "netIncome": 1243000, "netIncomeRatio": 0.0031194397, "eps": -0.18, "epsdiluted": -0.18, "weightedAverageShsOut": 36943691, "weightedAverageShsOutDil": 44371648, "link": "", "finalLink": "", "calculatedOtherExpenses": 0, "calculatedOperatingExpenses": 60461000, "calculatedNetInterest": -710000, "calculatedOtherIncome": 1420000, "calculatedIncomeNonControlling": 0, "calculatedEbitda": 5337000}, {"date": "2007-12-31", "symbol": "RCM", "reportedCurrency": "USD", "cik": "0001910851", "fillingDate": "2007-12-31", "acceptedDate": "2007-12-30 19:00:00", "calendarYear": "2007", "period": "FY", "revenue": 240725000, "costOfRevenue": 197676000, "grossProfit": 43049000, "grossProfitRatio": 0.1788306158, "researchAndDevelopmentExpenses": 0, "generalAndAdministrativeExpenses": 0, "sellingAndMarketingExpenses": 0, "sellingGeneralAndAdministrativeExpenses": 43529000, "otherExpenses": 0, "operatingExpenses": 43529000, "costAndExpenses": 241205000, "interestIncome": 0, "interestExpense": 1710000, "depreciationAndAmortization": 1307000, "ebitda": 827000, "ebitdaratio": 0.0034354554, "operatingIncome": -480000, "operatingIncomeRatio": -0.0019939765, "totalOtherIncomeExpensesNet": 1710000, "incomeBeforeTax": 1230000, "incomeBeforeTaxRatio": 0.0051095649, "incomeTaxExpense": 456000, "netIncome": 774000, "netIncomeRatio": 0.0032152872, "eps": 0.021, "epsdiluted": 0.0174, "weightedAverageShsOut": 36943691, "weightedAverageShsOutDil": 44371648, "link": "", "finalLink": "", "calculatedOtherExpenses": 0, "calculatedOperatingExpenses": 43529000, "calculatedNetInterest": -1710000, "calculatedOtherIncome": 3420000, "calculatedIncomeNonControlling": 0, "calculatedEbitda": 827000}]}