{"originalCurrency": "USD", "convertedCurrency": "USD", "report": [{"date": "2023-12-31", "symbol": "RDN", "reportedCurrency": "USD", "cik": "0000890926", "fillingDate": "2024-02-08", "acceptedDate": "2024-02-08 07:30:19", "calendarYear": "2023", "period": "FY", "revenue": 1240588000, "costOfRevenue": 386069000, "grossProfit": 854519000, "grossProfitRatio": 0.6888016005, "researchAndDevelopmentExpenses": 0, "generalAndAdministrativeExpenses": 0, "sellingAndMarketingExpenses": 0, "sellingGeneralAndAdministrativeExpenses": 0, "otherExpenses": -403048000, "operatingExpenses": 403048000, "costAndExpenses": -360522000, "interestIncome": 0, "interestExpense": 89695000, "depreciationAndAmortization": 20483000, "ebitda": 767487000, "ebitdaratio": 0.6186477703, "operatingIncome": 767487000, "operatingIncomeRatio": 0.6186477703, "totalOtherIncomeExpensesNet": 767487000, "incomeBeforeTax": 767487000, "incomeBeforeTaxRatio": 0.6186477703, "incomeTaxExpense": 164368000, "netIncome": 603119000, "netIncomeRatio": 0.4861557584, "eps": 3.81, "epsdiluted": 3.77, "weightedAverageShsOut": 158140000, "weightedAverageShsOutDil": 160133000, "link": "https://www.sec.gov/Archives/edgar/data/890926/000115752324000197/0001157523-24-000197-index.htm", "finalLink": "https://www.sec.gov/Archives/edgar/data/890926/000115752324000197/a53893713ex99_1.htm", "calculatedOtherExpenses": 87032000, "calculatedOperatingExpenses": 87032000, "calculatedNetInterest": -89695000, "calculatedOtherIncome": 89695000, "calculatedIncomeNonControlling": 0, "calculatedEbitda": 787970000}, {"date": "2022-12-31", "symbol": "RDN", "reportedCurrency": "USD", "cik": "0000890926", "fillingDate": "2023-02-24", "acceptedDate": "2023-02-24 16:16:31", "calendarYear": "2022", "period": "FY", "revenue": 1190726000, "costOfRevenue": 463506000, "grossProfit": 727220000, "grossProfitRatio": 0.610736643, "researchAndDevelopmentExpenses": 0, "generalAndAdministrativeExpenses": 0, "sellingAndMarketingExpenses": 0, "sellingGeneralAndAdministrativeExpenses": 0, "otherExpenses": 381148000, "operatingExpenses": 381148000, "costAndExpenses": 237947000, "interestIncome": 84454000, "interestExpense": 84454000, "depreciationAndAmortization": 4308000, "ebitda": 489957000, "ebitdaratio": 0.4114775356, "operatingIncome": 485649000, "operatingIncomeRatio": 0.4078595747, "totalOtherIncomeExpensesNet": 467130000, "incomeBeforeTax": 952779000, "incomeBeforeTaxRatio": 0.8001664531, "incomeTaxExpense": 209845000, "netIncome": 742934000, "netIncomeRatio": 0.6239336338, "eps": 4.42, "epsdiluted": 4.35, "weightedAverageShsOut": 167930000, "weightedAverageShsOutDil": 170664000, "link": "https://www.sec.gov/Archives/edgar/data/890926/000089092623000007/0000890926-23-000007-index.htm", "finalLink": "https://www.sec.gov/Archives/edgar/data/890926/000089092623000007/rdn-20221231.htm", "calculatedOtherExpenses": 241571000, "calculatedOperatingExpenses": 241571000, "calculatedNetInterest": 0, "calculatedOtherIncome": 467130000, "calculatedIncomeNonControlling": 0, "calculatedEbitda": 489957000}, {"date": "2021-12-31", "symbol": "RDN", "reportedCurrency": "USD", "cik": "0000890926", "fillingDate": "2022-02-25", "acceptedDate": "2022-02-25 16:17:34", "calendarYear": "2021", "period": "FY", "revenue": 1329932000, "costOfRevenue": 427400000, "grossProfit": 902532000, "grossProfitRatio": 0.6786301856, "researchAndDevelopmentExpenses": 0, "generalAndAdministrativeExpenses": 0, "sellingAndMarketingExpenses": 0, "sellingGeneralAndAdministrativeExpenses": 0, "otherExpenses": -568512000, "operatingExpenses": -568512000, "costAndExpenses": 565100000, "interestIncome": 84344000, "interestExpense": 84344000, "depreciationAndAmortization": 3450000, "ebitda": 764870000, "ebitdaratio": 0.5751196302, "operatingIncome": 761420000, "operatingIncomeRatio": 0.5725255126, "totalOtherIncomeExpensesNet": 3412000, "incomeBeforeTax": 764832000, "incomeBeforeTaxRatio": 0.5750910573, "incomeTaxExpense": 164161000, "netIncome": 600671000, "netIncomeRatio": 0.451655423, "eps": 3.19, "epsdiluted": 3.16, "weightedAverageShsOut": 188370000, "weightedAverageShsOutDil": 190263000, "link": "https://www.sec.gov/Archives/edgar/data/890926/000089092622000007/0000890926-22-000007-index.htm", "finalLink": "https://www.sec.gov/Archives/edgar/data/890926/000089092622000007/rdn-20211231.htm", "calculatedOtherExpenses": 141112000, "calculatedOperatingExpenses": 141112000, "calculatedNetInterest": 0, "calculatedOtherIncome": 3412000, "calculatedIncomeNonControlling": 0, "calculatedEbitda": 764870000}, {"date": "2020-12-31", "symbol": "RDN", "reportedCurrency": "USD", "cik": "0000890926", "fillingDate": "2021-02-26", "acceptedDate": "2021-02-26 16:19:15", "calendarYear": "2020", "period": "FY", "revenue": 1438617000, "costOfRevenue": 366776000, "grossProfit": 1071841000, "grossProfitRatio": 0.7450495858, "researchAndDevelopmentExpenses": 0, "generalAndAdministrativeExpenses": 0, "sellingAndMarketingExpenses": 0, "sellingGeneralAndAdministrativeExpenses": 0, "otherExpenses": -962773000, "operatingExpenses": -962773000, "costAndExpenses": 959176000, "interestIncome": 71150000, "interestExpense": 71150000, "depreciationAndAmortization": 5144000, "ebitda": 480988000, "ebitdaratio": 0.3343405507, "operatingIncome": 475844000, "operatingIncomeRatio": 0.3307648943, "totalOtherIncomeExpensesNet": 3597000, "incomeBeforeTax": 479441000, "incomeBeforeTaxRatio": 0.3332652124, "incomeTaxExpense": 85815000, "netIncome": 393626000, "netIncomeRatio": 0.2736141725, "eps": 2.01, "epsdiluted": 2, "weightedAverageShsOut": 195443000, "weightedAverageShsOutDil": 196642000, "link": "https://www.sec.gov/Archives/edgar/data/890926/000089092621000019/0000890926-21-000019-index.htm", "finalLink": "https://www.sec.gov/Archives/edgar/data/890926/000089092621000019/rdn-20201231.htm", "calculatedOtherExpenses": 595997000, "calculatedOperatingExpenses": 595997000, "calculatedNetInterest": 0, "calculatedOtherIncome": 3597000, "calculatedIncomeNonControlling": 0, "calculatedEbitda": 480988000}, {"date": "2019-12-31", "symbol": "RDN", "reportedCurrency": "USD", "cik": "0000890926", "fillingDate": "2020-02-28", "acceptedDate": "2020-02-28 16:29:29", "calendarYear": "2019", "period": "FY", "revenue": 1526955000, "costOfRevenue": 414453000, "grossProfit": 1112502000, "grossProfitRatio": 0.7285754983, "researchAndDevelopmentExpenses": 0, "generalAndAdministrativeExpenses": 0, "sellingAndMarketingExpenses": 0, "sellingGeneralAndAdministrativeExpenses": 0, "otherExpenses": -681457000, "operatingExpenses": -681457000, "costAndExpenses": 677962000, "interestIncome": 56310000, "interestExpense": 56310000, "depreciationAndAmortization": 22288000, "ebitda": 867786000, "ebitdaratio": 0.5683114434, "operatingIncome": 845498000, "operatingIncomeRatio": 0.5537150735, "totalOtherIncomeExpensesNet": 3495000, "incomeBeforeTax": 848993000, "incomeBeforeTaxRatio": 0.5560039425, "incomeTaxExpense": 176684000, "netIncome": 672309000, "netIncomeRatio": 0.4402939183, "eps": 3.22, "epsdiluted": 3.2, "weightedAverageShsOut": 208773000, "weightedAverageShsOutDil": 210340000, "link": "https://www.sec.gov/Archives/edgar/data/890926/000089092620000018/0000890926-20-000018-index.htm", "finalLink": "https://www.sec.gov/Archives/edgar/data/890926/000089092620000018/rdn10k12312019.htm", "calculatedOtherExpenses": 267004000, "calculatedOperatingExpenses": 267004000, "calculatedNetInterest": 0, "calculatedOtherIncome": 3495000, "calculatedIncomeNonControlling": 0, "calculatedEbitda": 867786000}, {"date": "2018-12-31", "symbol": "RDN", "reportedCurrency": "USD", "cik": "0000890926", "fillingDate": "2019-02-28", "acceptedDate": "2019-02-28 17:11:11", "calendarYear": "2018", "period": "FY", "revenue": 1273006000, "costOfRevenue": 378942000, "grossProfit": 894064000, "grossProfitRatio": 0.702325048, "researchAndDevelopmentExpenses": 0, "generalAndAdministrativeExpenses": 0, "sellingAndMarketingExpenses": 0, "sellingGeneralAndAdministrativeExpenses": 0, "otherExpenses": -527330000, "operatingExpenses": -527330000, "costAndExpenses": 588820000, "interestIncome": 0, "interestExpense": 61490000, "depreciationAndAmortization": 12429000, "ebitda": 814766000, "ebitdaratio": 0.6400331185, "operatingIncome": 745676000, "operatingIncomeRatio": 0.5857600043, "totalOtherIncomeExpensesNet": 4028000, "incomeBeforeTax": 684186000, "incomeBeforeTaxRatio": 0.5374570112, "incomeTaxExpense": 78175000, "netIncome": 606011000, "netIncomeRatio": 0.4760472457, "eps": 2.83, "epsdiluted": 2.77, "weightedAverageShsOut": 214267000, "weightedAverageShsOutDil": 218553000, "link": "https://www.sec.gov/Archives/edgar/data/890926/000089092619000009/0000890926-19-000009-index.htm", "finalLink": "https://www.sec.gov/Archives/edgar/data/890926/000089092619000009/rdn10k12312018.htm", "calculatedOtherExpenses": 148388000, "calculatedOperatingExpenses": 148388000, "calculatedNetInterest": -61490000, "calculatedOtherIncome": 0, "calculatedIncomeNonControlling": 0, "calculatedEbitda": 758105000}, {"date": "2017-12-31", "symbol": "RDN", "reportedCurrency": "USD", "cik": "0000890926", "fillingDate": "2018-02-28", "acceptedDate": "2018-02-28 16:14:59", "calendarYear": "2017", "period": "FY", "revenue": 1221631000, "costOfRevenue": 371920000, "grossProfit": 849711000, "grossProfitRatio": 0.6955545496, "researchAndDevelopmentExpenses": 0, "generalAndAdministrativeExpenses": 0, "sellingAndMarketingExpenses": 0, "sellingGeneralAndAdministrativeExpenses": 0, "otherExpenses": -877780000, "operatingExpenses": -877780000, "costAndExpenses": 874894000, "interestIncome": 0, "interestExpense": 62761000, "depreciationAndAmortization": 27671000, "ebitda": 371522000, "ebitdaratio": 0.3041196564, "operatingIncome": 343851000, "operatingIncomeRatio": 0.2814687905, "totalOtherIncomeExpensesNet": 2886000, "incomeBeforeTax": 346737000, "incomeBeforeTaxRatio": 0.283831206, "incomeTaxExpense": 225649000, "netIncome": 121088000, "netIncomeRatio": 0.099119947, "eps": 0.56, "epsdiluted": 0.55, "weightedAverageShsOut": 215321000, "weightedAverageShsOutDil": 220406000, "link": "https://www.sec.gov/Archives/edgar/data/890926/000089092618000011/0000890926-18-000011-index.htm", "finalLink": "https://www.sec.gov/Archives/edgar/data/890926/000089092618000011/rdn10k12312017.htm", "calculatedOtherExpenses": 505860000, "calculatedOperatingExpenses": 505860000, "calculatedNetInterest": -62761000, "calculatedOtherIncome": 65647000, "calculatedIncomeNonControlling": 0, "calculatedEbitda": 371522000}, {"date": "2016-12-31", "symbol": "RDN", "reportedCurrency": "USD", "cik": "0000890926", "fillingDate": "2017-02-27", "acceptedDate": "2017-02-27 16:17:14", "calendarYear": "2016", "period": "FY", "revenue": 1238452000, "costOfRevenue": 359070000, "grossProfit": 879382000, "grossProfitRatio": 0.7100654688, "researchAndDevelopmentExpenses": 0, "generalAndAdministrativeExpenses": 0, "sellingAndMarketingExpenses": 0, "sellingGeneralAndAdministrativeExpenses": 0, "otherExpenses": -758338000, "operatingExpenses": -758338000, "costAndExpenses": 754766000, "interestIncome": 0, "interestExpense": 81132000, "depreciationAndAmortization": 13221000, "ebitda": 493335000, "ebitdaratio": 0.3983480991, "operatingIncome": 480114000, "operatingIncomeRatio": 0.3876726752, "totalOtherIncomeExpensesNet": 3572000, "incomeBeforeTax": 483686000, "incomeBeforeTaxRatio": 0.3905569211, "incomeTaxExpense": 175433000, "netIncome": 308253000, "netIncomeRatio": 0.2489018549, "eps": 1.46, "epsdiluted": 1.34, "weightedAverageShsOut": 211789000, "weightedAverageShsOutDil": 229258000, "link": "https://www.sec.gov/Archives/edgar/data/890926/000089092617000010/0000890926-17-000010-index.htm", "finalLink": "https://www.sec.gov/Archives/edgar/data/890926/000089092617000010/rdn10k12312016.htm", "calculatedOtherExpenses": 399268000, "calculatedOperatingExpenses": 399268000, "calculatedNetInterest": -81132000, "calculatedOtherIncome": 84704000, "calculatedIncomeNonControlling": 0, "calculatedEbitda": 493335000}, {"date": "2015-12-31", "symbol": "RDN", "reportedCurrency": "USD", "cik": "0000890926", "fillingDate": "2016-02-26", "acceptedDate": "2016-02-26 17:37:11", "calendarYear": "2015", "period": "FY", "revenue": 1193253000, "costOfRevenue": 336120000, "grossProfit": 857133000, "grossProfitRatio": 0.718316233, "researchAndDevelopmentExpenses": 0, "generalAndAdministrativeExpenses": 0, "sellingAndMarketingExpenses": 0, "sellingGeneralAndAdministrativeExpenses": 0, "otherExpenses": -756339000, "operatingExpenses": -756339000, "costAndExpenses": 755424000, "interestIncome": 0, "interestExpense": 91102000, "depreciationAndAmortization": 12986000, "ebitda": 449900000, "ebitdaratio": 0.3770365547, "operatingIncome": 436914000, "operatingIncomeRatio": 0.3661536992, "totalOtherIncomeExpensesNet": 6300000, "incomeBeforeTax": 437829000, "incomeBeforeTaxRatio": 0.3669205106, "incomeTaxExpense": 156290000, "netIncome": 286924000, "netIncomeRatio": 0.2404552932, "eps": 1.44, "epsdiluted": 1.16, "weightedAverageShsOut": 199910000, "weightedAverageShsOutDil": 246332000, "link": "https://www.sec.gov/Archives/edgar/data/890926/000089092616000092/0000890926-16-000092-index.htm", "finalLink": "https://www.sec.gov/Archives/edgar/data/890926/000089092616000092/rdn10k12312015.htm", "calculatedOtherExpenses": 420219000, "calculatedOperatingExpenses": 420219000, "calculatedNetInterest": -91102000, "calculatedOtherIncome": 92017000, "calculatedIncomeNonControlling": -5385000, "calculatedEbitda": 449900000}, {"date": "2014-12-31", "symbol": "RDN", "reportedCurrency": "USD", "cik": "0000890926", "fillingDate": "2015-03-02", "acceptedDate": "2015-03-02 07:47:22", "calendarYear": "2014", "period": "FY", "revenue": 1072685000, "costOfRevenue": 295888000, "grossProfit": 776797000, "grossProfitRatio": 0.7241613335, "researchAndDevelopmentExpenses": 0, "generalAndAdministrativeExpenses": 0, "sellingAndMarketingExpenses": 0, "sellingGeneralAndAdministrativeExpenses": 43900000, "otherExpenses": -971406000, "operatingExpenses": -971406000, "costAndExpenses": 665529000, "interestIncome": 0, "interestExpense": 90464000, "depreciationAndAmortization": 8648000, "ebitda": 109927000, "ebitdaratio": 0.1024783604, "operatingIncome": 101279000, "operatingIncomeRatio": 0.0944163478, "totalOtherIncomeExpensesNet": 5820000, "incomeBeforeTax": 407156000, "incomeBeforeTaxRatio": 0.3795671609, "incomeTaxExpense": -852418000, "netIncome": 959517000, "netIncomeRatio": 0.8945002494, "eps": 5.2, "epsdiluted": 4.1, "weightedAverageShsOut": 184551000, "weightedAverageShsOutDil": 233902000, "link": "https://www.sec.gov/Archives/edgar/data/890926/000089092615000013/0000890926-15-000013-index.htm", "finalLink": "https://www.sec.gov/Archives/edgar/data/890926/000089092615000013/rdn10k12312014.htm", "calculatedOtherExpenses": 631618000, "calculatedOperatingExpenses": 675518000, "calculatedNetInterest": -90464000, "calculatedOtherIncome": 396341000, "calculatedIncomeNonControlling": 300057000, "calculatedEbitda": 109927000}, {"date": "2013-12-31", "symbol": "RDN", "reportedCurrency": "USD", "cik": "0000890926", "fillingDate": "2014-02-28", "acceptedDate": "2014-02-28 17:05:27", "calendarYear": "2013", "period": "FY", "revenue": 758987000, "costOfRevenue": 284528000, "grossProfit": 474459000, "grossProfitRatio": 0.6251213789, "researchAndDevelopmentExpenses": 0, "generalAndAdministrativeExpenses": 0, "sellingAndMarketingExpenses": 0, "sellingGeneralAndAdministrativeExpenses": 96900000, "otherExpenses": -972277000, "operatingExpenses": -972277000, "costAndExpenses": 966042000, "interestIncome": 0, "interestExpense": 74618000, "depreciationAndAmortization": 80136000, "ebitda": -133154000, "ebitdaratio": -0.1754364699, "operatingIncome": -213290000, "operatingIncomeRatio": -0.281019306, "totalOtherIncomeExpensesNet": 6235000, "incomeBeforeTax": -207055000, "incomeBeforeTaxRatio": -0.272804409, "incomeTaxExpense": -10070000, "netIncome": -196985000, "netIncomeRatio": -0.2595367246, "eps": -1.18, "epsdiluted": -1.14, "weightedAverageShsOut": 166366033, "weightedAverageShsOutDil": 173099515, "link": "https://www.sec.gov/Archives/edgar/data/890926/000089092614000012/0000890926-14-000012-index.htm", "finalLink": "https://www.sec.gov/Archives/edgar/data/890926/000089092614000012/rdn10k12312013.htm", "calculatedOtherExpenses": 590849000, "calculatedOperatingExpenses": 687749000, "calculatedNetInterest": -74618000, "calculatedOtherIncome": 80853000, "calculatedIncomeNonControlling": 0, "calculatedEbitda": -133154000}, {"date": "2012-12-31", "symbol": "RDN", "reportedCurrency": "USD", "cik": "0000890926", "fillingDate": "2013-02-22", "acceptedDate": "2013-02-22 16:32:07", "calendarYear": "2012", "period": "FY", "revenue": 817700000, "costOfRevenue": 196672000, "grossProfit": 621028000, "grossProfitRatio": 0.7594814724, "researchAndDevelopmentExpenses": 0, "generalAndAdministrativeExpenses": 0, "sellingAndMarketingExpenses": 0, "sellingGeneralAndAdministrativeExpenses": 27901000, "otherExpenses": -1267687000, "operatingExpenses": -1267687000, "costAndExpenses": 1261897000, "interestIncome": 0, "interestExpense": 51832000, "depreciationAndAmortization": 72389000, "ebitda": -377598000, "ebitdaratio": -0.4617806041, "operatingIncome": -449987000, "operatingIncomeRatio": -0.5503081815, "totalOtherIncomeExpensesNet": 5790000, "incomeBeforeTax": -444197000, "incomeBeforeTaxRatio": -0.543227345, "incomeTaxExpense": 7271000, "netIncome": -451468000, "netIncomeRatio": -0.5521193592, "eps": -3.41, "epsdiluted": -3.41, "weightedAverageShsOut": 132533000, "weightedAverageShsOutDil": 132533000, "link": "https://www.sec.gov/Archives/edgar/data/890926/000089092613000008/0000890926-13-000008-index.htm", "finalLink": "https://www.sec.gov/Archives/edgar/data/890926/000089092613000008/rdn10k12312012.htm", "calculatedOtherExpenses": 1043114000, "calculatedOperatingExpenses": 1071015000, "calculatedNetInterest": -51832000, "calculatedOtherIncome": 57622000, "calculatedIncomeNonControlling": 0, "calculatedEbitda": -377598000}, {"date": "2011-12-31", "symbol": "RDN", "reportedCurrency": "USD", "cik": "0000890926", "fillingDate": "2012-02-29", "acceptedDate": "2012-02-29 17:11:10", "calendarYear": "2011", "period": "FY", "revenue": 1947843000, "costOfRevenue": 175810000000, "grossProfit": -173862157000, "grossProfitRatio": -89.2588144938, "researchAndDevelopmentExpenses": 0, "generalAndAdministrativeExpenses": 0, "sellingAndMarketingExpenses": 0, "sellingGeneralAndAdministrativeExpenses": 0, "otherExpenses": -1583728000, "operatingExpenses": -1583728000, "costAndExpenses": 1579331000, "interestIncome": 0, "interestExpense": 61394000, "depreciationAndAmortization": 63120000, "ebitda": 427235000, "ebitdaratio": 0.2193374928, "operatingIncome": 364115000, "operatingIncomeRatio": 0.186932417, "totalOtherIncomeExpensesNet": 4397000, "incomeBeforeTax": 368512000, "incomeBeforeTaxRatio": 0.1891897858, "incomeTaxExpense": 66362000, "netIncome": 302150000, "netIncomeRatio": 0.1551203049, "eps": 2.28, "epsdiluted": 2.26, "weightedAverageShsOut": 132372000, "weightedAverageShsOutDil": 133863000, "link": "https://www.sec.gov/Archives/edgar/data/890926/000089092612000005/0000890926-12-000005-index.htm", "finalLink": "https://www.sec.gov/Archives/edgar/data/890926/000089092612000005/rdn10k12312011.htm", "calculatedOtherExpenses": -174226272000, "calculatedOperatingExpenses": -174226272000, "calculatedNetInterest": -61394000, "calculatedOtherIncome": 65791000, "calculatedIncomeNonControlling": 0, "calculatedEbitda": 427235000}, {"date": "2010-12-31", "symbol": "RDN", "reportedCurrency": "USD", "cik": "0000890926", "fillingDate": "2011-03-01", "acceptedDate": "2011-03-01 17:21:15", "calendarYear": "2010", "period": "FY", "revenue": 417465000, "costOfRevenue": 191942000000, "grossProfit": -191524535000, "grossProfitRatio": -458.7798617848, "researchAndDevelopmentExpenses": 0, "generalAndAdministrativeExpenses": 0, "sellingAndMarketingExpenses": 0, "sellingGeneralAndAdministrativeExpenses": 0, "otherExpenses": -2005749000, "operatingExpenses": -2005749000, "costAndExpenses": 1997143000, "interestIncome": 0, "interestExpense": 41777000, "depreciationAndAmortization": 39789000, "ebitda": -1548495000, "ebitdaratio": -3.7092810176, "operatingIncome": -1588284000, "operatingIncomeRatio": -3.8045920017, "totalOtherIncomeExpensesNet": 8606000, "incomeBeforeTax": -1579678000, "incomeBeforeTaxRatio": -3.7839770999, "incomeTaxExpense": 226189000, "netIncome": -1805867000, "netIncomeRatio": -4.3257925814, "eps": -15.74, "epsdiluted": -15.74, "weightedAverageShsOut": 114697000, "weightedAverageShsOutDil": 114697000, "link": "https://www.sec.gov/Archives/edgar/data/890926/000119312511052373/0001193125-11-052373-index.htm", "finalLink": "https://www.sec.gov/Archives/edgar/data/890926/000119312511052373/d10k.htm", "calculatedOtherExpenses": -189936251000, "calculatedOperatingExpenses": -189936251000, "calculatedNetInterest": -41777000, "calculatedOtherIncome": 50383000, "calculatedIncomeNonControlling": 0, "calculatedEbitda": -1548495000}, {"date": "2009-12-31", "symbol": "RDN", "reportedCurrency": "USD", "cik": "0000890926", "fillingDate": "2010-03-03", "acceptedDate": "2010-03-02 19:34:52", "calendarYear": "2009", "period": "FY", "revenue": 1313378000, "costOfRevenue": 203770000000, "grossProfit": -202456622000, "grossProfitRatio": -154.1495456754, "researchAndDevelopmentExpenses": 0, "generalAndAdministrativeExpenses": 0, "sellingAndMarketingExpenses": 0, "sellingGeneralAndAdministrativeExpenses": 0, "otherExpenses": -1560415000, "operatingExpenses": -1560415000, "costAndExpenses": 1555658000, "interestIncome": 0, "interestExpense": 46010000, "depreciationAndAmortization": 20080000, "ebitda": -226957000, "ebitdaratio": -0.1728040214, "operatingIncome": -247037000, "operatingIncomeRatio": -0.1880928415, "totalOtherIncomeExpensesNet": 4757000, "incomeBeforeTax": -242280000, "incomeBeforeTaxRatio": -0.1844708835, "incomeTaxExpense": -94401000, "netIncome": -147879000, "netIncomeRatio": -0.112594394, "eps": -1.8, "epsdiluted": -1.8, "weightedAverageShsOut": 81937000, "weightedAverageShsOutDil": 82155000, "link": "https://www.sec.gov/Archives/edgar/data/890926/000119312510046168/0001193125-10-046168-index.htm", "finalLink": "https://www.sec.gov/Archives/edgar/data/890926/000119312510046168/d10k.htm", "calculatedOtherExpenses": -202209585000, "calculatedOperatingExpenses": -202209585000, "calculatedNetInterest": -46010000, "calculatedOtherIncome": 50767000, "calculatedIncomeNonControlling": 0, "calculatedEbitda": -226957000}, {"date": "2008-12-31", "symbol": "RDN", "reportedCurrency": "USD", "cik": "0000890926", "fillingDate": "2009-03-10", "acceptedDate": "2009-03-09 21:59:45", "calendarYear": "2008", "period": "FY", "revenue": 1808036000, "costOfRevenue": 255497000, "grossProfit": 1552539000, "grossProfitRatio": 0.8586881013, "researchAndDevelopmentExpenses": 0, "generalAndAdministrativeExpenses": 0, "sellingAndMarketingExpenses": 0, "sellingGeneralAndAdministrativeExpenses": 0, "otherExpenses": -3204814000, "operatingExpenses": -3204814000, "costAndExpenses": 2482165000, "interestIncome": 0, "interestExpense": 53514000, "depreciationAndAmortization": 16188000, "ebitda": -1380590000, "ebitdaratio": -0.7635854596, "operatingIncome": -1396778000, "operatingIncomeRatio": -0.7725388211, "totalOtherIncomeExpensesNet": 722649000, "incomeBeforeTax": -674129000, "incomeBeforeTaxRatio": -0.3728515361, "incomeTaxExpense": -263550000, "netIncome": -410579000, "netIncomeRatio": -0.2270856333, "eps": -5.12, "epsdiluted": -5.12, "weightedAverageShsOut": 80258000, "weightedAverageShsOutDil": 80258000, "link": "https://www.sec.gov/Archives/edgar/data/890926/000119312509048930/0001193125-09-048930-index.htm", "finalLink": "https://www.sec.gov/Archives/edgar/data/890926/000119312509048930/d10k.htm", "calculatedOtherExpenses": 2949317000, "calculatedOperatingExpenses": 2949317000, "calculatedNetInterest": -53514000, "calculatedOtherIncome": 776163000, "calculatedIncomeNonControlling": 0, "calculatedEbitda": -1380590000}, {"date": "2007-12-31", "symbol": "RDN", "reportedCurrency": "USD", "cik": "0000890926", "fillingDate": "2008-03-14", "acceptedDate": "2008-03-14 17:30:17", "calendarYear": "2007", "period": "FY", "revenue": 201051000, "costOfRevenue": 192172000, "grossProfit": 8879000, "grossProfitRatio": 0.0441629238, "researchAndDevelopmentExpenses": 0, "generalAndAdministrativeExpenses": 0, "sellingAndMarketingExpenses": 0, "sellingGeneralAndAdministrativeExpenses": 0, "otherExpenses": -1122703000, "operatingExpenses": -1122703000, "costAndExpenses": 2269966000, "interestIncome": 0, "interestExpense": 53068000, "depreciationAndAmortization": 19334000, "ebitda": -902318000, "ebitdaratio": -4.4880055309, "operatingIncome": -921652000, "operatingIncomeRatio": -4.5841701857, "totalOtherIncomeExpensesNet": -1147263000, "incomeBeforeTax": -2068915000, "incomeBeforeTaxRatio": -10.2904984307, "incomeTaxExpense": -778616000, "netIncome": -1290299000, "netIncomeRatio": -6.4177696206, "eps": -16.22, "epsdiluted": -16.22, "weightedAverageShsOut": 79556000, "weightedAverageShsOutDil": 79556000, "link": "https://www.sec.gov/Archives/edgar/data/890926/000119312508057620/0001193125-08-057620-index.htm", "finalLink": "https://www.sec.gov/Archives/edgar/data/890926/000119312508057620/d10k.htm", "calculatedOtherExpenses": 930531000, "calculatedOperatingExpenses": 930531000, "calculatedNetInterest": -53068000, "calculatedOtherIncome": -1094195000, "calculatedIncomeNonControlling": 0, "calculatedEbitda": -902318000}, {"date": "2006-12-31", "symbol": "RDN", "reportedCurrency": "USD", "cik": "0000890926", "fillingDate": "2007-03-01", "acceptedDate": "2007-03-01 17:01:13", "calendarYear": "2006", "period": "FY", "revenue": 1327946000, "costOfRevenue": 242634000, "grossProfit": 1085312000, "grossProfitRatio": 0.8172862451, "researchAndDevelopmentExpenses": 0, "generalAndAdministrativeExpenses": 0, "sellingAndMarketingExpenses": 0, "sellingGeneralAndAdministrativeExpenses": 0, "otherExpenses": -551590000, "operatingExpenses": -551590000, "costAndExpenses": 514677000, "interestIncome": 0, "interestExpense": 48149000, "depreciationAndAmortization": 36996000, "ebitda": 813352000, "ebitdaratio": 0.6124887608, "operatingIncome": 776356000, "operatingIncomeRatio": 0.5846291943, "totalOtherIncomeExpensesNet": 36913000, "incomeBeforeTax": 813269000, "incomeBeforeTaxRatio": 0.6124262583, "incomeTaxExpense": 231097000, "netIncome": 582172000, "netIncomeRatio": 0.4384003566, "eps": 7.16, "epsdiluted": 7.08, "weightedAverageShsOut": 81338000, "weightedAverageShsOutDil": 82261000, "link": "https://www.sec.gov/Archives/edgar/data/890926/000119312507044510/0001193125-07-044510-index.htm", "finalLink": "https://www.sec.gov/Archives/edgar/data/890926/000119312507044510/d10k.htm", "calculatedOtherExpenses": 308956000, "calculatedOperatingExpenses": 308956000, "calculatedNetInterest": -48149000, "calculatedOtherIncome": 85062000, "calculatedIncomeNonControlling": 0, "calculatedEbitda": 813352000}, {"date": "2005-12-31", "symbol": "RDN", "reportedCurrency": "USD", "cik": "0000890926", "fillingDate": "2006-03-09", "acceptedDate": "2006-03-09 17:27:32", "calendarYear": "2005", "period": "FY", "revenue": 1298151000, "costOfRevenue": 225977000, "grossProfit": 1072174000, "grossProfitRatio": 0.8259239488, "researchAndDevelopmentExpenses": 0, "generalAndAdministrativeExpenses": 0, "sellingAndMarketingExpenses": 0, "sellingGeneralAndAdministrativeExpenses": 0, "otherExpenses": -592233000, "operatingExpenses": -592233000, "costAndExpenses": 557812000, "interestIncome": 0, "interestExpense": 43043000, "depreciationAndAmortization": 34040000, "ebitda": 739958000, "ebitdaratio": 0.57000919, "operatingIncome": 705918000, "operatingIncomeRatio": 0.543787279, "totalOtherIncomeExpensesNet": 34421000, "incomeBeforeTax": 740339000, "incomeBeforeTaxRatio": 0.5703026844, "incomeTaxExpense": 217485000, "netIncome": 522854000, "netIncomeRatio": 0.402768245, "eps": 6.11, "epsdiluted": 5.89, "weightedAverageShsOut": 85637000, "weightedAverageShsOutDil": 88746000, "link": "https://www.sec.gov/Archives/edgar/data/890926/000119312506049787/0001193125-06-049787-index.htm", "finalLink": "https://www.sec.gov/Archives/edgar/data/890926/000119312506049787/d10k.htm", "calculatedOtherExpenses": 366256000, "calculatedOperatingExpenses": 366256000, "calculatedNetInterest": -43043000, "calculatedOtherIncome": 77464000, "calculatedIncomeNonControlling": 0, "calculatedEbitda": 739958000}, {"date": "2004-12-31", "symbol": "RDN", "reportedCurrency": "USD", "cik": "0000890926", "fillingDate": "2005-03-10", "acceptedDate": "2005-03-10 16:07:46", "calendarYear": "2004", "period": "FY", "revenue": 1364053000, "costOfRevenue": 205687000, "grossProfit": 1158366000, "grossProfitRatio": 0.8492089384, "researchAndDevelopmentExpenses": 0, "generalAndAdministrativeExpenses": 0, "sellingAndMarketingExpenses": 0, "sellingGeneralAndAdministrativeExpenses": 0, "otherExpenses": -717882000, "operatingExpenses": -717882000, "costAndExpenses": 638461000, "interestIncome": 0, "interestExpense": 34660000, "depreciationAndAmortization": 27956000, "ebitda": 674127000, "ebitdaratio": 0.4942088027, "operatingIncome": 646171000, "operatingIncomeRatio": 0.4737139979, "totalOtherIncomeExpensesNet": 79421000, "incomeBeforeTax": 725592000, "incomeBeforeTaxRatio": 0.5319382751, "incomeTaxExpense": 206939000, "netIncome": 518653000, "netIncomeRatio": 0.3802293606, "eps": 5.55, "epsdiluted": 5.3, "weightedAverageShsOut": 93416000, "weightedAverageShsOutDil": 97900000, "link": "https://www.sec.gov/Archives/edgar/data/890926/000119312505046563/0001193125-05-046563-index.htm", "finalLink": "https://www.sec.gov/Archives/edgar/data/890926/000119312505046563/d10k.htm", "calculatedOtherExpenses": 512195000, "calculatedOperatingExpenses": 512195000, "calculatedNetInterest": -34660000, "calculatedOtherIncome": 114081000, "calculatedIncomeNonControlling": 0, "calculatedEbitda": 674127000}, {"date": "2003-12-31", "symbol": "RDN", "reportedCurrency": "USD", "cik": "0000890926", "fillingDate": "2004-03-15", "acceptedDate": "2004-03-15 15:07:36", "calendarYear": "2003", "period": "FY", "revenue": 1363144000, "costOfRevenue": 211077000, "grossProfit": 1152067000, "grossProfitRatio": 0.8451542904, "researchAndDevelopmentExpenses": 0, "generalAndAdministrativeExpenses": 0, "sellingAndMarketingExpenses": 0, "sellingGeneralAndAdministrativeExpenses": 0, "otherExpenses": -983076000, "operatingExpenses": -983076000, "costAndExpenses": 831665000, "interestIncome": 0, "interestExpense": 37542000, "depreciationAndAmortization": 17310000, "ebitda": 397378000, "ebitdaratio": 0.29151579, "operatingIncome": 380068000, "operatingIncomeRatio": 0.2788172049, "totalOtherIncomeExpensesNet": 151411000, "incomeBeforeTax": 531479000, "incomeBeforeTaxRatio": 0.3898920437, "incomeTaxExpense": 145578000, "netIncome": 385901000, "netIncomeRatio": 0.2830962833, "eps": 4.13, "epsdiluted": 3.92, "weightedAverageShsOut": 93431000, "weightedAverageShsOutDil": 98500000, "link": "https://www.sec.gov/Archives/edgar/data/890926/000119312504042098/0001193125-04-042098-index.htm", "finalLink": "https://www.sec.gov/Archives/edgar/data/890926/000119312504042098/d10k.htm", "calculatedOtherExpenses": 771999000, "calculatedOperatingExpenses": 771999000, "calculatedNetInterest": -37542000, "calculatedOtherIncome": 188953000, "calculatedIncomeNonControlling": 0, "calculatedEbitda": 397378000}, {"date": "2002-12-31", "symbol": "RDN", "reportedCurrency": "USD", "cik": "0000890926", "fillingDate": "2003-03-21", "acceptedDate": "2003-03-21 16:56:39", "calendarYear": "2002", "period": "FY", "revenue": 1152090000, "costOfRevenue": 0, "grossProfit": 1152090000, "grossProfitRatio": 1, "researchAndDevelopmentExpenses": 0, "generalAndAdministrativeExpenses": 0, "sellingAndMarketingExpenses": 0, "sellingGeneralAndAdministrativeExpenses": 0, "otherExpenses": -679465000, "operatingExpenses": -679465000, "costAndExpenses": 550814000, "interestIncome": 0, "interestExpense": 28824000, "depreciationAndAmortization": 796000, "ebitda": 473421000, "ebitdaratio": 0.4109236258, "operatingIncome": 472625000, "operatingIncomeRatio": 0.4102327075, "totalOtherIncomeExpensesNet": 128651000, "incomeBeforeTax": 601276000, "incomeBeforeTaxRatio": 0.5219001988, "incomeTaxExpense": 174107000, "netIncome": 427169000, "netIncomeRatio": 0.3707774566, "eps": 4.52, "epsdiluted": 4.29, "weightedAverageShsOut": 94564000, "weightedAverageShsOutDil": 99500000, "link": "https://www.sec.gov/Archives/edgar/data/890926/000092838503000751/0000928385-03-000751-index.htm", "finalLink": "https://www.sec.gov/Archives/edgar/data/890926/000092838503000751/d10k.htm", "calculatedOtherExpenses": 679465000, "calculatedOperatingExpenses": 679465000, "calculatedNetInterest": -28824000, "calculatedOtherIncome": 157475000, "calculatedIncomeNonControlling": 0, "calculatedEbitda": 473421000}, {"date": "2001-12-31", "symbol": "RDN", "reportedCurrency": "USD", "cik": "0000890926", "fillingDate": "2002-04-01", "acceptedDate": "2002-04-01 00:00:00", "calendarYear": "2001", "period": "FY", "revenue": 947201000, "costOfRevenue": 0, "grossProfit": 947201000, "grossProfitRatio": 1, "researchAndDevelopmentExpenses": 0, "generalAndAdministrativeExpenses": 0, "sellingAndMarketingExpenses": 0, "sellingGeneralAndAdministrativeExpenses": 0, "otherExpenses": -524457000, "operatingExpenses": -524457000, "costAndExpenses": 441670000, "interestIncome": 0, "interestExpense": 17803000, "depreciationAndAmortization": 2486000, "ebitda": 425230000, "ebitdaratio": 0.4489332254, "operatingIncome": 422744000, "operatingIncomeRatio": 0.4463086504, "totalOtherIncomeExpensesNet": 82787000, "incomeBeforeTax": 505531000, "incomeBeforeTaxRatio": 0.533710374, "incomeTaxExpense": 145112000, "netIncome": 360419000, "netIncomeRatio": 0.3805095223, "eps": 4.03, "epsdiluted": 3.92, "weightedAverageShsOut": 89360000, "weightedAverageShsOutDil": 92000000, "link": "https://www.sec.gov/Archives/edgar/data/890926/000089322002000393/0000893220-02-000393-index.htm", "finalLink": "https://www.sec.gov/Archives/edgar/data/890926/000089322002000393/w56746e10-k.txt", "calculatedOtherExpenses": 524457000, "calculatedOperatingExpenses": 524457000, "calculatedNetInterest": -17803000, "calculatedOtherIncome": 100590000, "calculatedIncomeNonControlling": 0, "calculatedEbitda": 425230000}, {"date": "2000-12-31", "symbol": "RDN", "reportedCurrency": "USD", "cik": "0000890926", "fillingDate": "2001-04-02", "acceptedDate": "2001-04-02 00:00:00", "calendarYear": "2000", "period": "FY", "revenue": 615434000, "costOfRevenue": 0, "grossProfit": 615434000, "grossProfitRatio": 1, "researchAndDevelopmentExpenses": 0, "generalAndAdministrativeExpenses": 0, "sellingAndMarketingExpenses": 0, "sellingGeneralAndAdministrativeExpenses": 0, "otherExpenses": -270402000, "operatingExpenses": -270402000, "costAndExpenses": 262964000, "interestIncome": 0, "interestExpense": 0, "depreciationAndAmortization": 54629000, "ebitda": 399661000, "ebitdaratio": 0.6493970109, "operatingIncome": 345032000, "operatingIncomeRatio": 0.5606320093, "totalOtherIncomeExpensesNet": 7438000, "incomeBeforeTax": 352470000, "incomeBeforeTaxRatio": 0.5727177894, "incomeTaxExpense": 103532000, "netIncome": 248938000, "netIncomeRatio": 0.4044917895, "eps": 3.31, "epsdiluted": 3.26, "weightedAverageShsOut": 75172000, "weightedAverageShsOutDil": 76300000, "link": "https://www.sec.gov/Archives/edgar/data/890926/000089322001000415/0000893220-01-000415-index.htm", "finalLink": "https://www.sec.gov/Archives/edgar/data/890926/000089322001000415/w46732e10-k405.txt", "calculatedOtherExpenses": 270402000, "calculatedOperatingExpenses": 270402000, "calculatedNetInterest": 0, "calculatedOtherIncome": 7438000, "calculatedIncomeNonControlling": 0, "calculatedEbitda": 399661000}, {"date": "1999-12-31", "symbol": "RDN", "reportedCurrency": "USD", "cik": "0000890926", "fillingDate": "2000-03-31", "acceptedDate": "2000-03-31 00:00:00", "calendarYear": "1999", "period": "FY", "revenue": 552811000, "costOfRevenue": 0, "grossProfit": 552811000, "grossProfitRatio": 1, "researchAndDevelopmentExpenses": 0, "generalAndAdministrativeExpenses": 0, "sellingAndMarketingExpenses": 0, "sellingGeneralAndAdministrativeExpenses": 0, "otherExpenses": -344694000, "operatingExpenses": -344694000, "costAndExpenses": 333345000, "interestIncome": 0, "interestExpense": 0, "depreciationAndAmortization": 58800000, "ebitda": 266917000, "ebitdaratio": 0.4828359059, "operatingIncome": 208117000, "operatingIncomeRatio": 0.3764704393, "totalOtherIncomeExpensesNet": 11349000, "incomeBeforeTax": 219466000, "incomeBeforeTaxRatio": 0.3970000597, "incomeTaxExpense": 71328000, "netIncome": 148138000, "netIncomeRatio": 0.2679722364, "eps": 2, "epsdiluted": 1.96, "weightedAverageShsOut": 73896939, "weightedAverageShsOutDil": 75633420, "link": "https://www.sec.gov/Archives/edgar/data/890926/000089322000000400/0000893220-00-000400-index.html", "finalLink": "https://www.sec.gov/Archives/edgar/data/890926/000089322000000400/", "calculatedOtherExpenses": 344694000, "calculatedOperatingExpenses": 344694000, "calculatedNetInterest": 0, "calculatedOtherIncome": 11349000, "calculatedIncomeNonControlling": 0, "calculatedEbitda": 266917000}, {"date": "1998-12-31", "symbol": "RDN", "reportedCurrency": "USD", "cik": "0000890926", "fillingDate": "1999-04-15", "acceptedDate": "1999-04-15 00:00:00", "calendarYear": "1998", "period": "FY", "revenue": 332966000, "costOfRevenue": 0, "grossProfit": 332966000, "grossProfitRatio": 1, "researchAndDevelopmentExpenses": 0, "generalAndAdministrativeExpenses": 0, "sellingAndMarketingExpenses": 0, "sellingGeneralAndAdministrativeExpenses": 0, "otherExpenses": -217765000, "operatingExpenses": -217765000, "costAndExpenses": 207142000, "interestIncome": 0, "interestExpense": 0, "depreciationAndAmortization": 36100000, "ebitda": 151301000, "ebitdaratio": 0.4544037529, "operatingIncome": 115201000, "operatingIncomeRatio": 0.3459842747, "totalOtherIncomeExpensesNet": 10623000, "incomeBeforeTax": 125824000, "incomeBeforeTaxRatio": 0.3778884331, "incomeTaxExpense": 34770000, "netIncome": 91054000, "netIncomeRatio": 0.2734633566, "eps": 1.94, "epsdiluted": 1.86, "weightedAverageShsOut": 46971831, "weightedAverageShsOutDil": 49044118, "link": "https://www.sec.gov/Archives/edgar/data/890926/000089322099000468/0000893220-99-000468-index.html", "finalLink": "https://www.sec.gov/Archives/edgar/data/890926/", "calculatedOtherExpenses": 217765000, "calculatedOperatingExpenses": 217765000, "calculatedNetInterest": 0, "calculatedOtherIncome": 10623000, "calculatedIncomeNonControlling": 0, "calculatedEbitda": 151301000}, {"date": "1997-12-31", "symbol": "RDN", "reportedCurrency": "USD", "cik": "0000890926", "fillingDate": "1998-03-31", "acceptedDate": "1998-03-31 00:00:00", "calendarYear": "1997", "period": "FY", "revenue": 277310000, "costOfRevenue": 0, "grossProfit": 277310000, "grossProfitRatio": 1, "researchAndDevelopmentExpenses": 0, "generalAndAdministrativeExpenses": 0, "sellingAndMarketingExpenses": 0, "sellingGeneralAndAdministrativeExpenses": 0, "otherExpenses": -179824000, "operatingExpenses": -179824000, "costAndExpenses": 174817000, "interestIncome": 0, "interestExpense": 0, "depreciationAndAmortization": 31300000, "ebitda": 128786000, "ebitdaratio": 0.4644116693, "operatingIncome": 97486000, "operatingIncomeRatio": 0.351541596, "totalOtherIncomeExpensesNet": 5007000, "incomeBeforeTax": 102493000, "incomeBeforeTaxRatio": 0.3695972017, "incomeTaxExpense": 27526000, "netIncome": 74967000, "netIncomeRatio": 0.2703364466, "eps": 1.54, "epsdiluted": 1.53, "weightedAverageShsOut": 48761062, "weightedAverageShsOutDil": 48977778, "link": "https://www.sec.gov/Archives/edgar/data/890926/000089322098000626/0000893220-98-000626-index.html", "finalLink": "https://www.sec.gov/Archives/edgar/data/890926/", "calculatedOtherExpenses": 179824000, "calculatedOperatingExpenses": 179824000, "calculatedNetInterest": 0, "calculatedOtherIncome": 5007000, "calculatedIncomeNonControlling": 0, "calculatedEbitda": 128786000}, {"date": "1996-12-31", "symbol": "RDN", "reportedCurrency": "USD", "cik": "0000890926", "fillingDate": "1997-03-31", "acceptedDate": "1997-03-31 00:00:00", "calendarYear": "1996", "period": "FY", "revenue": 222596000, "costOfRevenue": 0, "grossProfit": 222596000, "grossProfitRatio": 1, "researchAndDevelopmentExpenses": 0, "generalAndAdministrativeExpenses": 0, "sellingAndMarketingExpenses": 0, "sellingGeneralAndAdministrativeExpenses": 0, "otherExpenses": -143817000, "operatingExpenses": -143817000, "costAndExpenses": 140021000, "interestIncome": 0, "interestExpense": 0, "depreciationAndAmortization": 26900000, "ebitda": 105679000, "ebitdaratio": 0.4747569588, "operatingIncome": 78779000, "operatingIncomeRatio": 0.353910223, "totalOtherIncomeExpensesNet": 3796000, "incomeBeforeTax": 82575000, "incomeBeforeTaxRatio": 0.3709635393, "incomeTaxExpense": 20354000, "netIncome": 62221000, "netIncomeRatio": 0.2795243401, "eps": 1.28, "epsdiluted": 1.27, "weightedAverageShsOut": 48800784, "weightedAverageShsOutDil": 48877005, "link": "https://www.sec.gov/Archives/edgar/data/890926/000089322097000669/0000893220-97-000669-index.html", "finalLink": "https://www.sec.gov/Archives/edgar/data/890926/", "calculatedOtherExpenses": 143817000, "calculatedOperatingExpenses": 143817000, "calculatedNetInterest": 0, "calculatedOtherIncome": 3796000, "calculatedIncomeNonControlling": 0, "calculatedEbitda": 105679000}, {"date": "1995-12-31", "symbol": "RDN", "reportedCurrency": "USD", "cik": "0000890926", "fillingDate": "1995-12-31", "acceptedDate": "1995-12-30 19:00:00", "calendarYear": "1995", "period": "FY", "revenue": 165600000, "costOfRevenue": 0, "grossProfit": 165600000, "grossProfitRatio": 1, "researchAndDevelopmentExpenses": 0, "generalAndAdministrativeExpenses": 0, "sellingAndMarketingExpenses": 0, "sellingGeneralAndAdministrativeExpenses": 0, "otherExpenses": -125900000, "operatingExpenses": -125900000, "costAndExpenses": 23400000, "interestIncome": 0, "interestExpense": 0, "depreciationAndAmortization": 23400000, "ebitda": 63100000, "ebitdaratio": 0.3810386473, "operatingIncome": 39700000, "operatingIncomeRatio": 0.2397342995, "totalOtherIncomeExpensesNet": 28500000, "incomeBeforeTax": 68200000, "incomeBeforeTaxRatio": 0.4118357488, "incomeTaxExpense": 17400000, "netIncome": 50800000, "netIncomeRatio": 0.306763285, "eps": 1.05, "epsdiluted": 1.05, "weightedAverageShsOut": 48612440, "weightedAverageShsOutDil": 48612440, "link": null, "finalLink": null, "calculatedOtherExpenses": 125900000, "calculatedOperatingExpenses": 125900000, "calculatedNetInterest": 0, "calculatedOtherIncome": 28500000, "calculatedIncomeNonControlling": 0, "calculatedEbitda": 63100000}, {"date": "1994-12-31", "symbol": "RDN", "reportedCurrency": "USD", "cik": "0000890926", "fillingDate": "1994-12-31", "acceptedDate": "1994-12-30 19:00:00", "calendarYear": "1994", "period": "FY", "revenue": 130500000, "costOfRevenue": 0, "grossProfit": 130500000, "grossProfitRatio": 1, "researchAndDevelopmentExpenses": 0, "generalAndAdministrativeExpenses": 0, "sellingAndMarketingExpenses": 0, "sellingGeneralAndAdministrativeExpenses": 0, "otherExpenses": -98600000, "operatingExpenses": -98600000, "costAndExpenses": 22500000, "interestIncome": 0, "interestExpense": 0, "depreciationAndAmortization": 22500000, "ebitda": 54400000, "ebitdaratio": 0.4168582375, "operatingIncome": 31900000, "operatingIncomeRatio": 0.2444444444, "totalOtherIncomeExpensesNet": 24400000, "incomeBeforeTax": 56300000, "incomeBeforeTaxRatio": 0.4314176245, "incomeTaxExpense": 15200000, "netIncome": 41100000, "netIncomeRatio": 0.3149425287, "eps": 0.86, "epsdiluted": 0.85, "weightedAverageShsOut": 48070175, "weightedAverageShsOutDil": 48352941, "link": null, "finalLink": null, "calculatedOtherExpenses": 98600000, "calculatedOperatingExpenses": 98600000, "calculatedNetInterest": 0, "calculatedOtherIncome": 24400000, "calculatedIncomeNonControlling": 0, "calculatedEbitda": 54400000}, {"date": "1993-12-31", "symbol": "RDN", "reportedCurrency": "USD", "cik": "0000890926", "fillingDate": "1993-12-31", "acceptedDate": "1993-12-30 19:00:00", "calendarYear": "1993", "period": "FY", "revenue": 107200000, "costOfRevenue": 0, "grossProfit": 107200000, "grossProfitRatio": 1, "researchAndDevelopmentExpenses": 0, "generalAndAdministrativeExpenses": 0, "sellingAndMarketingExpenses": 0, "sellingGeneralAndAdministrativeExpenses": 0, "otherExpenses": -82900000, "operatingExpenses": -82900000, "costAndExpenses": 18100000, "interestIncome": 0, "interestExpense": 0, "depreciationAndAmortization": 18100000, "ebitda": 42400000, "ebitdaratio": 0.3955223881, "operatingIncome": 24300000, "operatingIncomeRatio": 0.2266791045, "totalOtherIncomeExpensesNet": 25600000, "incomeBeforeTax": 49900000, "incomeBeforeTaxRatio": 0.4654850746, "incomeTaxExpense": 14100000, "netIncome": 35800000, "netIncomeRatio": 0.3339552239, "eps": 0.73, "epsdiluted": 0.73, "weightedAverageShsOut": 48707483, "weightedAverageShsOutDil": 48707483, "link": null, "finalLink": null, "calculatedOtherExpenses": 82900000, "calculatedOperatingExpenses": 82900000, "calculatedNetInterest": 0, "calculatedOtherIncome": 25600000, "calculatedIncomeNonControlling": 0, "calculatedEbitda": 42400000}, {"date": "1992-12-31", "symbol": "RDN", "reportedCurrency": "USD", "cik": "0000890926", "fillingDate": "1992-12-31", "acceptedDate": "1992-12-30 19:00:00", "calendarYear": "1992", "period": "FY", "revenue": 83500000, "costOfRevenue": 0, "grossProfit": 83500000, "grossProfitRatio": 1, "researchAndDevelopmentExpenses": 0, "generalAndAdministrativeExpenses": 0, "sellingAndMarketingExpenses": 0, "sellingGeneralAndAdministrativeExpenses": 0, "otherExpenses": -67500000, "operatingExpenses": -67500000, "costAndExpenses": 13400000, "interestIncome": 0, "interestExpense": 0, "depreciationAndAmortization": 13400000, "ebitda": 29400000, "ebitdaratio": 0.3520958084, "operatingIncome": 16000000, "operatingIncomeRatio": 0.1916167665, "totalOtherIncomeExpensesNet": 16400000, "incomeBeforeTax": 32400000, "incomeBeforeTaxRatio": 0.3880239521, "incomeTaxExpense": 10600000, "netIncome": 21800000, "netIncomeRatio": 0.2610778443, "eps": 0.49, "epsdiluted": 0.49, "weightedAverageShsOut": 44800000, "weightedAverageShsOutDil": 44800000, "link": null, "finalLink": null, "calculatedOtherExpenses": 67500000, "calculatedOperatingExpenses": 67500000, "calculatedNetInterest": 0, "calculatedOtherIncome": 16400000, "calculatedIncomeNonControlling": 0, "calculatedEbitda": 29400000}]}