{"originalCurrency": "USD", "convertedCurrency": "USD", "report": [{"date": "2023-12-31", "symbol": "RDNT", "reportedCurrency": "USD", "cik": "0000790526", "fillingDate": "2024-02-29", "acceptedDate": "2024-02-29 16:57:01", "calendarYear": "2023", "period": "FY", "revenue": 1616630000, "costOfRevenue": 1523630000, "grossProfit": 93000000, "grossProfitRatio": 0.0575270779, "researchAndDevelopmentExpenses": 0, "generalAndAdministrativeExpenses": 0, "sellingAndMarketingExpenses": 0, "sellingGeneralAndAdministrativeExpenses": 142235000, "otherExpenses": 1208000, "operatingExpenses": 128391000, "costAndExpenses": 1523630000, "interestIncome": 0, "interestExpense": 64483000, "depreciationAndAmortization": 189493000, "ebitda": 282493000, "ebitdaratio": 0.1747419014, "operatingIncome": 93000000, "operatingIncomeRatio": 0.0575270779, "totalOtherIncomeExpensesNet": -54190000, "incomeBeforeTax": 38810000, "incomeBeforeTaxRatio": 0.02400673, "incomeTaxExpense": 8473000, "netIncome": 3044000, "netIncomeRatio": 0.0018829293, "eps": 0.0479, "epsdiluted": 0.0471, "weightedAverageShsOut": 63580059, "weightedAverageShsOutDil": 64658299, "link": "https://www.sec.gov/Archives/edgar/data/790526/000162828024008035/0001628280-24-008035-index.htm", "finalLink": "https://www.sec.gov/Archives/edgar/data/790526/000162828024008035/rdnt-20231231.htm", "calculatedOtherExpenses": -142235000, "calculatedOperatingExpenses": 0, "calculatedNetInterest": -64483000, "calculatedOtherIncome": 10293000, "calculatedIncomeNonControlling": 27293000, "calculatedEbitda": 282493000}, {"date": "2022-12-31", "symbol": "RDNT", "reportedCurrency": "USD", "cik": "0000790526", "fillingDate": "2023-03-01", "acceptedDate": "2023-03-01 17:31:06", "calendarYear": "2022", "period": "FY", "revenue": 1430061000, "costOfRevenue": 1264346000, "grossProfit": 165715000, "grossProfitRatio": 0.1158796723, "researchAndDevelopmentExpenses": 0, "generalAndAdministrativeExpenses": 0, "sellingAndMarketingExpenses": 0, "sellingGeneralAndAdministrativeExpenses": 123058000, "otherExpenses": 115877000, "operatingExpenses": 115877000, "costAndExpenses": 1380223000, "interestIncome": 11220000, "interestExpense": 50841000, "depreciationAndAmortization": 196756000, "ebitda": 243119000, "ebitdaratio": 0.1700060347, "operatingIncome": 46363000, "operatingIncomeRatio": 0.0324202954, "totalOtherIncomeExpensesNet": -3394000, "incomeBeforeTax": 42969000, "incomeBeforeTaxRatio": 0.03004697, "incomeTaxExpense": 9361000, "netIncome": 33608000, "netIncomeRatio": 0.0235010954, "eps": 0.6, "epsdiluted": 0.59, "weightedAverageShsOut": 56293336, "weightedAverageShsOutDil": 57320870, "link": "https://www.sec.gov/Archives/edgar/data/790526/000079052623000003/0000790526-23-000003-index.htm", "finalLink": "https://www.sec.gov/Archives/edgar/data/790526/000079052623000003/rdnt-20221231.htm", "calculatedOtherExpenses": -3706000, "calculatedOperatingExpenses": 119352000, "calculatedNetInterest": -39621000, "calculatedOtherIncome": 36227000, "calculatedIncomeNonControlling": 0, "calculatedEbitda": 243119000}, {"date": "2021-12-31", "symbol": "RDNT", "reportedCurrency": "USD", "cik": "0000790526", "fillingDate": "2022-03-01", "acceptedDate": "2022-03-01 17:05:59", "calendarYear": "2021", "period": "FY", "revenue": 1315077000, "costOfRevenue": 1123274000, "grossProfit": 191803000, "grossProfitRatio": 0.1458492545, "researchAndDevelopmentExpenses": 0, "generalAndAdministrativeExpenses": 0, "sellingAndMarketingExpenses": 0, "sellingGeneralAndAdministrativeExpenses": 0, "otherExpenses": 87584000, "operatingExpenses": 87584000, "costAndExpenses": 1210858000, "interestIncome": 27160000, "interestExpense": 48830000, "depreciationAndAmortization": 182180000, "ebitda": 264734000, "ebitdaratio": 0.2013068436, "operatingIncome": 82554000, "operatingIncomeRatio": 0.0627750314, "totalOtherIncomeExpensesNet": -23675000, "incomeBeforeTax": 58879000, "incomeBeforeTaxRatio": 0.0447722833, "incomeTaxExpense": 14560000, "netIncome": 44319000, "netIncomeRatio": 0.0337006882, "eps": 0.84, "epsdiluted": 0.83, "weightedAverageShsOut": 52496679, "weightedAverageShsOutDil": 53421033, "link": "https://www.sec.gov/Archives/edgar/data/790526/000079052622000006/0000790526-22-000006-index.htm", "finalLink": "https://www.sec.gov/Archives/edgar/data/790526/000079052622000006/rdnt-20211231.htm", "calculatedOtherExpenses": 109249000, "calculatedOperatingExpenses": 109249000, "calculatedNetInterest": -21670000, "calculatedOtherIncome": -2005000, "calculatedIncomeNonControlling": 0, "calculatedEbitda": 264734000}, {"date": "2020-12-31", "symbol": "RDNT", "reportedCurrency": "USD", "cik": "0000790526", "fillingDate": "2021-03-16", "acceptedDate": "2021-03-16 15:41:01", "calendarYear": "2020", "period": "FY", "revenue": 1071840000, "costOfRevenue": 965902000, "grossProfit": 105938000, "grossProfitRatio": 0.0988375131, "researchAndDevelopmentExpenses": 0, "generalAndAdministrativeExpenses": 0, "sellingAndMarketingExpenses": 0, "sellingGeneralAndAdministrativeExpenses": 0, "otherExpenses": 60531000, "operatingExpenses": 60531000, "costAndExpenses": 1026433000, "interestIncome": 48410000, "interestExpense": 45882000, "depreciationAndAmortization": 154710000, "ebitda": 207942000, "ebitdaratio": 0.1940047022, "operatingIncome": 53232000, "operatingIncomeRatio": 0.049664129, "totalOtherIncomeExpensesNet": -54086000, "incomeBeforeTax": -854000, "incomeBeforeTaxRatio": -0.0007967607, "incomeTaxExpense": 895000, "netIncome": -1749000, "netIncomeRatio": -0.0016317734, "eps": -0.0344, "epsdiluted": -0.0344, "weightedAverageShsOut": 50891791, "weightedAverageShsOutDil": 50891791, "link": "https://www.sec.gov/Archives/edgar/data/790526/000079052621000009/0000790526-21-000009-index.htm", "finalLink": "https://www.sec.gov/Archives/edgar/data/790526/000079052621000009/rdnt-20201231.htm", "calculatedOtherExpenses": 52706000, "calculatedOperatingExpenses": 52706000, "calculatedNetInterest": 2528000, "calculatedOtherIncome": -56614000, "calculatedIncomeNonControlling": 0, "calculatedEbitda": 207942000}, {"date": "2019-12-31", "symbol": "RDNT", "reportedCurrency": "USD", "cik": "0000790526", "fillingDate": "2020-03-16", "acceptedDate": "2020-03-16 16:45:30", "calendarYear": "2019", "period": "FY", "revenue": 1154179000, "costOfRevenue": 999692000, "grossProfit": 154487000, "grossProfitRatio": 0.133850122, "researchAndDevelopmentExpenses": 0, "generalAndAdministrativeExpenses": 0, "sellingAndMarketingExpenses": 0, "sellingGeneralAndAdministrativeExpenses": 0, "otherExpenses": 80607000, "operatingExpenses": 80607000, "costAndExpenses": 1080299000, "interestIncome": 48044000, "interestExpense": 48044000, "depreciationAndAmortization": 159286000, "ebitda": 229164000, "ebitdaratio": 0.1985515245, "operatingIncome": 69878000, "operatingIncomeRatio": 0.0605434686, "totalOtherIncomeExpensesNet": -40209000, "incomeBeforeTax": 29669000, "incomeBeforeTaxRatio": 0.0257057181, "incomeTaxExpense": 6229000, "netIncome": 23440000, "netIncomeRatio": 0.0203088083, "eps": 0.47, "epsdiluted": 0.47, "weightedAverageShsOut": 49674858, "weightedAverageShsOutDil": 50244006, "link": "https://www.sec.gov/Archives/edgar/data/790526/000079052620000003/0000790526-20-000003-index.htm", "finalLink": "https://www.sec.gov/Archives/edgar/data/790526/000079052620000003/radnet10k2019document.htm", "calculatedOtherExpenses": 84609000, "calculatedOperatingExpenses": 84609000, "calculatedNetInterest": 0, "calculatedOtherIncome": -40209000, "calculatedIncomeNonControlling": 0, "calculatedEbitda": 229164000}, {"date": "2018-12-31", "symbol": "RDNT", "reportedCurrency": "USD", "cik": "0000790526", "fillingDate": "2019-03-18", "acceptedDate": "2019-03-18 17:04:08", "calendarYear": "2018", "period": "FY", "revenue": 975146000, "costOfRevenue": 867547000, "grossProfit": 107599000, "grossProfitRatio": 0.1103414258, "researchAndDevelopmentExpenses": 0, "generalAndAdministrativeExpenses": 0, "sellingAndMarketingExpenses": 0, "sellingGeneralAndAdministrativeExpenses": 0, "otherExpenses": 181000, "operatingExpenses": 72899000, "costAndExpenses": 940446000, "interestIncome": 39539000, "interestExpense": 43456000, "depreciationAndAmortization": 72899000, "ebitda": 158696000, "ebitdaratio": 0.1627407588, "operatingIncome": 30886000, "operatingIncomeRatio": 0.0316732059, "totalOtherIncomeExpensesNet": 47283000, "incomeBeforeTax": 38527000, "incomeBeforeTaxRatio": 0.0395089556, "incomeTaxExpense": 394000, "netIncome": 32243000, "netIncomeRatio": 0.0330647923, "eps": 0.67, "epsdiluted": 0.66, "weightedAverageShsOut": 48114275, "weightedAverageShsOutDil": 48678999, "link": "https://www.sec.gov/Archives/edgar/data/790526/000162828019003087/0001628280-19-003087-index.htm", "finalLink": "https://www.sec.gov/Archives/edgar/data/790526/000162828019003087/radnet10k2018document.htm", "calculatedOtherExpenses": 76713000, "calculatedOperatingExpenses": 76713000, "calculatedNetInterest": -3917000, "calculatedOtherIncome": 11558000, "calculatedIncomeNonControlling": 5890000, "calculatedEbitda": 103785000}, {"date": "2017-12-31", "symbol": "RDNT", "reportedCurrency": "USD", "cik": "0000790526", "fillingDate": "2018-03-19", "acceptedDate": "2018-03-16 21:39:33", "calendarYear": "2017", "period": "FY", "revenue": 922186000, "costOfRevenue": 802377000, "grossProfit": 119809000, "grossProfitRatio": 0.1299184763, "researchAndDevelopmentExpenses": 0, "generalAndAdministrativeExpenses": 1821000, "sellingAndMarketingExpenses": 0, "sellingGeneralAndAdministrativeExpenses": 1821000, "otherExpenses": 258000, "operatingExpenses": 66796000, "costAndExpenses": 869173000, "interestIncome": 0, "interestExpense": 40623000, "depreciationAndAmortization": 66796000, "ebitda": 133621000, "ebitdaratio": 0.1448959321, "operatingIncome": 50050000, "operatingIncomeRatio": 0.054273216, "totalOtherIncomeExpensesNet": 13995000, "incomeBeforeTax": 26385000, "incomeBeforeTaxRatio": 0.0286113647, "incomeTaxExpense": 24310000, "netIncome": 53000, "netIncomeRatio": 5.74721e-05, "eps": 0.0011, "epsdiluted": 0.0011, "weightedAverageShsOut": 46880775, "weightedAverageShsOutDil": 47401921, "link": "https://www.sec.gov/Archives/edgar/data/790526/000168316818000705/0001683168-18-000705-index.htm", "finalLink": "https://www.sec.gov/Archives/edgar/data/790526/000168316818000705/radnet_10k-123117.htm", "calculatedOtherExpenses": 67938000, "calculatedOperatingExpenses": 69759000, "calculatedNetInterest": -40623000, "calculatedOtherIncome": 16958000, "calculatedIncomeNonControlling": 2022000, "calculatedEbitda": 116846000}, {"date": "2016-12-31", "symbol": "RDNT", "reportedCurrency": "USD", "cik": "0000790526", "fillingDate": "2017-03-17", "acceptedDate": "2017-03-16 19:15:28", "calendarYear": "2016", "period": "FY", "revenue": 884535000, "costOfRevenue": 775801000, "grossProfit": 108734000, "grossProfitRatio": 0.1229278661, "researchAndDevelopmentExpenses": 0, "generalAndAdministrativeExpenses": 2877000, "sellingAndMarketingExpenses": 0, "sellingGeneralAndAdministrativeExpenses": 2877000, "otherExpenses": 2612000, "operatingExpenses": 66610000, "costAndExpenses": 842411000, "interestIncome": 0, "interestExpense": 43455000, "depreciationAndAmortization": 66610000, "ebitda": 121113000, "ebitdaratio": 0.1369227899, "operatingIncome": 38480000, "operatingIncomeRatio": 0.0435030835, "totalOtherIncomeExpensesNet": 13767000, "incomeBeforeTax": 12436000, "incomeBeforeTaxRatio": 0.0140593645, "incomeTaxExpense": 4432000, "netIncome": 7230000, "netIncomeRatio": 0.0081737862, "eps": 0.16, "epsdiluted": 0.15, "weightedAverageShsOut": 46244188, "weightedAverageShsOutDil": 46655032, "link": "https://www.sec.gov/Archives/edgar/data/790526/000168316817000586/0001683168-17-000586-index.htm", "finalLink": "https://www.sec.gov/Archives/edgar/data/790526/000168316817000586/radnet_10k-123116.htm", "calculatedOtherExpenses": 67377000, "calculatedOperatingExpenses": 70254000, "calculatedNetInterest": -43455000, "calculatedOtherIncome": 17411000, "calculatedIncomeNonControlling": 774000, "calculatedEbitda": 105090000}, {"date": "2015-12-31", "symbol": "RDNT", "reportedCurrency": "USD", "cik": "0000790526", "fillingDate": "2016-03-15", "acceptedDate": "2016-03-15 17:02:01", "calendarYear": "2015", "period": "FY", "revenue": 809628000, "costOfRevenue": 708289000, "grossProfit": 101339000, "grossProfitRatio": 0.1251673608, "researchAndDevelopmentExpenses": 0, "generalAndAdministrativeExpenses": 745000, "sellingAndMarketingExpenses": 0, "sellingGeneralAndAdministrativeExpenses": 745000, "otherExpenses": 2851000, "operatingExpenses": 60611000, "costAndExpenses": 768900000, "interestIncome": 0, "interestExpense": 41684000, "depreciationAndAmortization": 60611000, "ebitda": 113117000, "ebitdaratio": 0.1397147826, "operatingIncome": 39117000, "operatingIncomeRatio": 0.0483147816, "totalOtherIncomeExpensesNet": 15601000, "incomeBeforeTax": 14645000, "incomeBeforeTaxRatio": 0.0180885542, "incomeTaxExpense": 6007000, "netIncome": 7709000, "netIncomeRatio": 0.0095216569, "eps": 0.18, "epsdiluted": 0.17, "weightedAverageShsOut": 43805794, "weightedAverageShsOutDil": 45171372, "link": "https://www.sec.gov/Archives/edgar/data/790526/000101968716005474/0001019687-16-005474-index.htm", "finalLink": "https://www.sec.gov/Archives/edgar/data/790526/000101968716005474/radnet_10k-123115.htm", "calculatedOtherExpenses": 61477000, "calculatedOperatingExpenses": 62222000, "calculatedNetInterest": -41684000, "calculatedOtherIncome": 17212000, "calculatedIncomeNonControlling": 929000, "calculatedEbitda": 99728000}, {"date": "2014-12-31", "symbol": "RDNT", "reportedCurrency": "USD", "cik": "0000790526", "fillingDate": "2015-03-16", "acceptedDate": "2015-03-16 16:45:54", "calendarYear": "2014", "period": "FY", "revenue": 717569000, "costOfRevenue": 602652000, "grossProfit": 114917000, "grossProfitRatio": 0.1601476652, "researchAndDevelopmentExpenses": 0, "generalAndAdministrativeExpenses": 1241000, "sellingAndMarketingExpenses": 0, "sellingGeneralAndAdministrativeExpenses": 1241000, "otherExpenses": 2031000, "operatingExpenses": 59258000, "costAndExpenses": 661910000, "interestIncome": 0, "interestExpense": 42727000, "depreciationAndAmortization": 59258000, "ebitda": 123918000, "ebitdaratio": 0.1726914067, "operatingIncome": 53305000, "operatingIncomeRatio": 0.0742855391, "totalOtherIncomeExpensesNet": -9280000, "incomeBeforeTax": 3652000, "incomeBeforeTaxRatio": 0.005089406, "incomeTaxExpense": 1967000, "netIncome": 1376000, "netIncomeRatio": 0.0019175856, "eps": 0.03, "epsdiluted": 0.03, "weightedAverageShsOut": 41070077, "weightedAverageShsOutDil": 43149196, "link": "https://www.sec.gov/Archives/edgar/data/790526/000101968715000986/0001019687-15-000986-index.htm", "finalLink": "https://www.sec.gov/Archives/edgar/data/790526/000101968715000986/rdnt_10k-123114.htm", "calculatedOtherExpenses": 60371000, "calculatedOperatingExpenses": 61612000, "calculatedNetInterest": -42727000, "calculatedOtherIncome": -6926000, "calculatedIncomeNonControlling": 309000, "calculatedEbitda": 112563000}, {"date": "2013-12-31", "symbol": "RDNT", "reportedCurrency": "USD", "cik": "0000790526", "fillingDate": "2014-03-17", "acceptedDate": "2014-03-17 15:34:53", "calendarYear": "2013", "period": "FY", "revenue": 702986000, "costOfRevenue": 598655000, "grossProfit": 104331000, "grossProfitRatio": 0.1484112059, "researchAndDevelopmentExpenses": 0, "generalAndAdministrativeExpenses": 806000, "sellingAndMarketingExpenses": 0, "sellingGeneralAndAdministrativeExpenses": 806000, "otherExpenses": -228000, "operatingExpenses": 58890000, "costAndExpenses": 657545000, "interestIncome": 0, "interestExpense": 45791000, "depreciationAndAmortization": 58890000, "ebitda": 110297000, "ebitdaratio": 0.1568978614, "operatingIncome": 43603000, "operatingIncomeRatio": 0.0620254173, "totalOtherIncomeExpensesNet": 6236000, "incomeBeforeTax": 5886000, "incomeBeforeTaxRatio": 0.0083728552, "incomeTaxExpense": 3510000, "netIncome": 2120000, "netIncomeRatio": 0.0030157073, "eps": 0.05, "epsdiluted": 0.05, "weightedAverageShsOut": 39140480, "weightedAverageShsOutDil": 39814535, "link": "https://www.sec.gov/Archives/edgar/data/790526/000101968714000870/0001019687-14-000870-index.htm", "finalLink": "https://www.sec.gov/Archives/edgar/data/790526/000101968714000870/radnet_10k-123113.htm", "calculatedOtherExpenses": 59922000, "calculatedOperatingExpenses": 60728000, "calculatedNetInterest": -45791000, "calculatedOtherIncome": 8074000, "calculatedIncomeNonControlling": 256000, "calculatedEbitda": 102493000}, {"date": "2012-12-31", "symbol": "RDNT", "reportedCurrency": "USD", "cik": "0000790526", "fillingDate": "2013-03-18", "acceptedDate": "2013-03-18 14:52:23", "calendarYear": "2012", "period": "FY", "revenue": 647153000, "costOfRevenue": 542993000, "grossProfit": 104160000, "grossProfitRatio": 0.1609511198, "researchAndDevelopmentExpenses": 0, "generalAndAdministrativeExpenses": 2736000, "sellingAndMarketingExpenses": -2000000, "sellingGeneralAndAdministrativeExpenses": 736000, "otherExpenses": 3679000, "operatingExpenses": 57740000, "costAndExpenses": 600733000, "interestIncome": 0, "interestExpense": 53783000, "depreciationAndAmortization": 57740000, "ebitda": 107839000, "ebitdaratio": 0.1666360196, "operatingIncome": 45228000, "operatingIncomeRatio": 0.0698876464, "totalOtherIncomeExpensesNet": 5264000, "incomeBeforeTax": -2099000, "incomeBeforeTaxRatio": -0.003243437, "incomeTaxExpense": -59910000, "netIncome": 64517000, "netIncomeRatio": 0.099693581, "eps": 1.71, "epsdiluted": 1.64, "weightedAverageShsOut": 37751170, "weightedAverageShsOutDil": 39244686, "link": "https://www.sec.gov/Archives/edgar/data/790526/000101968713000862/0001019687-13-000862-index.htm", "finalLink": "https://www.sec.gov/Archives/edgar/data/790526/000101968713000862/radnet_10k-123112.htm", "calculatedOtherExpenses": 58196000, "calculatedOperatingExpenses": 58932000, "calculatedNetInterest": -53783000, "calculatedOtherIncome": 6456000, "calculatedIncomeNonControlling": -6706000, "calculatedEbitda": 102968000}, {"date": "2011-12-31", "symbol": "RDNT", "reportedCurrency": "USD", "cik": "0000790526", "fillingDate": "2012-03-13", "acceptedDate": "2012-03-13 15:54:54", "calendarYear": "2011", "period": "FY", "revenue": 619800000, "costOfRevenue": 477828000, "grossProfit": 141972000, "grossProfitRatio": 0.2290609874, "researchAndDevelopmentExpenses": 0, "generalAndAdministrativeExpenses": 0, "sellingAndMarketingExpenses": 0, "sellingGeneralAndAdministrativeExpenses": 1391000, "otherExpenses": 92160000, "operatingExpenses": 93551000, "costAndExpenses": 571379000, "interestIncome": 0, "interestExpense": 52798000, "depreciationAndAmortization": 57481000, "ebitda": 105902000, "ebitdaratio": 0.1708647951, "operatingIncome": 50661000, "operatingIncomeRatio": 0.0817376573, "totalOtherIncomeExpensesNet": 7315000, "incomeBeforeTax": 2938000, "incomeBeforeTaxRatio": 0.0047402388, "incomeTaxExpense": 820000, "netIncome": 7231000, "netIncomeRatio": 0.0116666667, "eps": 0.19, "epsdiluted": 0.19, "weightedAverageShsOut": 37367736, "weightedAverageShsOutDil": 38785675, "link": "https://www.sec.gov/Archives/edgar/data/790526/000101968712000931/0001019687-12-000931-index.htm", "finalLink": "https://www.sec.gov/Archives/edgar/data/790526/000101968712000931/rdnt_10k-123111.htm", "calculatedOtherExpenses": 89920000, "calculatedOperatingExpenses": 91311000, "calculatedNetInterest": -52798000, "calculatedOtherIncome": 5075000, "calculatedIncomeNonControlling": -5113000, "calculatedEbitda": 108142000}, {"date": "2010-12-31", "symbol": "RDNT", "reportedCurrency": "USD", "cik": "0000790526", "fillingDate": "2011-03-11", "acceptedDate": "2011-03-11 15:13:38", "calendarYear": "2010", "period": "FY", "revenue": 548537000, "costOfRevenue": 420973000, "grossProfit": 127564000, "grossProfitRatio": 0.2325531368, "researchAndDevelopmentExpenses": 0, "generalAndAdministrativeExpenses": 838000, "sellingAndMarketingExpenses": 0, "sellingGeneralAndAdministrativeExpenses": 838000, "otherExpenses": 87155000, "operatingExpenses": 87993000, "costAndExpenses": 508966000, "interestIncome": 0, "interestExpense": 48398000, "depreciationAndAmortization": 53997000, "ebitda": 93568000, "ebitdaratio": 0.1705773722, "operatingIncome": 38435000, "operatingIncomeRatio": 0.0700681996, "totalOtherIncomeExpensesNet": -11512000, "incomeBeforeTax": -20339000, "incomeBeforeTaxRatio": -0.0370786292, "incomeTaxExpense": 576000, "netIncome": -12852000, "netIncomeRatio": -0.0234295955, "eps": -0.35, "epsdiluted": -0.35, "weightedAverageShsOut": 36853477, "weightedAverageShsOutDil": 36853477, "link": "https://www.sec.gov/Archives/edgar/data/790526/000101968711000837/0001019687-11-000837-index.htm", "finalLink": "https://www.sec.gov/Archives/edgar/data/790526/000101968711000837/radnet_10k-123110.htm", "calculatedOtherExpenses": 88291000, "calculatedOperatingExpenses": 89129000, "calculatedNetInterest": -48398000, "calculatedOtherIncome": -10376000, "calculatedIncomeNonControlling": -8063000, "calculatedEbitda": 92432000}, {"date": "2009-12-31", "symbol": "RDNT", "reportedCurrency": "USD", "cik": "0000790526", "fillingDate": "2010-03-15", "acceptedDate": "2010-03-15 16:37:29", "calendarYear": "2009", "period": "FY", "revenue": 524368000, "costOfRevenue": 397753000, "grossProfit": 126615000, "grossProfitRatio": 0.241462103, "researchAndDevelopmentExpenses": 0, "generalAndAdministrativeExpenses": 731000, "sellingAndMarketingExpenses": 0, "sellingGeneralAndAdministrativeExpenses": 731000, "otherExpenses": 86504000, "operatingExpenses": 87235000, "costAndExpenses": 484988000, "interestIncome": 0, "interestExpense": 49193000, "depreciationAndAmortization": 53800000, "ebitda": 93180000, "ebitdaratio": 0.1776996308, "operatingIncome": 38857000, "operatingIncomeRatio": 0.0741025387, "totalOtherIncomeExpensesNet": -375000, "incomeBeforeTax": -10188000, "incomeBeforeTaxRatio": -0.0194291032, "incomeTaxExpense": 443000, "netIncome": -2267000, "netIncomeRatio": -0.0043232997, "eps": -0.0629, "epsdiluted": -0.0629, "weightedAverageShsOut": 36047033, "weightedAverageShsOutDil": 36047033, "link": "https://www.sec.gov/Archives/edgar/data/790526/000114420410013494/0001144204-10-013494-index.htm", "finalLink": "https://www.sec.gov/Archives/edgar/data/790526/000114420410013494/v177162_10k.htm", "calculatedOtherExpenses": 87027000, "calculatedOperatingExpenses": 87758000, "calculatedNetInterest": -49193000, "calculatedOtherIncome": 148000, "calculatedIncomeNonControlling": -8364000, "calculatedEbitda": 92657000}, {"date": "2008-12-31", "symbol": "RDNT", "reportedCurrency": "USD", "cik": "0000790526", "fillingDate": "2009-03-16", "acceptedDate": "2009-03-16 15:25:58", "calendarYear": "2008", "period": "FY", "revenue": 502118000, "costOfRevenue": 384297000, "grossProfit": 117821000, "grossProfitRatio": 0.2346480309, "researchAndDevelopmentExpenses": 0, "generalAndAdministrativeExpenses": 0, "sellingAndMarketingExpenses": 0, "sellingGeneralAndAdministrativeExpenses": 30832000, "otherExpenses": 54399000, "operatingExpenses": 85231000, "costAndExpenses": 469528000, "interestIncome": 0, "interestExpense": 51811000, "depreciationAndAmortization": 53548000, "ebitda": 86838000, "ebitdaratio": 0.1729434117, "operatingIncome": 32590000, "operatingIncomeRatio": 0.0649050622, "totalOtherIncomeExpensesNet": 5788000, "incomeBeforeTax": -19070000, "incomeBeforeTaxRatio": -0.0379791204, "incomeTaxExpense": 151000, "netIncome": -12836000, "netIncomeRatio": -0.0255637121, "eps": -0.36, "epsdiluted": -0.36, "weightedAverageShsOut": 35721028, "weightedAverageShsOutDil": 35721028, "link": "https://www.sec.gov/Archives/edgar/data/790526/000101968709000850/0001019687-09-000850-index.htm", "finalLink": "https://www.sec.gov/Archives/edgar/data/790526/000101968709000850/radnet_10k-123108.txt", "calculatedOtherExpenses": 54399000, "calculatedOperatingExpenses": 85231000, "calculatedNetInterest": -51811000, "calculatedOtherIncome": 151000, "calculatedIncomeNonControlling": -6385000, "calculatedEbitda": 86138000}, {"date": "2007-12-31", "symbol": "RDNT", "reportedCurrency": "USD", "cik": "0000790526", "fillingDate": "2008-04-01", "acceptedDate": "2008-04-01 09:44:54", "calendarYear": "2007", "period": "FY", "revenue": 425470000, "costOfRevenue": 330550000, "grossProfit": 94920000, "grossProfitRatio": 0.2230944602, "researchAndDevelopmentExpenses": 0, "generalAndAdministrativeExpenses": 0, "sellingAndMarketingExpenses": 0, "sellingGeneralAndAdministrativeExpenses": 27467000, "otherExpenses": 45353000, "operatingExpenses": 72820000, "costAndExpenses": 403370000, "interestIncome": 0, "interestExpense": 44307000, "depreciationAndAmortization": 45281000, "ebitda": 66490000, "ebitdaratio": 0.1562742379, "operatingIncome": 21166000, "operatingIncomeRatio": 0.0497473382, "totalOtherIncomeExpensesNet": 4941000, "incomeBeforeTax": -18131000, "incomeBeforeTaxRatio": -0.0426140503, "incomeTaxExpense": 337000, "netIncome": -18131000, "netIncomeRatio": -0.0426140503, "eps": -0.52, "epsdiluted": -0.52, "weightedAverageShsOut": 34592716, "weightedAverageShsOutDil": 34592716, "link": "https://www.sec.gov/Archives/edgar/data/790526/000101968708001442/0001019687-08-001442-index.htm", "finalLink": "https://www.sec.gov/Archives/edgar/data/790526/000101968708001442/radnet_10k-123107.txt", "calculatedOtherExpenses": 46287000, "calculatedOperatingExpenses": 73754000, "calculatedNetInterest": -44307000, "calculatedOtherIncome": 5010000, "calculatedIncomeNonControlling": -337000, "calculatedEbitda": 66447000}, {"date": "2006-10-31", "symbol": "RDNT", "reportedCurrency": "USD", "cik": "0000790526", "fillingDate": "2007-02-07", "acceptedDate": "2007-02-07 15:06:27", "calendarYear": "2006", "period": "FY", "revenue": 161005000, "costOfRevenue": 120342000, "grossProfit": 40663000, "grossProfitRatio": 0.252557374, "researchAndDevelopmentExpenses": 0, "generalAndAdministrativeExpenses": 0, "sellingAndMarketingExpenses": 0, "sellingGeneralAndAdministrativeExpenses": 7626000, "otherExpenses": 16767000, "operatingExpenses": 24393000, "costAndExpenses": 144735000, "interestIncome": 0, "interestExpense": 20362000, "depreciationAndAmortization": 16394000, "ebitda": 35922000, "ebitdaratio": 0.2231110835, "operatingIncome": 16270000, "operatingIncomeRatio": 0.1010527623, "totalOtherIncomeExpensesNet": -3175000, "incomeBeforeTax": -6894000, "incomeBeforeTaxRatio": -0.042818546, "incomeTaxExpense": 23247000, "netIncome": -6894000, "netIncomeRatio": -0.042818546, "eps": -0.33, "epsdiluted": -0.33, "weightedAverageShsOut": 21013957, "weightedAverageShsOutDil": 21013957, "link": "https://www.sec.gov/Archives/edgar/data/790526/000101968707000320/0001019687-07-000320-index.htm", "finalLink": "https://www.sec.gov/Archives/edgar/data/790526/000101968707000320/radnet_10k-103106.txt", "calculatedOtherExpenses": 16767000, "calculatedOperatingExpenses": 24393000, "calculatedNetInterest": -20362000, "calculatedOtherIncome": -2802000, "calculatedIncomeNonControlling": -23247000, "calculatedEbitda": 32664000}, {"date": "2005-10-31", "symbol": "RDNT", "reportedCurrency": "USD", "cik": "0000790526", "fillingDate": "2006-02-14", "acceptedDate": "2006-02-14 16:51:29", "calendarYear": "2005", "period": "FY", "revenue": 145573000, "costOfRevenue": 109012000, "grossProfit": 36561000, "grossProfitRatio": 0.2511523428, "researchAndDevelopmentExpenses": 0, "generalAndAdministrativeExpenses": 0, "sellingAndMarketingExpenses": 0, "sellingGeneralAndAdministrativeExpenses": 5625000, "otherExpenses": 17101000, "operatingExpenses": 22726000, "costAndExpenses": 131738000, "interestIncome": 0, "interestExpense": 17493000, "depreciationAndAmortization": 16937000, "ebitda": 30413000, "ebitdaratio": 0.2089192364, "operatingIncome": 13835000, "operatingIncomeRatio": 0.0950382282, "totalOtherIncomeExpensesNet": 523000, "incomeBeforeTax": -3135000, "incomeBeforeTaxRatio": -0.021535587, "incomeTaxExpense": 17134000, "netIncome": -3135000, "netIncomeRatio": -0.021535587, "eps": -0.15, "epsdiluted": -0.15, "weightedAverageShsOut": 20603955, "weightedAverageShsOutDil": 20603955, "link": "https://www.sec.gov/Archives/edgar/data/790526/000101968706000361/0001019687-06-000361-index.htm", "finalLink": "https://www.sec.gov/Archives/edgar/data/790526/000101968706000361/primedex_10k-103105.txt", "calculatedOtherExpenses": 17101000, "calculatedOperatingExpenses": 22726000, "calculatedNetInterest": -17493000, "calculatedOtherIncome": 523000, "calculatedIncomeNonControlling": -17134000, "calculatedEbitda": 30772000}, {"date": "2004-10-31", "symbol": "RDNT", "reportedCurrency": "USD", "cik": "0000790526", "fillingDate": "2005-01-31", "acceptedDate": "2005-01-31 13:28:46", "calendarYear": "2004", "period": "FY", "revenue": 137277000, "costOfRevenue": 105828000, "grossProfit": 31449000, "grossProfitRatio": 0.2290915448, "researchAndDevelopmentExpenses": 0, "generalAndAdministrativeExpenses": 0, "sellingAndMarketingExpenses": 0, "sellingGeneralAndAdministrativeExpenses": 3911000, "otherExpenses": 17762000, "operatingExpenses": 21673000, "costAndExpenses": 127501000, "interestIncome": 0, "interestExpense": 17285000, "depreciationAndAmortization": 17762000, "ebitda": 29019000, "ebitdaratio": 0.211390109, "operatingIncome": 9776000, "operatingIncomeRatio": 0.0712136775, "totalOtherIncomeExpensesNet": -1481000, "incomeBeforeTax": -9341000, "incomeBeforeTaxRatio": -0.0680449019, "incomeTaxExpense": 5235000, "netIncome": -14576000, "netIncomeRatio": -0.1061794765, "eps": -0.71, "epsdiluted": -0.71, "weightedAverageShsOut": 20459722, "weightedAverageShsOutDil": 20459722, "link": "https://www.sec.gov/Archives/edgar/data/790526/000101968705000206/0001019687-05-000206-index.htm", "finalLink": "https://www.sec.gov/Archives/edgar/data/790526/000101968705000206/primedex_10k-103104.txt", "calculatedOtherExpenses": 17762000, "calculatedOperatingExpenses": 21673000, "calculatedNetInterest": -17285000, "calculatedOtherIncome": -1832000, "calculatedIncomeNonControlling": 0, "calculatedEbitda": 27538000}, {"date": "2003-10-31", "symbol": "RDNT", "reportedCurrency": "USD", "cik": "0000790526", "fillingDate": "2004-02-06", "acceptedDate": "2004-02-06 09:46:20", "calendarYear": "2003", "period": "FY", "revenue": 140259000, "costOfRevenue": 106078000, "grossProfit": 34181000, "grossProfitRatio": 0.2436991566, "researchAndDevelopmentExpenses": 0, "generalAndAdministrativeExpenses": 0, "sellingAndMarketingExpenses": 0, "sellingGeneralAndAdministrativeExpenses": 4944000, "otherExpenses": 16874000, "operatingExpenses": 21818000, "costAndExpenses": 127896000, "interestIncome": 0, "interestExpense": 17948000, "depreciationAndAmortization": 16937000, "ebitda": 29078000, "ebitdaratio": 0.2073164645, "operatingIncome": 12363000, "operatingIncomeRatio": 0.0881440763, "totalOtherIncomeExpensesNet": 222000, "incomeBeforeTax": -5363000, "incomeBeforeTaxRatio": -0.0382364055, "incomeTaxExpense": -2200, "netIncome": -2267000, "netIncomeRatio": -0.0161629557, "eps": -0.12, "epsdiluted": -0.11, "weightedAverageShsOut": 18891667, "weightedAverageShsOutDil": 20542680, "link": "https://www.sec.gov/Archives/edgar/data/790526/000119312504015956/0001193125-04-015956-index.htm", "finalLink": "https://www.sec.gov/Archives/edgar/data/790526/000119312504015956/d10k.htm", "calculatedOtherExpenses": 16874000, "calculatedOperatingExpenses": 21818000, "calculatedNetInterest": -17948000, "calculatedOtherIncome": 222000, "calculatedIncomeNonControlling": -3093800, "calculatedEbitda": 29300000}, {"date": "2002-10-31", "symbol": "RDNT", "reportedCurrency": "USD", "cik": "0000790526", "fillingDate": "2003-02-18", "acceptedDate": "2003-02-18 10:10:55", "calendarYear": "2002", "period": "FY", "revenue": 139281000, "costOfRevenue": 105473000, "grossProfit": 33808000, "grossProfitRatio": 0.2427323181, "researchAndDevelopmentExpenses": 0, "generalAndAdministrativeExpenses": 0, "sellingAndMarketingExpenses": 0, "sellingGeneralAndAdministrativeExpenses": 7183000, "otherExpenses": 15309000, "operatingExpenses": 22492000, "costAndExpenses": 127965000, "interestIncome": 0, "interestExpense": 16693000, "depreciationAndAmortization": 15309000, "ebitda": 26413000, "ebitdaratio": 0.1896382134, "operatingIncome": 11316000, "operatingIncomeRatio": 0.0812458268, "totalOtherIncomeExpensesNet": 212000, "incomeBeforeTax": -5165000, "incomeBeforeTaxRatio": -0.0370833064, "incomeTaxExpense": 16867000, "netIncome": -5551000, "netIncomeRatio": -0.0398546823, "eps": -0.27, "epsdiluted": -0.27, "weightedAverageShsOut": 20437848, "weightedAverageShsOutDil": 20437848, "link": "https://www.sec.gov/Archives/edgar/data/790526/000101968703000296/0001019687-03-000296-index.htm", "finalLink": "https://www.sec.gov/Archives/edgar/data/790526/000101968703000296/primedex_10k-103102.txt", "calculatedOtherExpenses": 15309000, "calculatedOperatingExpenses": 22492000, "calculatedNetInterest": -16693000, "calculatedOtherIncome": 212000, "calculatedIncomeNonControlling": -16481000, "calculatedEbitda": 26625000}, {"date": "2001-10-31", "symbol": "RDNT", "reportedCurrency": "USD", "cik": "0000790526", "fillingDate": "2002-02-13", "acceptedDate": "2002-02-13 00:00:00", "calendarYear": "2001", "period": "FY", "revenue": 111837000, "costOfRevenue": 78008000, "grossProfit": 33829000, "grossProfitRatio": 0.3024848664, "researchAndDevelopmentExpenses": 0, "generalAndAdministrativeExpenses": 0, "sellingAndMarketingExpenses": 0, "sellingGeneralAndAdministrativeExpenses": 4022000, "otherExpenses": 10705000, "operatingExpenses": 14727000, "costAndExpenses": 92735000, "interestIncome": 0, "interestExpense": 13620000, "depreciationAndAmortization": 10705000, "ebitda": 26109000, "ebitdaratio": 0.233455833, "operatingIncome": 19102000, "operatingIncomeRatio": 0.1708021496, "totalOtherIncomeExpensesNet": 3698000, "incomeBeforeTax": 9180000, "incomeBeforeTaxRatio": 0.0820837469, "incomeTaxExpense": -5110000, "netIncome": 14501000, "netIncomeRatio": 0.1296619187, "eps": 0.74, "epsdiluted": 0.68, "weightedAverageShsOut": 19980486, "weightedAverageShsOutDil": 22085274, "link": "https://www.sec.gov/Archives/edgar/data/790526/000101968702000206/0001019687-02-000206-index.htm", "finalLink": "https://www.sec.gov/Archives/edgar/data/790526/000101968702000206/primedex_10k-103101.txt", "calculatedOtherExpenses": 10705000, "calculatedOperatingExpenses": 14727000, "calculatedNetInterest": -13620000, "calculatedOtherIncome": 3698000, "calculatedIncomeNonControlling": -211000, "calculatedEbitda": 29807000}, {"date": "2000-10-31", "symbol": "RDNT", "reportedCurrency": "USD", "cik": "0000790526", "fillingDate": "2001-02-14", "acceptedDate": "2001-02-14 00:00:00", "calendarYear": "2000", "period": "FY", "revenue": 87964616, "costOfRevenue": 62014384, "grossProfit": 25950232, "grossProfitRatio": 0.2950076199, "researchAndDevelopmentExpenses": 0, "generalAndAdministrativeExpenses": 0, "sellingAndMarketingExpenses": 0, "sellingGeneralAndAdministrativeExpenses": 2581444, "otherExpenses": 8772590, "operatingExpenses": 11354034, "costAndExpenses": 73368418, "interestIncome": 0, "interestExpense": 13139706, "depreciationAndAmortization": 8772590, "ebitda": 23464561, "ebitdaratio": 0.2667499964, "operatingIncome": 14596198, "operatingIncomeRatio": 0.1659326064, "totalOtherIncomeExpensesNet": -95773, "incomeBeforeTax": 14500425, "incomeBeforeTaxRatio": 0.164843839, "incomeTaxExpense": 11982167, "netIncome": 2614031, "netIncomeRatio": 0.0297168466, "eps": 0.14, "epsdiluted": 0.14, "weightedAverageShsOut": 19496161, "weightedAverageShsOutDil": 19921711, "link": "https://www.sec.gov/Archives/edgar/data/790526/000101968701000199/0001019687-01-000199-index.htm", "finalLink": "https://www.sec.gov/Archives/edgar/data/790526/000101968701000199/0001019687-01-000199-0001.txt", "calculatedOtherExpenses": 8772590, "calculatedOperatingExpenses": 11354034, "calculatedNetInterest": -13139706, "calculatedOtherIncome": 13043933, "calculatedIncomeNonControlling": -95773, "calculatedEbitda": 23368788}, {"date": "1999-10-31", "symbol": "RDNT", "reportedCurrency": "USD", "cik": "0000790526", "fillingDate": "2000-02-15", "acceptedDate": "2000-02-15 00:00:00", "calendarYear": "1999", "period": "FY", "revenue": 72300000, "costOfRevenue": 59300000, "grossProfit": 13000000, "grossProfitRatio": 0.1798063624, "researchAndDevelopmentExpenses": 0, "generalAndAdministrativeExpenses": 0, "sellingAndMarketingExpenses": 0, "sellingGeneralAndAdministrativeExpenses": 3100000, "otherExpenses": 7500000, "operatingExpenses": 10600000, "costAndExpenses": 69900000, "interestIncome": 0, "interestExpense": 0, "depreciationAndAmortization": 7500000, "ebitda": 11900000, "ebitdaratio": 0.1645919779, "operatingIncome": 2400000, "operatingIncomeRatio": 0.0331950207, "totalOtherIncomeExpensesNet": -2000000, "incomeBeforeTax": 400000, "incomeBeforeTaxRatio": 0.0055325035, "incomeTaxExpense": 11400000, "netIncome": -9000000, "netIncomeRatio": -0.1244813278, "eps": -0.46, "epsdiluted": -0.46, "weightedAverageShsOut": 19486954, "weightedAverageShsOutDil": 19486954, "link": "https://www.sec.gov/Archives/edgar/data/790526/000101968700000140/0001019687-00-000140-index.html", "finalLink": "https://www.sec.gov/Archives/edgar/data/790526/000101968700000140/", "calculatedOtherExpenses": 7500000, "calculatedOperatingExpenses": 10600000, "calculatedNetInterest": 0, "calculatedOtherIncome": -2000000, "calculatedIncomeNonControlling": -2000000, "calculatedEbitda": 9900000}, {"date": "1998-10-31", "symbol": "RDNT", "reportedCurrency": "USD", "cik": "0000790526", "fillingDate": "1999-02-16", "acceptedDate": "1999-02-16 00:00:00", "calendarYear": "1998", "period": "FY", "revenue": 58820543, "costOfRevenue": 0, "grossProfit": 58820543, "grossProfitRatio": 1, "researchAndDevelopmentExpenses": 0, "generalAndAdministrativeExpenses": 0, "sellingAndMarketingExpenses": 0, "sellingGeneralAndAdministrativeExpenses": 0, "otherExpenses": 75328705, "operatingExpenses": 75328705, "costAndExpenses": 75328705, "interestIncome": 139636, "interestExpense": 9278547, "depreciationAndAmortization": 8642584, "ebitda": -4017192, "ebitdaratio": -0.0682957313, "operatingIncome": -16508162, "operatingIncomeRatio": -0.2806530025, "totalOtherIncomeExpensesNet": -3848386, "incomeBeforeTax": -20356548, "incomeBeforeTaxRatio": -0.3460788861, "incomeTaxExpense": 12813670, "netIncome": -29321832, "netIncomeRatio": -0.4984964522, "eps": -1.5, "epsdiluted": -1.5, "weightedAverageShsOut": 19534589, "weightedAverageShsOutDil": 19534589, "link": "https://www.sec.gov/Archives/edgar/data/790526/000091390699000019/0000913906-99-000019-index.html", "finalLink": "https://www.sec.gov/Archives/edgar/data/790526/", "calculatedOtherExpenses": 75328705, "calculatedOperatingExpenses": 75328705, "calculatedNetInterest": -9138911, "calculatedOtherIncome": 5290525, "calculatedIncomeNonControlling": -3848386, "calculatedEbitda": -7865578}, {"date": "1997-10-31", "symbol": "RDNT", "reportedCurrency": "USD", "cik": "0000790526", "fillingDate": "1998-03-27", "acceptedDate": "1998-03-27 00:00:00", "calendarYear": "1997", "period": "FY", "revenue": 67018507, "costOfRevenue": 0, "grossProfit": 67018507, "grossProfitRatio": 1, "researchAndDevelopmentExpenses": 0, "generalAndAdministrativeExpenses": 0, "sellingAndMarketingExpenses": 0, "sellingGeneralAndAdministrativeExpenses": 0, "otherExpenses": 74024866, "operatingExpenses": 74024866, "costAndExpenses": 74024866, "interestIncome": 295168, "interestExpense": 9844505, "depreciationAndAmortization": 8783419, "ebitda": -13005366, "ebitdaratio": -0.1940563373, "operatingIncome": -7668385, "operatingIncomeRatio": -0.1144219014, "totalOtherIncomeExpensesNet": 14782426, "incomeBeforeTax": 7114041, "incomeBeforeTaxRatio": 0.1061503951, "incomeTaxExpense": -6258264, "netIncome": -748095, "netIncomeRatio": -0.0111625137, "eps": -0.0385, "epsdiluted": -0.0385, "weightedAverageShsOut": 19426952, "weightedAverageShsOutDil": 19426952, "link": "https://www.sec.gov/Archives/edgar/data/790526/000091390698000030/0000913906-98-000030-index.html", "finalLink": "https://www.sec.gov/Archives/edgar/data/790526/", "calculatedOtherExpenses": 74686892, "calculatedOperatingExpenses": 74686892, "calculatedNetInterest": -9549337, "calculatedOtherIncome": 24331763, "calculatedIncomeNonControlling": 14120400, "calculatedEbitda": 1115034}, {"date": "1996-10-31", "symbol": "RDNT", "reportedCurrency": "USD", "cik": "0000790526", "fillingDate": "1997-06-16", "acceptedDate": "1997-06-16 00:00:00", "calendarYear": "1996", "period": "FY", "revenue": 56538507, "costOfRevenue": 0, "grossProfit": 56538507, "grossProfitRatio": 1, "researchAndDevelopmentExpenses": 0, "generalAndAdministrativeExpenses": 0, "sellingAndMarketingExpenses": 0, "sellingGeneralAndAdministrativeExpenses": 0, "otherExpenses": 58371627, "operatingExpenses": 58371627, "costAndExpenses": 58371627, "interestIncome": 258390, "interestExpense": 7892653, "depreciationAndAmortization": 6040256, "ebitda": 3128881, "ebitdaratio": 0.0553407079, "operatingIncome": -1833120, "operatingIncomeRatio": -0.0324225045, "totalOtherIncomeExpensesNet": 1078255, "incomeBeforeTax": -754865, "incomeBeforeTaxRatio": -0.013351343, "incomeTaxExpense": 6527976, "netIncome": -8361096, "netIncomeRatio": -0.1478832117, "eps": -0.43, "epsdiluted": -0.43, "weightedAverageShsOut": 19588140, "weightedAverageShsOutDil": 19588140, "link": "https://www.sec.gov/Archives/edgar/data/790526/000091390697000067/0000913906-97-000067-index.html", "finalLink": "https://www.sec.gov/Archives/edgar/data/790526/", "calculatedOtherExpenses": 58371627, "calculatedOperatingExpenses": 58371627, "calculatedNetInterest": -7634263, "calculatedOtherIncome": 8712518, "calculatedIncomeNonControlling": 1078255, "calculatedEbitda": 4207136}, {"date": "1995-10-31", "symbol": "RDNT", "reportedCurrency": "USD", "cik": "0000790526", "fillingDate": "1995-10-31", "acceptedDate": "1995-10-30 19:00:00", "calendarYear": "1995", "period": "FY", "revenue": 45344879, "costOfRevenue": 0, "grossProfit": 45344879, "grossProfitRatio": 1, "researchAndDevelopmentExpenses": 0, "generalAndAdministrativeExpenses": 0, "sellingAndMarketingExpenses": 0, "sellingGeneralAndAdministrativeExpenses": 0, "otherExpenses": 98124172, "operatingExpenses": 98124172, "costAndExpenses": 98124172, "interestIncome": 295609, "interestExpense": 6184302, "depreciationAndAmortization": 8625336, "ebitda": -44563698, "ebitdaratio": -0.9827724538, "operatingIncome": -52779293, "operatingIncomeRatio": -1.1639526704, "totalOtherIncomeExpensesNet": 409741, "incomeBeforeTax": -58258245, "incomeBeforeTaxRatio": -1.2847811326, "incomeTaxExpense": 8649486, "netIncome": -61428779, "netIncomeRatio": -1.354701575, "eps": -3.07, "epsdiluted": -3.07, "weightedAverageShsOut": 20015730, "weightedAverageShsOutDil": 20015730, "link": "", "finalLink": "", "calculatedOtherExpenses": 98124172, "calculatedOperatingExpenses": 98124172, "calculatedNetInterest": -5888693, "calculatedOtherIncome": 409741, "calculatedIncomeNonControlling": -5478952, "calculatedEbitda": -44153957}]}