{"originalCurrency": "USD", "convertedCurrency": "USD", "report": [{"date": "2023-12-31", "symbol": "REG", "reportedCurrency": "USD", "cik": "0000910606", "fillingDate": "2024-02-16", "acceptedDate": "2024-02-16 14:06:04", "calendarYear": "2023", "period": "FY", "revenue": 1322466000, "costOfRevenue": 394769000, "grossProfit": 927697000, "grossProfitRatio": 0.7014902463, "researchAndDevelopmentExpenses": 0, "generalAndAdministrativeExpenses": 97806000, "sellingAndMarketingExpenses": 0, "sellingGeneralAndAdministrativeExpenses": 97806000, "otherExpenses": 9853000, "operatingExpenses": 459547000, "costAndExpenses": 854316000, "interestIncome": 1965000, "interestExpense": 155776000, "depreciationAndAmortization": 323152000, "ebitda": 872938000, "ebitdaratio": 0.6600835107, "operatingIncome": 325334000, "operatingIncomeRatio": 0.2460055684, "totalOtherIncomeExpensesNet": 56528000, "incomeBeforeTax": 370867000, "incomeBeforeTaxRatio": 0.2804359432, "incomeTaxExpense": 246814000, "netIncome": 364557000, "netIncomeRatio": 0.2756645539, "eps": 2.04, "epsdiluted": 2.04, "weightedAverageShsOut": 176085000, "weightedAverageShsOutDil": 176371000, "link": "https://www.sec.gov/Archives/edgar/data/910606/000095017024016260/0000950170-24-016260-index.htm", "finalLink": "https://www.sec.gov/Archives/edgar/data/910606/000095017024016260/reg-20231231.htm", "calculatedOtherExpenses": 504557000, "calculatedOperatingExpenses": 602363000, "calculatedNetInterest": -153811000, "calculatedOtherIncome": 199344000, "calculatedIncomeNonControlling": -240504000, "calculatedEbitda": 648486000}, {"date": "2022-12-31", "symbol": "REG", "reportedCurrency": "USD", "cik": "0000910606", "fillingDate": "2023-02-17", "acceptedDate": "2023-02-17 13:14:03", "calendarYear": "2022", "period": "FY", "revenue": 1224022000, "costOfRevenue": 345943000, "grossProfit": 878079000, "grossProfitRatio": 0.71737191, "researchAndDevelopmentExpenses": 588000, "generalAndAdministrativeExpenses": 79903000, "sellingAndMarketingExpenses": 0, "sellingGeneralAndAdministrativeExpenses": 79903000, "otherExpenses": 325275000, "operatingExpenses": 405766000, "costAndExpenses": 751709000, "interestIncome": 1148000, "interestExpense": 141320000, "depreciationAndAmortization": 319697000, "ebitda": 847406000, "ebitdaratio": 0.6923127199, "operatingIncome": 527709000, "operatingIncomeRatio": 0.4311270549, "totalOtherIncomeExpensesNet": -39674000, "incomeBeforeTax": 488035000, "incomeBeforeTaxRatio": 0.3987142388, "incomeTaxExpense": 146186000, "netIncome": 341849000, "netIncomeRatio": 0.2792833789, "eps": 1.99, "epsdiluted": 1.99, "weightedAverageShsOut": 171404000, "weightedAverageShsOutDil": 171791000, "link": "https://www.sec.gov/Archives/edgar/data/910606/000095017023003160/0000950170-23-003160-index.htm", "finalLink": "https://www.sec.gov/Archives/edgar/data/910606/000095017023003160/reg-20221231.htm", "calculatedOtherExpenses": 269879000, "calculatedOperatingExpenses": 350370000, "calculatedNetInterest": -140172000, "calculatedOtherIncome": 100498000, "calculatedIncomeNonControlling": 0, "calculatedEbitda": 847406000}, {"date": "2021-12-31", "symbol": "REG", "reportedCurrency": "USD", "cik": "0000910606", "fillingDate": "2022-02-17", "acceptedDate": "2022-02-17 16:03:13", "calendarYear": "2021", "period": "FY", "revenue": 1166161000, "costOfRevenue": 326682000, "grossProfit": 839479000, "grossProfitRatio": 0.7198654388, "researchAndDevelopmentExpenses": 1488000, "generalAndAdministrativeExpenses": 78218000, "sellingAndMarketingExpenses": 0, "sellingGeneralAndAdministrativeExpenses": 78218000, "otherExpenses": 307594000, "operatingExpenses": 387300000, "costAndExpenses": 713982000, "interestIncome": 1228000, "interestExpense": 139787000, "depreciationAndAmortization": 303331000, "ebitda": 797651000, "ebitdaratio": 0.6839973211, "operatingIncome": 494320000, "operatingIncomeRatio": 0.4238865817, "totalOtherIncomeExpensesNet": -128032000, "incomeBeforeTax": 366288000, "incomeBeforeTaxRatio": 0.3140972816, "incomeTaxExpense": 191750000, "netIncome": 174538000, "netIncomeRatio": 0.1496688708, "eps": 1.03, "epsdiluted": 1.02, "weightedAverageShsOut": 170236000, "weightedAverageShsOutDil": 170694000, "link": "https://www.sec.gov/Archives/edgar/data/910606/000095017022001418/0000950170-22-001418-index.htm", "finalLink": "https://www.sec.gov/Archives/edgar/data/910606/000095017022001418/reg-20211231.htm", "calculatedOtherExpenses": 265453000, "calculatedOperatingExpenses": 345159000, "calculatedNetInterest": -138559000, "calculatedOtherIncome": 10527000, "calculatedIncomeNonControlling": 0, "calculatedEbitda": 797651000}, {"date": "2020-12-31", "symbol": "REG", "reportedCurrency": "USD", "cik": "0000910606", "fillingDate": "2021-02-17", "acceptedDate": "2021-02-17 16:27:44", "calendarYear": "2020", "period": "FY", "revenue": 1016175000, "costOfRevenue": 313077000, "grossProfit": 703098000, "grossProfitRatio": 0.6919064138, "researchAndDevelopmentExpenses": 10470000, "generalAndAdministrativeExpenses": 75001000, "sellingAndMarketingExpenses": 0, "sellingGeneralAndAdministrativeExpenses": 75001000, "otherExpenses": 348072000, "operatingExpenses": 433543000, "costAndExpenses": 746620000, "interestIncome": 2872000, "interestExpense": 149439000, "depreciationAndAmortization": 345900000, "ebitda": 646714000, "ebitdaratio": 0.636419908, "operatingIncome": 300814000, "operatingIncomeRatio": 0.296025783, "totalOtherIncomeExpensesNet": -253497000, "incomeBeforeTax": 47317000, "incomeBeforeTaxRatio": 0.04656383, "incomeTaxExpense": 186036000, "netIncome": -138719000, "netIncomeRatio": -0.1365109356, "eps": -0.82, "epsdiluted": -0.82, "weightedAverageShsOut": 169231000, "weightedAverageShsOutDil": 169460000, "link": "https://www.sec.gov/Archives/edgar/data/910606/000156459021006390/0001564590-21-006390-index.htm", "finalLink": "https://www.sec.gov/Archives/edgar/data/910606/000156459021006390/reg-10k_20201231.htm", "calculatedOtherExpenses": 316813000, "calculatedOperatingExpenses": 402284000, "calculatedNetInterest": -146567000, "calculatedOtherIncome": -106930000, "calculatedIncomeNonControlling": 0, "calculatedEbitda": 646714000}, {"date": "2019-12-31", "symbol": "REG", "reportedCurrency": "USD", "cik": "0000910606", "fillingDate": "2020-02-18", "acceptedDate": "2020-02-14 19:43:33", "calendarYear": "2019", "period": "FY", "revenue": 1133138000, "costOfRevenue": 306145000, "grossProfit": 826993000, "grossProfitRatio": 0.7298254935, "researchAndDevelopmentExpenses": 2537000, "generalAndAdministrativeExpenses": 74984000, "sellingAndMarketingExpenses": 0, "sellingGeneralAndAdministrativeExpenses": 74984000, "otherExpenses": 379560000, "operatingExpenses": 457081000, "costAndExpenses": 763226000, "interestIncome": 2878000, "interestExpense": 141298000, "depreciationAndAmortization": 374283000, "ebitda": 802749000, "ebitdaratio": 0.7084300412, "operatingIncome": 428466000, "operatingIncomeRatio": 0.378123406, "totalOtherIncomeExpensesNet": -209450000, "incomeBeforeTax": 219016000, "incomeBeforeTaxRatio": 0.1932827246, "incomeTaxExpense": 181840000, "netIncome": 37176000, "netIncomeRatio": 0.0328080075, "eps": 0.22, "epsdiluted": 0.22, "weightedAverageShsOut": 167526000, "weightedAverageShsOutDil": 167771000, "link": "https://www.sec.gov/Archives/edgar/data/910606/000156459020004859/0001564590-20-004859-index.htm", "finalLink": "https://www.sec.gov/Archives/edgar/data/910606/000156459020004859/reg-10k_20191231.htm", "calculatedOtherExpenses": 321006000, "calculatedOperatingExpenses": 398527000, "calculatedNetInterest": -138420000, "calculatedOtherIncome": -71030000, "calculatedIncomeNonControlling": 0, "calculatedEbitda": 802749000}, {"date": "2018-12-31", "symbol": "REG", "reportedCurrency": "USD", "cik": "0000910606", "fillingDate": "2019-02-21", "acceptedDate": "2019-02-21 17:28:17", "calendarYear": "2018", "period": "FY", "revenue": 1120975000, "costOfRevenue": 305890000, "grossProfit": 815085000, "grossProfitRatio": 0.7271214791, "researchAndDevelopmentExpenses": 0, "generalAndAdministrativeExpenses": 65491000, "sellingAndMarketingExpenses": 0, "sellingGeneralAndAdministrativeExpenses": 65491000, "otherExpenses": 369425000, "operatingExpenses": 434916000, "costAndExpenses": 740806000, "interestIncome": 1230000, "interestExpense": 141278000, "depreciationAndAmortization": 326358000, "ebitda": 784061000, "ebitdaratio": 0.6994455719, "operatingIncome": 380169000, "operatingIncomeRatio": 0.3391413725, "totalOtherIncomeExpensesNet": -16139000, "incomeBeforeTax": 223982000, "incomeBeforeTaxRatio": 0.1998099868, "incomeTaxExpense": -14909000, "netIncome": 249127000, "netIncomeRatio": 0.2222413524, "eps": 1.47, "epsdiluted": 1.46, "weightedAverageShsOut": 169724000, "weightedAverageShsOutDil": 170100000, "link": "https://www.sec.gov/Archives/edgar/data/910606/000091060619000006/0000910606-19-000006-index.htm", "finalLink": "https://www.sec.gov/Archives/edgar/data/910606/000091060619000006/reg10-k123118.htm", "calculatedOtherExpenses": 369425000, "calculatedOperatingExpenses": 434916000, "calculatedNetInterest": -140048000, "calculatedOtherIncome": -16139000, "calculatedIncomeNonControlling": -10236000, "calculatedEbitda": 706527000}, {"date": "2017-12-31", "symbol": "REG", "reportedCurrency": "USD", "cik": "0000910606", "fillingDate": "2018-02-27", "acceptedDate": "2018-02-27 12:21:36", "calendarYear": "2017", "period": "FY", "revenue": 984326000, "costOfRevenue": 253713000, "grossProfit": 730613000, "grossProfitRatio": 0.7422469792, "researchAndDevelopmentExpenses": 0, "generalAndAdministrativeExpenses": 67624000, "sellingAndMarketingExpenses": 0, "sellingGeneralAndAdministrativeExpenses": 67624000, "otherExpenses": -155713000, "operatingExpenses": 491050000, "costAndExpenses": 744763000, "interestIncome": 1811000, "interestExpense": 132629000, "depreciationAndAmortization": 334201000, "ebitda": 582228000, "ebitdaratio": 0.5914991578, "operatingIncome": 248027000, "operatingIncomeRatio": 0.2519764793, "totalOtherIncomeExpensesNet": 34877000, "incomeBeforeTax": 141811000, "incomeBeforeTaxRatio": 0.1440691397, "incomeTaxExpense": -9737000, "netIncome": 176077000, "netIncomeRatio": 0.1788807773, "eps": 1, "epsdiluted": 1, "weightedAverageShsOut": 159536000, "weightedAverageShsOutDil": 159960000, "link": "https://www.sec.gov/Archives/edgar/data/910606/000091060618000010/0000910606-18-000010-index.htm", "finalLink": "https://www.sec.gov/Archives/edgar/data/910606/000091060618000010/reg10-k123117.htm", "calculatedOtherExpenses": 414962000, "calculatedOperatingExpenses": 482586000, "calculatedNetInterest": -130818000, "calculatedOtherIncome": 24602000, "calculatedIncomeNonControlling": -24529000, "calculatedEbitda": 582228000}, {"date": "2016-12-31", "symbol": "REG", "reportedCurrency": "USD", "cik": "0000910606", "fillingDate": "2017-02-27", "acceptedDate": "2017-02-27 15:41:52", "calendarYear": "2016", "period": "FY", "revenue": 614371000, "costOfRevenue": 161417000, "grossProfit": 452954000, "grossProfitRatio": 0.737264617, "researchAndDevelopmentExpenses": 0, "generalAndAdministrativeExpenses": 65327000, "sellingAndMarketingExpenses": 0, "sellingGeneralAndAdministrativeExpenses": 65327000, "otherExpenses": -119221000, "operatingExpenses": 241735000, "costAndExpenses": 403152000, "interestIncome": 1180000, "interestExpense": 83484000, "depreciationAndAmortization": 162327000, "ebitda": 431244000, "ebitdaratio": 0.7019276626, "operatingIncome": 268917000, "operatingIncomeRatio": 0.4377110899, "totalOtherIncomeExpensesNet": -9244000, "incomeBeforeTax": 119671000, "incomeBeforeTaxRatio": 0.1947862122, "incomeTaxExpense": 94751000, "netIncome": 164922000, "netIncomeRatio": 0.2684404049, "eps": 1.43, "epsdiluted": 1.42, "weightedAverageShsOut": 100863000, "weightedAverageShsOutDil": 101285000, "link": "https://www.sec.gov/Archives/edgar/data/910606/000091060617000006/0000910606-17-000006-index.htm", "finalLink": "https://www.sec.gov/Archives/edgar/data/910606/000091060617000006/reg10-k123116.htm", "calculatedOtherExpenses": 118710000, "calculatedOperatingExpenses": 184037000, "calculatedNetInterest": -82304000, "calculatedOtherIncome": -66942000, "calculatedIncomeNonControlling": -140002000, "calculatedEbitda": 431244000}, {"date": "2015-12-31", "symbol": "REG", "reportedCurrency": "USD", "cik": "0000910606", "fillingDate": "2016-02-18", "acceptedDate": "2016-02-18 13:50:32", "calendarYear": "2015", "period": "FY", "revenue": 569763000, "costOfRevenue": 144833000, "grossProfit": 424930000, "grossProfitRatio": 0.7458013244, "researchAndDevelopmentExpenses": 0, "generalAndAdministrativeExpenses": 65600000, "sellingAndMarketingExpenses": 0, "sellingGeneralAndAdministrativeExpenses": 65600000, "otherExpenses": -82336000, "operatingExpenses": 220265000, "costAndExpenses": 365098000, "interestIncome": 1590000, "interestExpense": 95312000, "depreciationAndAmortization": 146829000, "ebitda": 375592000, "ebitdaratio": 0.6592074248, "operatingIncome": 228763000, "operatingIncomeRatio": 0.4015055383, "totalOtherIncomeExpensesNet": 5994000, "incomeBeforeTax": 116937000, "incomeBeforeTaxRatio": 0.2052379674, "incomeTaxExpense": 84701000, "netIncome": 150056000, "netIncomeRatio": 0.263365645, "eps": 1.37, "epsdiluted": 1.36, "weightedAverageShsOut": 94391000, "weightedAverageShsOutDil": 94856000, "link": "https://www.sec.gov/Archives/edgar/data/910606/000091060616000047/0000910606-16-000047-index.htm", "finalLink": "https://www.sec.gov/Archives/edgar/data/910606/000091060616000047/reg10-k123115.htm", "calculatedOtherExpenses": 130567000, "calculatedOperatingExpenses": 196167000, "calculatedNetInterest": -93722000, "calculatedOtherIncome": -18104000, "calculatedIncomeNonControlling": -117820000, "calculatedEbitda": 375592000}, {"date": "2014-12-31", "symbol": "REG", "reportedCurrency": "USD", "cik": "0000910606", "fillingDate": "2015-02-20", "acceptedDate": "2015-02-20 14:02:14", "calendarYear": "2014", "period": "FY", "revenue": 537898000, "costOfRevenue": 136819000, "grossProfit": 401079000, "grossProfitRatio": 0.745641367, "researchAndDevelopmentExpenses": 0, "generalAndAdministrativeExpenses": 60242000, "sellingAndMarketingExpenses": 0, "sellingGeneralAndAdministrativeExpenses": 60242000, "otherExpenses": 0, "operatingExpenses": 216529000, "costAndExpenses": 353348000, "interestIncome": 1210000, "interestExpense": 101335000, "depreciationAndAmortization": 147791000, "ebitda": 383092000, "ebitdaratio": 0.7122019416, "operatingIncome": 235301000, "operatingIncomeRatio": 0.4374453893, "totalOtherIncomeExpensesNet": 48349000, "incomeBeforeTax": 132774000, "incomeBeforeTaxRatio": 0.24683862, "incomeTaxExpense": -996000, "netIncome": 187390000, "netIncomeRatio": 0.3483745989, "eps": 1.8, "epsdiluted": 1.8, "weightedAverageShsOut": 92370000, "weightedAverageShsOutDil": 92404000, "link": "https://www.sec.gov/Archives/edgar/data/910606/000091060615000006/0000910606-15-000006-index.htm", "finalLink": "https://www.sec.gov/Archives/edgar/data/910606/000091060615000006/reg10-k123114.htm", "calculatedOtherExpenses": 105536000, "calculatedOperatingExpenses": 165778000, "calculatedNetInterest": -100125000, "calculatedOtherIncome": -2402000, "calculatedIncomeNonControlling": -53620000, "calculatedEbitda": 383092000}, {"date": "2013-12-31", "symbol": "REG", "reportedCurrency": "USD", "cik": "0000910606", "fillingDate": "2014-02-19", "acceptedDate": "2014-02-19 16:51:14", "calendarYear": "2013", "period": "FY", "revenue": 489007000, "costOfRevenue": 124744000, "grossProfit": 364263000, "grossProfitRatio": 0.7449034472, "researchAndDevelopmentExpenses": 0, "generalAndAdministrativeExpenses": 61234000, "sellingAndMarketingExpenses": 0, "sellingGeneralAndAdministrativeExpenses": 61234000, "otherExpenses": 0, "operatingExpenses": 199943000, "costAndExpenses": 324687000, "interestIncome": 1643000, "interestExpense": 108966000, "depreciationAndAmortization": 130630000, "ebitda": 297725000, "ebitdaratio": 0.6088358653, "operatingIncome": 167095000, "operatingIncomeRatio": 0.341702675, "totalOtherIncomeExpensesNet": 28943000, "incomeBeforeTax": 84297000, "incomeBeforeTaxRatio": 0.1723840354, "incomeTaxExpense": 46234000, "netIncome": 149804000, "netIncomeRatio": 0.306343263, "eps": 1.4, "epsdiluted": 1.4, "weightedAverageShsOut": 91383000, "weightedAverageShsOutDil": 91409000, "link": "https://www.sec.gov/Archives/edgar/data/910606/000091060614000004/0000910606-14-000004-index.htm", "finalLink": "https://www.sec.gov/Archives/edgar/data/910606/000091060614000004/reg10-k123113.htm", "calculatedOtherExpenses": 135934000, "calculatedOperatingExpenses": 197168000, "calculatedNetInterest": -107323000, "calculatedOtherIncome": 24525000, "calculatedIncomeNonControlling": -111741000, "calculatedEbitda": 297725000}, {"date": "2012-12-31", "symbol": "REG", "reportedCurrency": "USD", "cik": "0000910606", "fillingDate": "2013-03-01", "acceptedDate": "2013-03-01 14:41:51", "calendarYear": "2012", "period": "FY", "revenue": 496920000, "costOfRevenue": 125504000, "grossProfit": 371416000, "grossProfitRatio": 0.747436207, "researchAndDevelopmentExpenses": 0, "generalAndAdministrativeExpenses": 61700000, "sellingAndMarketingExpenses": 0, "sellingGeneralAndAdministrativeExpenses": 61700000, "otherExpenses": 0, "operatingExpenses": 208978000, "costAndExpenses": 334482000, "interestIncome": 1675000, "interestExpense": 112129000, "depreciationAndAmortization": 126808000, "ebitda": 360699000, "ebitdaratio": 0.7258693552, "operatingIncome": 233891000, "operatingIncomeRatio": 0.4706813974, "totalOtherIncomeExpensesNet": -47646000, "incomeBeforeTax": 2663000, "incomeBeforeTaxRatio": 0.0053590115, "incomeTaxExpense": 13224000, "netIncome": 25867000, "netIncomeRatio": 0.0520546567, "eps": -0.08, "epsdiluted": -0.08, "weightedAverageShsOut": 89630000, "weightedAverageShsOutDil": 89669000, "link": "https://www.sec.gov/Archives/edgar/data/910606/000091060613000009/0000910606-13-000009-index.htm", "finalLink": "https://www.sec.gov/Archives/edgar/data/910606/000091060613000009/reg10-k123112.htm", "calculatedOtherExpenses": 75825000, "calculatedOperatingExpenses": 137525000, "calculatedNetInterest": -110454000, "calculatedOtherIncome": -120774000, "calculatedIncomeNonControlling": -36428000, "calculatedEbitda": 360699000}, {"date": "2011-12-31", "symbol": "REG", "reportedCurrency": "USD", "cik": "0000910606", "fillingDate": "2012-02-29", "acceptedDate": "2012-02-29 13:25:02", "calendarYear": "2011", "period": "FY", "revenue": 500417199, "costOfRevenue": 72625570, "grossProfit": 427791629, "grossProfitRatio": 0.8548699562, "researchAndDevelopmentExpenses": 0, "generalAndAdministrativeExpenses": 0, "sellingAndMarketingExpenses": 0, "sellingGeneralAndAdministrativeExpenses": 56117152, "otherExpenses": 0, "operatingExpenses": 253512056, "costAndExpenses": 326137626, "interestIncome": 2442000, "interestExpense": 123645013, "depreciationAndAmortization": 132129029, "ebitda": 318037316, "ebitdaratio": 0.6355443351, "operatingIncome": 185908287, "operatingIncomeRatio": 0.3715065896, "totalOtherIncomeExpensesNet": -11628714, "incomeBeforeTax": 39006000, "incomeBeforeTaxRatio": 0.0779469612, "incomeTaxExpense": 122909222, "netIncome": 51370351, "netIncomeRatio": 0.1026550468, "eps": 0.35, "epsdiluted": 0.35, "weightedAverageShsOut": 87825000, "weightedAverageShsOutDil": 88259000, "link": "https://www.sec.gov/Archives/edgar/data/910606/000091060612000004/0000910606-12-000004-index.htm", "finalLink": "https://www.sec.gov/Archives/edgar/data/910606/000091060612000004/reg10-k123111.htm", "calculatedOtherExpenses": 185766190, "calculatedOperatingExpenses": 241883342, "calculatedNetInterest": -121203013, "calculatedOtherIncome": -25699274, "calculatedIncomeNonControlling": -135273573, "calculatedEbitda": 318037316}, {"date": "2010-12-31", "symbol": "REG", "reportedCurrency": "USD", "cik": "0000910606", "fillingDate": "2011-03-01", "acceptedDate": "2011-03-01 14:41:24", "calendarYear": "2010", "period": "FY", "revenue": 486806353, "costOfRevenue": 70374590, "grossProfit": 416431763, "grossProfitRatio": 0.8554361718, "researchAndDevelopmentExpenses": 0, "generalAndAdministrativeExpenses": 0, "sellingAndMarketingExpenses": 0, "sellingGeneralAndAdministrativeExpenses": 56324460, "otherExpenses": 0, "operatingExpenses": 241248483, "costAndExpenses": 311623073, "interestIncome": 2408000, "interestExpense": 125286514, "depreciationAndAmortization": 123730787, "ebitda": 327360084, "ebitdaratio": 0.6724646915, "operatingIncome": 203629297, "operatingIncomeRatio": 0.4182963015, "totalOtherIncomeExpensesNet": -28446017, "incomeBeforeTax": 21451000, "incomeBeforeTaxRatio": 0.0440647495, "incomeTaxExpense": 163169557, "netIncome": 12013723, "netIncomeRatio": 0.0246786488, "eps": -0.14, "epsdiluted": -0.14, "weightedAverageShsOut": 81068000, "weightedAverageShsOutDil": 82602000, "link": "https://www.sec.gov/Archives/edgar/data/910606/000119312511051803/0001193125-11-051803-index.htm", "finalLink": "https://www.sec.gov/Archives/edgar/data/910606/000119312511051803/d10k.htm", "calculatedOtherExpenses": 156478006, "calculatedOperatingExpenses": 212802466, "calculatedNetInterest": -122878514, "calculatedOtherIncome": -59299783, "calculatedIncomeNonControlling": -153732280, "calculatedEbitda": 327360084}, {"date": "2009-12-31", "symbol": "REG", "reportedCurrency": "USD", "cik": "0000910606", "fillingDate": "2010-02-26", "acceptedDate": "2010-02-26 16:14:59", "calendarYear": "2009", "period": "FY", "revenue": 489232283, "costOfRevenue": 66060901, "grossProfit": 423171382, "grossProfitRatio": 0.8649702743, "researchAndDevelopmentExpenses": 0, "generalAndAdministrativeExpenses": 8247000, "sellingAndMarketingExpenses": 45888929, "sellingGeneralAndAdministrativeExpenses": 54135929, "otherExpenses": 295838000, "operatingExpenses": 239873637, "costAndExpenses": 305934538, "interestIncome": 0, "interestExpense": 109238549, "depreciationAndAmortization": 116924441, "ebitda": 384462383, "ebitdaratio": 0.7858483513, "operatingIncome": 267537942, "operatingIncomeRatio": 0.5468525919, "totalOtherIncomeExpensesNet": -84240197, "incomeBeforeTax": 183297745, "incomeBeforeTaxRatio": 0.3746640428, "incomeTaxExpense": 220001793, "netIncome": -36704048, "netIncomeRatio": -0.0750237653, "eps": -0.48, "epsdiluted": -0.48, "weightedAverageShsOut": 76829000, "weightedAverageShsOutDil": 76896000, "link": "https://www.sec.gov/Archives/edgar/data/910606/000119312510042921/0001193125-10-042921-index.htm", "finalLink": "https://www.sec.gov/Archives/edgar/data/910606/000119312510042921/d10k.htm", "calculatedOtherExpenses": 101497511, "calculatedOperatingExpenses": 155633440, "calculatedNetInterest": -109238549, "calculatedOtherIncome": 24998352, "calculatedIncomeNonControlling": 0, "calculatedEbitda": 384462383}, {"date": "2008-12-31", "symbol": "REG", "reportedCurrency": "USD", "cik": "0000910606", "fillingDate": "2009-03-17", "acceptedDate": "2009-03-17 16:40:00", "calendarYear": "2008", "period": "FY", "revenue": 493420893, "costOfRevenue": 59368170, "grossProfit": 434052723, "grossProfitRatio": 0.8796804699, "researchAndDevelopmentExpenses": 0, "generalAndAdministrativeExpenses": 0, "sellingAndMarketingExpenses": 0, "sellingGeneralAndAdministrativeExpenses": 47072332, "otherExpenses": 0, "operatingExpenses": 215272945, "costAndExpenses": 274641115, "interestIncome": 0, "interestExpense": 92784000, "depreciationAndAmortization": 104738780, "ebitda": 322148825, "ebitdaratio": 0.6528884966, "operatingIncome": 217410045, "operatingIncomeRatio": 0.4406178337, "totalOtherIncomeExpensesNet": 1369733, "incomeBeforeTax": 218779778, "incomeBeforeTaxRatio": 0.4433938269, "incomeTaxExpense": 69936492, "netIncome": 148843286, "netIncomeRatio": 0.3016558239, "eps": 1.66, "epsdiluted": 1.66, "weightedAverageShsOut": 69578000, "weightedAverageShsOutDil": 69662000, "link": "https://www.sec.gov/Archives/edgar/data/910606/000119312509056701/0001193125-09-056701-index.htm", "finalLink": "https://www.sec.gov/Archives/edgar/data/910606/000119312509056701/d10k.htm", "calculatedOtherExpenses": 169570346, "calculatedOperatingExpenses": 216642678, "calculatedNetInterest": -92784000, "calculatedOtherIncome": 94153733, "calculatedIncomeNonControlling": 0, "calculatedEbitda": 322148825}, {"date": "2007-12-31", "symbol": "REG", "reportedCurrency": "USD", "cik": "0000910606", "fillingDate": "2008-02-27", "acceptedDate": "2008-02-27 17:17:31", "calendarYear": "2007", "period": "FY", "revenue": 451508000, "costOfRevenue": 0, "grossProfit": 451508000, "grossProfitRatio": 1, "researchAndDevelopmentExpenses": 0, "generalAndAdministrativeExpenses": 50580000, "sellingAndMarketingExpenses": 0, "sellingGeneralAndAdministrativeExpenses": 50580000, "otherExpenses": 0, "operatingExpenses": 256764000, "costAndExpenses": 256764000, "interestIncome": 0, "interestExpense": 0, "depreciationAndAmortization": 93508000, "ebitda": 340467000, "ebitdaratio": 0.7540663731, "operatingIncome": 246959000, "operatingIncomeRatio": 0.5469648378, "totalOtherIncomeExpensesNet": -52215000, "incomeBeforeTax": 194744000, "incomeBeforeTaxRatio": 0.4313190464, "incomeTaxExpense": -8907000, "netIncome": 203651000, "netIncomeRatio": 0.4510462716, "eps": 2.65, "epsdiluted": 2.65, "weightedAverageShsOut": 68954000, "weightedAverageShsOutDil": 69198000, "link": "https://www.sec.gov/Archives/edgar/data/910606/000119312508040232/0001193125-08-040232-index.htm", "finalLink": "https://www.sec.gov/Archives/edgar/data/910606/000119312508040232/d10k.htm", "calculatedOtherExpenses": 153969000, "calculatedOperatingExpenses": 204549000, "calculatedNetInterest": 0, "calculatedOtherIncome": -52215000, "calculatedIncomeNonControlling": 0, "calculatedEbitda": 340467000}, {"date": "2006-12-31", "symbol": "REG", "reportedCurrency": "USD", "cik": "0000910606", "fillingDate": "2007-02-27", "acceptedDate": "2007-02-27 17:22:42", "calendarYear": "2006", "period": "FY", "revenue": 420338000, "costOfRevenue": 0, "grossProfit": 420338000, "grossProfitRatio": 1, "researchAndDevelopmentExpenses": 0, "generalAndAdministrativeExpenses": 45495000, "sellingAndMarketingExpenses": 0, "sellingGeneralAndAdministrativeExpenses": 45495000, "otherExpenses": 0, "operatingExpenses": 240521000, "costAndExpenses": 240521000, "interestIncome": 0, "interestExpense": 0, "depreciationAndAmortization": 87413000, "ebitda": 332830000, "ebitdaratio": 0.7918151583, "operatingIncome": 245417000, "operatingIncomeRatio": 0.5838563251, "totalOtherIncomeExpensesNet": -65600000, "incomeBeforeTax": 179817000, "incomeBeforeTaxRatio": 0.427791444, "incomeTaxExpense": -38694000, "netIncome": 218511000, "netIncomeRatio": 0.5198459335, "eps": 2.91, "epsdiluted": 2.89, "weightedAverageShsOut": 68328522, "weightedAverageShsOutDil": 68801384, "link": "https://www.sec.gov/Archives/edgar/data/910606/000119312507041200/0001193125-07-041200-index.htm", "finalLink": "https://www.sec.gov/Archives/edgar/data/910606/000119312507041200/d10k.htm", "calculatedOtherExpenses": 129426000, "calculatedOperatingExpenses": 174921000, "calculatedNetInterest": 0, "calculatedOtherIncome": -65600000, "calculatedIncomeNonControlling": 0, "calculatedEbitda": 332830000}, {"date": "2005-12-31", "symbol": "REG", "reportedCurrency": "USD", "cik": "0000910606", "fillingDate": "2006-03-10", "acceptedDate": "2006-03-09 17:32:55", "calendarYear": "2005", "period": "FY", "revenue": 394038000, "costOfRevenue": 0, "grossProfit": 394038000, "grossProfitRatio": 1, "researchAndDevelopmentExpenses": 0, "generalAndAdministrativeExpenses": 37815000, "sellingAndMarketingExpenses": 0, "sellingGeneralAndAdministrativeExpenses": 37815000, "otherExpenses": 0, "operatingExpenses": 213517000, "costAndExpenses": 213517000, "interestIncome": 0, "interestExpense": 0, "depreciationAndAmortization": 83495000, "ebitda": 282436000, "ebitdaratio": 0.7167735092, "operatingIncome": 198941000, "operatingIncomeRatio": 0.5048777022, "totalOtherIncomeExpensesNet": -18420000, "incomeBeforeTax": 180521000, "incomeBeforeTaxRatio": 0.4581309417, "incomeTaxExpense": 17874000, "netIncome": 162647000, "netIncomeRatio": 0.4127698344, "eps": 2.25, "epsdiluted": 2.23, "weightedAverageShsOut": 64845778, "weightedAverageShsOutDil": 65427354, "link": "https://www.sec.gov/Archives/edgar/data/910606/000119312506049806/0001193125-06-049806-index.htm", "finalLink": "https://www.sec.gov/Archives/edgar/data/910606/000119312506049806/d10k.htm", "calculatedOtherExpenses": 157282000, "calculatedOperatingExpenses": 195097000, "calculatedNetInterest": 0, "calculatedOtherIncome": -18420000, "calculatedIncomeNonControlling": 0, "calculatedEbitda": 282436000}, {"date": "2004-12-31", "symbol": "REG", "reportedCurrency": "USD", "cik": "0000910606", "fillingDate": "2005-03-16", "acceptedDate": "2005-03-16 10:40:08", "calendarYear": "2004", "period": "FY", "revenue": 391948000, "costOfRevenue": 0, "grossProfit": 391948000, "grossProfitRatio": 1, "researchAndDevelopmentExpenses": 0, "generalAndAdministrativeExpenses": 30282000, "sellingAndMarketingExpenses": 0, "sellingGeneralAndAdministrativeExpenses": 30282000, "otherExpenses": 0, "operatingExpenses": 213716000, "costAndExpenses": 213716000, "interestIncome": 0, "interestExpense": 0, "depreciationAndAmortization": 81936000, "ebitda": 298745000, "ebitdaratio": 0.7622057008, "operatingIncome": 216809000, "operatingIncomeRatio": 0.5531575617, "totalOtherIncomeExpensesNet": -38577000, "incomeBeforeTax": 178232000, "incomeBeforeTaxRatio": 0.4547337912, "incomeTaxExpense": 41905000, "netIncome": 136327000, "netIncomeRatio": 0.3478190985, "eps": 2.03, "epsdiluted": 2.03, "weightedAverageShsOut": 60777037, "weightedAverageShsOutDil": 61391346, "link": "https://www.sec.gov/Archives/edgar/data/910606/000119312505052155/0001193125-05-052155-index.htm", "finalLink": "https://www.sec.gov/Archives/edgar/data/910606/000119312505052155/d10k.htm", "calculatedOtherExpenses": 144857000, "calculatedOperatingExpenses": 175139000, "calculatedNetInterest": 0, "calculatedOtherIncome": -38577000, "calculatedIncomeNonControlling": 0, "calculatedEbitda": 298745000}, {"date": "2003-12-31", "symbol": "REG", "reportedCurrency": "USD", "cik": "0000910606", "fillingDate": "2004-03-12", "acceptedDate": "2004-03-12 09:58:04", "calendarYear": "2003", "period": "FY", "revenue": 377621423, "costOfRevenue": 0, "grossProfit": 377621423, "grossProfitRatio": 1, "researchAndDevelopmentExpenses": 0, "generalAndAdministrativeExpenses": 24229199, "sellingAndMarketingExpenses": 0, "sellingGeneralAndAdministrativeExpenses": 24229199, "otherExpenses": 0, "operatingExpenses": 196925781, "costAndExpenses": 196925781, "interestIncome": 0, "interestExpense": 0, "depreciationAndAmortization": 75022774, "ebitda": 255718416, "ebitdaratio": 0.6771819617, "operatingIncome": 180695642, "operatingIncomeRatio": 0.4785100394, "totalOtherIncomeExpensesNet": 0, "incomeBeforeTax": 0, "incomeBeforeTaxRatio": 0, "incomeTaxExpense": 49906147, "netIncome": 130789495, "netIncomeRatio": 0.3463508345, "eps": 2.11, "epsdiluted": 2.11, "weightedAverageShsOut": 59133230, "weightedAverageShsOutDil": 59723585, "link": "https://www.sec.gov/Archives/edgar/data/910606/000089706904000579/0000897069-04-000579-index.htm", "finalLink": "https://www.sec.gov/Archives/edgar/data/910606/000089706904000579/dkm115.txt", "calculatedOtherExpenses": 172696582, "calculatedOperatingExpenses": 196925781, "calculatedNetInterest": 0, "calculatedOtherIncome": -180695642, "calculatedIncomeNonControlling": -180695642, "calculatedEbitda": 255718416}, {"date": "2002-12-31", "symbol": "REG", "reportedCurrency": "USD", "cik": "0000910606", "fillingDate": "2003-03-18", "acceptedDate": "2003-03-18 14:56:12", "calendarYear": "2002", "period": "FY", "revenue": 380202982, "costOfRevenue": 0, "grossProfit": 380202982, "grossProfitRatio": 1, "researchAndDevelopmentExpenses": 0, "generalAndAdministrativeExpenses": 22567414, "sellingAndMarketingExpenses": 0, "sellingGeneralAndAdministrativeExpenses": 22567414, "otherExpenses": 0, "operatingExpenses": 184325313, "costAndExpenses": 184325313, "interestIncome": 0, "interestExpense": 0, "depreciationAndAmortization": 74379661, "ebitda": 272640854, "ebitdaratio": 0.717092887, "operatingIncome": 198261193, "operatingIncomeRatio": 0.5214614361, "totalOtherIncomeExpensesNet": -2383524, "incomeBeforeTax": 195877669, "incomeBeforeTaxRatio": 0.5151923532, "incomeTaxExpense": 85353001, "netIncome": 110524668, "netIncomeRatio": 0.2906991087, "eps": 1.81, "epsdiluted": 1.81, "weightedAverageShsOut": 58285766, "weightedAverageShsOutDil": 58514130, "link": "https://www.sec.gov/Archives/edgar/data/910606/000089706903000331/0000897069-03-000331-index.htm", "finalLink": "https://www.sec.gov/Archives/edgar/data/910606/000089706903000331/dkm305.txt", "calculatedOtherExpenses": 159374375, "calculatedOperatingExpenses": 181941789, "calculatedNetInterest": 0, "calculatedOtherIncome": -2383524, "calculatedIncomeNonControlling": 0, "calculatedEbitda": 272640854}, {"date": "2001-12-31", "symbol": "REG", "reportedCurrency": "USD", "cik": "0000910606", "fillingDate": "2002-03-22", "acceptedDate": "2002-03-22 00:00:00", "calendarYear": "2001", "period": "FY", "revenue": 388549509, "costOfRevenue": 0, "grossProfit": 388549509, "grossProfitRatio": 1, "researchAndDevelopmentExpenses": 0, "generalAndAdministrativeExpenses": 20560939, "sellingAndMarketingExpenses": 0, "sellingGeneralAndAdministrativeExpenses": 20560939, "otherExpenses": 0, "operatingExpenses": 181397513, "costAndExpenses": 181397513, "interestIncome": 0, "interestExpense": 0, "depreciationAndAmortization": 67505587, "ebitda": 273958207, "ebitdaratio": 0.7050792773, "operatingIncome": 206452620, "operatingIncomeRatio": 0.5313418631, "totalOtherIncomeExpensesNet": 699376, "incomeBeforeTax": 207151996, "incomeBeforeTaxRatio": 0.5331418293, "incomeTaxExpense": 106487789, "netIncome": 100664207, "netIncomeRatio": 0.2590769121, "eps": 1.7, "epsdiluted": 1.69, "weightedAverageShsOut": 57538523, "weightedAverageShsOutDil": 57810059, "link": "https://www.sec.gov/Archives/edgar/data/910606/000089706902000227/0000897069-02-000227-index.htm", "finalLink": "https://www.sec.gov/Archives/edgar/data/910606/000089706902000227/dkm140.txt", "calculatedOtherExpenses": 161535950, "calculatedOperatingExpenses": 182096889, "calculatedNetInterest": 0, "calculatedOtherIncome": 699376, "calculatedIncomeNonControlling": 0, "calculatedEbitda": 273958207}, {"date": "2000-12-31", "symbol": "REG", "reportedCurrency": "USD", "cik": "0000910606", "fillingDate": "2001-03-19", "acceptedDate": "2001-03-19 00:00:00", "calendarYear": "2000", "period": "FY", "revenue": 361583418, "costOfRevenue": 0, "grossProfit": 361583418, "grossProfitRatio": 1, "researchAndDevelopmentExpenses": 0, "generalAndAdministrativeExpenses": 19932609, "sellingAndMarketingExpenses": 0, "sellingGeneralAndAdministrativeExpenses": 19932609, "otherExpenses": 0, "operatingExpenses": 163595760, "costAndExpenses": 163595760, "interestIncome": 0, "interestExpense": 0, "depreciationAndAmortization": 59430262, "ebitda": 257417920, "ebitdaratio": 0.7119184874, "operatingIncome": 197987658, "operatingIncomeRatio": 0.5475573495, "totalOtherIncomeExpensesNet": 0, "incomeBeforeTax": 0, "incomeBeforeTaxRatio": 0, "incomeTaxExpense": 110376826, "netIncome": 87610832, "netIncomeRatio": 0.242297704, "eps": 1.49, "epsdiluted": 1.08, "weightedAverageShsOut": 56933923, "weightedAverageShsOutDil": 56933923, "link": "https://www.sec.gov/Archives/edgar/data/910606/000091060601000001/0000910606-01-000001-index.htm", "finalLink": "https://www.sec.gov/Archives/edgar/data/910606/000091060601000001/0000910606-01-000001-0001.txt", "calculatedOtherExpenses": 143663151, "calculatedOperatingExpenses": 163595760, "calculatedNetInterest": 0, "calculatedOtherIncome": -197987658, "calculatedIncomeNonControlling": -197987658, "calculatedEbitda": 257417920}, {"date": "1999-12-31", "symbol": "REG", "reportedCurrency": "USD", "cik": "0000910606", "fillingDate": "2000-03-17", "acceptedDate": "2000-03-17 00:00:00", "calendarYear": "1999", "period": "FY", "revenue": 301886931, "costOfRevenue": 0, "grossProfit": 301886931, "grossProfitRatio": 1, "researchAndDevelopmentExpenses": 0, "generalAndAdministrativeExpenses": 19274225, "sellingAndMarketingExpenses": 0, "sellingGeneralAndAdministrativeExpenses": 19274225, "otherExpenses": 0, "operatingExpenses": 135816340, "costAndExpenses": 135816340, "interestIncome": 0, "interestExpense": 0, "depreciationAndAmortization": 49167619, "ebitda": 215238210, "ebitdaratio": 0.7129762434, "operatingIncome": 166070591, "operatingIncomeRatio": 0.5501085802, "totalOtherIncomeExpensesNet": 0, "incomeBeforeTax": 0, "incomeBeforeTaxRatio": 0, "incomeTaxExpense": 76224627, "netIncome": 89845964, "netIncomeRatio": 0.2976146192, "eps": 1.61, "epsdiluted": 1.61, "weightedAverageShsOut": 54410789, "weightedAverageShsOutDil": 54410789, "link": "https://www.sec.gov/Archives/edgar/data/910606/000091060600000001/0000910606-00-000001-index.html", "finalLink": "https://www.sec.gov/Archives/edgar/data/910606/000091060600000001/", "calculatedOtherExpenses": 116542115, "calculatedOperatingExpenses": 135816340, "calculatedNetInterest": 0, "calculatedOtherIncome": -166070591, "calculatedIncomeNonControlling": -166070591, "calculatedEbitda": 215238210}, {"date": "1998-12-31", "symbol": "REG", "reportedCurrency": "USD", "cik": "0000910606", "fillingDate": "1999-03-15", "acceptedDate": "1999-03-15 00:00:00", "calendarYear": "1998", "period": "FY", "revenue": 143296001, "costOfRevenue": 0, "grossProfit": 143296001, "grossProfitRatio": 1, "researchAndDevelopmentExpenses": 0, "generalAndAdministrativeExpenses": 15064148, "sellingAndMarketingExpenses": 0, "sellingGeneralAndAdministrativeExpenses": 15064148, "otherExpenses": 0, "operatingExpenses": 70954342, "costAndExpenses": 70954342, "interestIncome": 0, "interestExpense": 0, "depreciationAndAmortization": 25046001, "ebitda": 97387660, "ebitdaratio": 0.6796258048, "operatingIncome": 72341659, "operatingIncomeRatio": 0.5048407387, "totalOtherIncomeExpensesNet": 0, "incomeBeforeTax": 0, "incomeBeforeTaxRatio": 0, "incomeTaxExpense": 21751585, "netIncome": 50590074, "netIncomeRatio": 0.3530459583, "eps": 1.8, "epsdiluted": 1.75, "weightedAverageShsOut": 28105597, "weightedAverageShsOutDil": 28908614, "link": "https://www.sec.gov/Archives/edgar/data/910606/000089706999000132/0000897069-99-000132-index.html", "finalLink": "https://www.sec.gov/Archives/edgar/data/910606/", "calculatedOtherExpenses": 55890194, "calculatedOperatingExpenses": 70954342, "calculatedNetInterest": 0, "calculatedOtherIncome": -72341659, "calculatedIncomeNonControlling": -72341659, "calculatedEbitda": 97387660}, {"date": "1997-12-31", "symbol": "REG", "reportedCurrency": "USD", "cik": "0000910606", "fillingDate": "1998-03-24", "acceptedDate": "1998-03-24 00:00:00", "calendarYear": "1997", "period": "FY", "revenue": 97786897, "costOfRevenue": 0, "grossProfit": 97786897, "grossProfitRatio": 1, "researchAndDevelopmentExpenses": 0, "generalAndAdministrativeExpenses": 9963926, "sellingAndMarketingExpenses": 0, "sellingGeneralAndAdministrativeExpenses": 9963926, "otherExpenses": 0, "operatingExpenses": 49171216, "costAndExpenses": 49171216, "interestIncome": 0, "interestExpense": 0, "depreciationAndAmortization": 16303159, "ebitda": 64918840, "ebitdaratio": 0.6638807651, "operatingIncome": 48615681, "operatingIncomeRatio": 0.4971594609, "totalOtherIncomeExpensesNet": 0, "incomeBeforeTax": 0, "incomeBeforeTaxRatio": 0, "incomeTaxExpense": 21214026, "netIncome": 27401655, "netIncomeRatio": 0.2802180644, "eps": 1.28, "epsdiluted": 1.23, "weightedAverageShsOut": 21406250, "weightedAverageShsOutDil": 22276423, "link": "https://www.sec.gov/Archives/edgar/data/910606/000091060698000004/0000910606-98-000004-index.html", "finalLink": "https://www.sec.gov/Archives/edgar/data/910606/", "calculatedOtherExpenses": 39207290, "calculatedOperatingExpenses": 49171216, "calculatedNetInterest": 0, "calculatedOtherIncome": -48615681, "calculatedIncomeNonControlling": -48615681, "calculatedEbitda": 64918840}, {"date": "1996-12-31", "symbol": "REG", "reportedCurrency": "USD", "cik": "0000910606", "fillingDate": "1997-03-25", "acceptedDate": "1997-03-25 00:00:00", "calendarYear": "1996", "period": "FY", "revenue": 46947567, "costOfRevenue": 0, "grossProfit": 46947567, "grossProfitRatio": 1, "researchAndDevelopmentExpenses": 0, "generalAndAdministrativeExpenses": 6048140, "sellingAndMarketingExpenses": 0, "sellingGeneralAndAdministrativeExpenses": 6048140, "otherExpenses": 0, "operatingExpenses": 26871601, "costAndExpenses": 26871601, "interestIncome": 0, "interestExpense": 0, "depreciationAndAmortization": 8758067, "ebitda": 28834033, "ebitdaratio": 0.6141752351, "operatingIncome": 20075966, "operatingIncomeRatio": 0.4276252697, "totalOtherIncomeExpensesNet": 0, "incomeBeforeTax": 0, "incomeBeforeTaxRatio": 0, "incomeTaxExpense": 10111100, "netIncome": 9964866, "netIncomeRatio": 0.2122552165, "eps": 0.82, "epsdiluted": 0.82, "weightedAverageShsOut": 12073171, "weightedAverageShsOutDil": 12073171, "link": "https://www.sec.gov/Archives/edgar/data/910606/000091060697000005/0000910606-97-000005-index.html", "finalLink": "https://www.sec.gov/Archives/edgar/data/910606/", "calculatedOtherExpenses": 20823461, "calculatedOperatingExpenses": 26871601, "calculatedNetInterest": 0, "calculatedOtherIncome": -20075966, "calculatedIncomeNonControlling": -20075966, "calculatedEbitda": 28834033}, {"date": "1995-12-31", "symbol": "REG", "reportedCurrency": "USD", "cik": "0000910606", "fillingDate": "1995-12-31", "acceptedDate": "1995-12-30 19:00:00", "calendarYear": "1995", "period": "FY", "revenue": 34500000, "costOfRevenue": 0, "grossProfit": 34500000, "grossProfitRatio": 1, "researchAndDevelopmentExpenses": 0, "generalAndAdministrativeExpenses": 4900000, "sellingAndMarketingExpenses": 0, "sellingGeneralAndAdministrativeExpenses": 4900000, "otherExpenses": 0, "operatingExpenses": -15100000, "costAndExpenses": -15100000, "interestIncome": 0, "interestExpense": 0, "depreciationAndAmortization": 6400000, "ebitda": 56000000, "ebitdaratio": 1.6231884058, "operatingIncome": 49600000, "operatingIncomeRatio": 1.4376811594, "totalOtherIncomeExpensesNet": 0, "incomeBeforeTax": 0, "incomeBeforeTaxRatio": 0, "incomeTaxExpense": 44000000, "netIncome": 5600000, "netIncomeRatio": 0.1623188406, "eps": 0.75, "epsdiluted": 0.75, "weightedAverageShsOut": 6666667, "weightedAverageShsOutDil": 6666667, "link": null, "finalLink": null, "calculatedOtherExpenses": -20000000, "calculatedOperatingExpenses": -15100000, "calculatedNetInterest": 0, "calculatedOtherIncome": -49600000, "calculatedIncomeNonControlling": -49600000, "calculatedEbitda": 56000000}, {"date": "1994-12-31", "symbol": "REG", "reportedCurrency": "USD", "cik": "0000910606", "fillingDate": "1994-12-31", "acceptedDate": "1994-12-30 19:00:00", "calendarYear": "1994", "period": "FY", "revenue": 28600000, "costOfRevenue": 0, "grossProfit": 28600000, "grossProfitRatio": 1, "researchAndDevelopmentExpenses": 0, "generalAndAdministrativeExpenses": 4700000, "sellingAndMarketingExpenses": 0, "sellingGeneralAndAdministrativeExpenses": 4700000, "otherExpenses": 0, "operatingExpenses": -12400000, "costAndExpenses": -12400000, "interestIncome": 0, "interestExpense": 0, "depreciationAndAmortization": 5300000, "ebitda": 46300000, "ebitdaratio": 1.6188811189, "operatingIncome": 41000000, "operatingIncomeRatio": 1.4335664336, "totalOtherIncomeExpensesNet": 0, "incomeBeforeTax": 0, "incomeBeforeTaxRatio": 0, "incomeTaxExpense": 35600000, "netIncome": 5400000, "netIncomeRatio": 0.1888111888, "eps": 0.8, "epsdiluted": 0.8, "weightedAverageShsOut": 6375000, "weightedAverageShsOutDil": 6375000, "link": null, "finalLink": null, "calculatedOtherExpenses": -17100000, "calculatedOperatingExpenses": -12400000, "calculatedNetInterest": 0, "calculatedOtherIncome": -41000000, "calculatedIncomeNonControlling": -41000000, "calculatedEbitda": 46300000}]}