{"originalCurrency": "USD", "convertedCurrency": "USD", "report": [{"date": "2023-12-31", "symbol": "REGN", "reportedCurrency": "USD", "cik": "0000872589", "fillingDate": "2024-02-05", "acceptedDate": "2024-02-05 09:16:15", "calendarYear": "2023", "period": "FY", "revenue": 13117200000, "costOfRevenue": 1815800000, "grossProfit": 11301400000, "grossProfitRatio": 0.861571067, "researchAndDevelopmentExpenses": 4439000000, "generalAndAdministrativeExpenses": 0, "sellingAndMarketingExpenses": 0, "sellingGeneralAndAdministrativeExpenses": 2631300000, "otherExpenses": -20000000, "operatingExpenses": 7068200000, "costAndExpenses": 8884000000, "interestIncome": 495900000, "interestExpense": 73000000, "depreciationAndAmortization": 421000000, "ebitda": 5130100000, "ebitdaratio": 0.3910971854, "operatingIncome": 4047100000, "operatingIncomeRatio": 0.3085338334, "totalOtherIncomeExpensesNet": -456800000, "incomeBeforeTax": 4199300000, "incomeBeforeTaxRatio": 0.3201369195, "incomeTaxExpense": 245700000, "netIncome": 3953600000, "netIncomeRatio": 0.3014057878, "eps": 37.05, "epsdiluted": 34.77, "weightedAverageShsOut": 106700000, "weightedAverageShsOutDil": 113700000, "link": "https://www.sec.gov/Archives/edgar/data/872589/000180422024000009/0001804220-24-000009-index.htm", "finalLink": "https://www.sec.gov/Archives/edgar/data/872589/000180422024000009/regn-20231231.htm", "calculatedOtherExpenses": 184000000, "calculatedOperatingExpenses": 7254300000, "calculatedNetInterest": 422900000, "calculatedOtherIncome": -270700000, "calculatedIncomeNonControlling": 0, "calculatedEbitda": 4468100000}, {"date": "2022-12-31", "symbol": "REGN", "reportedCurrency": "USD", "cik": "0000872589", "fillingDate": "2023-02-06", "acceptedDate": "2023-02-06 09:23:24", "calendarYear": "2022", "period": "FY", "revenue": 12172900000, "costOfRevenue": 1560400000, "grossProfit": 10612500000, "grossProfitRatio": 0.8718136188, "researchAndDevelopmentExpenses": 3592500000, "generalAndAdministrativeExpenses": 0, "sellingAndMarketingExpenses": 0, "sellingGeneralAndAdministrativeExpenses": 2115900000, "otherExpenses": -89900000, "operatingExpenses": 5618500000, "costAndExpenses": 7178900000, "interestIncome": 160100000, "interestExpense": 59400000, "depreciationAndAmortization": 434400000, "ebitda": 5173300000, "ebitdaratio": 0.4249850077, "operatingIncome": 4738900000, "operatingIncomeRatio": 0.389299181, "totalOtherIncomeExpensesNet": 119900000, "incomeBeforeTax": 4858800000, "incomeBeforeTaxRatio": 0.3991489292, "incomeTaxExpense": 520400000, "netIncome": 4338400000, "netIncomeRatio": 0.3563982289, "eps": 40.51, "epsdiluted": 38.22, "weightedAverageShsOut": 107100000, "weightedAverageShsOutDil": 113500000, "link": "https://www.sec.gov/Archives/edgar/data/872589/000180422023000008/0001804220-23-000008-index.htm", "finalLink": "https://www.sec.gov/Archives/edgar/data/872589/000180422023000008/regn-20221231.htm", "calculatedOtherExpenses": 165200000, "calculatedOperatingExpenses": 5873600000, "calculatedNetInterest": 100700000, "calculatedOtherIncome": 19200000, "calculatedIncomeNonControlling": 0, "calculatedEbitda": 5173300000}, {"date": "2021-12-31", "symbol": "REGN", "reportedCurrency": "USD", "cik": "0000872589", "fillingDate": "2022-02-07", "acceptedDate": "2022-02-07 09:25:49", "calendarYear": "2021", "period": "FY", "revenue": 16071700000, "costOfRevenue": 2437500000, "grossProfit": 13634200000, "grossProfitRatio": 0.8483358948, "researchAndDevelopmentExpenses": 2908100000, "generalAndAdministrativeExpenses": 0, "sellingAndMarketingExpenses": 0, "sellingGeneralAndAdministrativeExpenses": 1824900000, "otherExpenses": -45600000, "operatingExpenses": 4687400000, "costAndExpenses": 7124900000, "interestIncome": 45800000, "interestExpense": 57300000, "depreciationAndAmortization": 436300000, "ebitda": 9383100000, "ebitdaratio": 0.5838274731, "operatingIncome": 8946800000, "operatingIncomeRatio": 0.5566803761, "totalOtherIncomeExpensesNet": 379000000, "incomeBeforeTax": 9325800000, "incomeBeforeTaxRatio": 0.5802622, "incomeTaxExpense": 1250500000, "netIncome": 8075300000, "netIncomeRatio": 0.5024546252, "eps": 76.4, "epsdiluted": 71.97, "weightedAverageShsOut": 105700000, "weightedAverageShsOutDil": 112200000, "link": "https://www.sec.gov/Archives/edgar/data/872589/000180422022000007/0001804220-22-000007-index.htm", "finalLink": "https://www.sec.gov/Archives/edgar/data/872589/000180422022000007/regn-20211231.htm", "calculatedOtherExpenses": -45600000, "calculatedOperatingExpenses": 4687400000, "calculatedNetInterest": -11500000, "calculatedOtherIncome": 390500000, "calculatedIncomeNonControlling": 0, "calculatedEbitda": 9383100000}, {"date": "2020-12-31", "symbol": "REGN", "reportedCurrency": "USD", "cik": "0000872589", "fillingDate": "2021-02-08", "acceptedDate": "2021-02-08 09:13:00", "calendarYear": "2020", "period": "FY", "revenue": 8497100000, "costOfRevenue": 1119900000, "grossProfit": 7377200000, "grossProfitRatio": 0.8682020925, "researchAndDevelopmentExpenses": 2735000000, "generalAndAdministrativeExpenses": 0, "sellingAndMarketingExpenses": 0, "sellingGeneralAndAdministrativeExpenses": 1346000000, "otherExpenses": -280400000, "operatingExpenses": 3800600000, "costAndExpenses": 4920500000, "interestIncome": 18500000, "interestExpense": 56900000, "depreciationAndAmortization": 290700000, "ebitda": 3867300000, "ebitdaratio": 0.4551317508, "operatingIncome": 3576600000, "operatingIncomeRatio": 0.4209200786, "totalOtherIncomeExpensesNet": 233800000, "incomeBeforeTax": 3810400000, "incomeBeforeTaxRatio": 0.4484353485, "incomeTaxExpense": 297200000, "netIncome": 3513200000, "netIncomeRatio": 0.4134587094, "eps": 32.65, "epsdiluted": 30.52, "weightedAverageShsOut": 107600000, "weightedAverageShsOutDil": 115100000, "link": "https://www.sec.gov/Archives/edgar/data/872589/000180422021000008/0001804220-21-000008-index.htm", "finalLink": "https://www.sec.gov/Archives/edgar/data/872589/000180422021000008/regn-20201231.htm", "calculatedOtherExpenses": -280400000, "calculatedOperatingExpenses": 3800600000, "calculatedNetInterest": -38400000, "calculatedOtherIncome": 272200000, "calculatedIncomeNonControlling": 0, "calculatedEbitda": 3867300000}, {"date": "2019-12-31", "symbol": "REGN", "reportedCurrency": "USD", "cik": "0000872589", "fillingDate": "2020-02-07", "acceptedDate": "2020-02-07 09:04:34", "calendarYear": "2019", "period": "FY", "revenue": 7863400000, "costOfRevenue": 782200000, "grossProfit": 7081200000, "grossProfitRatio": 0.9005264898, "researchAndDevelopmentExpenses": 3036600000, "generalAndAdministrativeExpenses": 0, "sellingAndMarketingExpenses": 0, "sellingGeneralAndAdministrativeExpenses": 1834800000, "otherExpenses": 219300000, "operatingExpenses": 4871400000, "costAndExpenses": 5653600000, "interestIncome": 30200000, "interestExpense": 30200000, "depreciationAndAmortization": 210300000, "ebitda": 2209800000, "ebitdaratio": 0.2810234759, "operatingIncome": 2209800000, "operatingIncomeRatio": 0.2810234759, "totalOtherIncomeExpensesNet": 219300000, "incomeBeforeTax": 2429100000, "incomeBeforeTaxRatio": 0.3089121754, "incomeTaxExpense": 313300000, "netIncome": 2115800000, "netIncomeRatio": 0.2690693593, "eps": 19.38, "epsdiluted": 18.46, "weightedAverageShsOut": 109200000, "weightedAverageShsOutDil": 114600000, "link": "https://www.sec.gov/Archives/edgar/data/872589/000153217620000008/0001532176-20-000008-index.htm", "finalLink": "https://www.sec.gov/Archives/edgar/data/872589/000153217620000008/regn-123119x10k.htm", "calculatedOtherExpenses": 0, "calculatedOperatingExpenses": 4871400000, "calculatedNetInterest": 0, "calculatedOtherIncome": 219300000, "calculatedIncomeNonControlling": 0, "calculatedEbitda": 2420100000}, {"date": "2018-12-31", "symbol": "REGN", "reportedCurrency": "USD", "cik": "0000872589", "fillingDate": "2019-02-07", "acceptedDate": "2019-02-07 16:12:36", "calendarYear": "2018", "period": "FY", "revenue": 6710800000, "costOfRevenue": 434100000, "grossProfit": 6276700000, "grossProfitRatio": 0.9353132264, "researchAndDevelopmentExpenses": 2186100000, "generalAndAdministrativeExpenses": 1556200000, "sellingAndMarketingExpenses": 0, "sellingGeneralAndAdministrativeExpenses": 1556200000, "otherExpenses": 19100000, "operatingExpenses": 3742300000, "costAndExpenses": 4176400000, "interestIncome": 0, "interestExpense": 28200000, "depreciationAndAmortization": 148200000, "ebitda": 2534400000, "ebitdaratio": 0.3776598915, "operatingIncome": 2534400000, "operatingIncomeRatio": 0.3776598915, "totalOtherIncomeExpensesNet": 19100000, "incomeBeforeTax": 2553500000, "incomeBeforeTaxRatio": 0.3805060499, "incomeTaxExpense": 109100000, "netIncome": 2444400000, "netIncomeRatio": 0.3642486738, "eps": 21.29, "epsdiluted": 21.29, "weightedAverageShsOut": 114800000, "weightedAverageShsOutDil": 114800000, "link": "https://www.sec.gov/Archives/edgar/data/872589/000153217619000009/0001532176-19-000009-index.htm", "finalLink": "https://www.sec.gov/Archives/edgar/data/872589/000153217619000009/regn-123118x10k.htm", "calculatedOtherExpenses": 0, "calculatedOperatingExpenses": 3742300000, "calculatedNetInterest": -28200000, "calculatedOtherIncome": 47300000, "calculatedIncomeNonControlling": 0, "calculatedEbitda": 2682600000}, {"date": "2017-12-31", "symbol": "REGN", "reportedCurrency": "USD", "cik": "0000872589", "fillingDate": "2018-02-08", "acceptedDate": "2018-02-08 16:22:58", "calendarYear": "2017", "period": "FY", "revenue": 5872227000, "costOfRevenue": 397061000, "grossProfit": 5475166000, "grossProfitRatio": 0.9323832338, "researchAndDevelopmentExpenses": 2075142000, "generalAndAdministrativeExpenses": 1320433000, "sellingAndMarketingExpenses": 0, "sellingGeneralAndAdministrativeExpenses": 1320433000, "otherExpenses": -1080000, "operatingExpenses": 3395575000, "costAndExpenses": 3792636000, "interestIncome": 0, "interestExpense": 25119000, "depreciationAndAmortization": 145467000, "ebitda": 2079591000, "ebitdaratio": 0.3541400903, "operatingIncome": 2079591000, "operatingIncomeRatio": 0.3541400903, "totalOtherIncomeExpensesNet": -1080000, "incomeBeforeTax": 2078511000, "incomeBeforeTaxRatio": 0.3539561737, "incomeTaxExpense": 880000000, "netIncome": 1198511000, "netIncomeRatio": 0.2040982067, "eps": 11.27, "epsdiluted": 10.34, "weightedAverageShsOut": 115900000, "weightedAverageShsOutDil": 115909090, "link": "https://www.sec.gov/Archives/edgar/data/872589/000153217618000013/0001532176-18-000013-index.htm", "finalLink": "https://www.sec.gov/Archives/edgar/data/872589/000153217618000013/regn-123117x10k.htm", "calculatedOtherExpenses": 0, "calculatedOperatingExpenses": 3395575000, "calculatedNetInterest": -25119000, "calculatedOtherIncome": 24039000, "calculatedIncomeNonControlling": 0, "calculatedEbitda": 2225058000}, {"date": "2016-12-31", "symbol": "REGN", "reportedCurrency": "USD", "cik": "0000872589", "fillingDate": "2017-02-09", "acceptedDate": "2017-02-09 16:05:36", "calendarYear": "2016", "period": "FY", "revenue": 4860427000, "costOfRevenue": 299694000, "grossProfit": 4560733000, "grossProfitRatio": 0.9383399854, "researchAndDevelopmentExpenses": 2052295000, "generalAndAdministrativeExpenses": 1177697000, "sellingAndMarketingExpenses": 0, "sellingGeneralAndAdministrativeExpenses": 1177697000, "otherExpenses": -926000, "operatingExpenses": 3229992000, "costAndExpenses": 3529686000, "interestIncome": 0, "interestExpense": 7195000, "depreciationAndAmortization": 104745000, "ebitda": 1330741000, "ebitdaratio": 0.2737909653, "operatingIncome": 1330741000, "operatingIncomeRatio": 0.2737909653, "totalOtherIncomeExpensesNet": -926000, "incomeBeforeTax": 1329815000, "incomeBeforeTaxRatio": 0.273600447, "incomeTaxExpense": 434293000, "netIncome": 895522000, "netIncomeRatio": 0.184247598, "eps": 8.55, "epsdiluted": 7.7, "weightedAverageShsOut": 116248080, "weightedAverageShsOutDil": 116300000, "link": "https://www.sec.gov/Archives/edgar/data/872589/000153217617000008/0001532176-17-000008-index.htm", "finalLink": "https://www.sec.gov/Archives/edgar/data/872589/000153217617000008/regn-123116x10k.htm", "calculatedOtherExpenses": 0, "calculatedOperatingExpenses": 3229992000, "calculatedNetInterest": -7195000, "calculatedOtherIncome": 6269000, "calculatedIncomeNonControlling": 0, "calculatedEbitda": 1435486000}, {"date": "2015-12-31", "symbol": "REGN", "reportedCurrency": "USD", "cik": "0000872589", "fillingDate": "2016-02-11", "acceptedDate": "2016-02-11 16:45:24", "calendarYear": "2015", "period": "FY", "revenue": 4103728000, "costOfRevenue": 392709000, "grossProfit": 3711019000, "grossProfitRatio": 0.9043043301, "researchAndDevelopmentExpenses": 1620577000, "generalAndAdministrativeExpenses": 838526000, "sellingAndMarketingExpenses": 0, "sellingGeneralAndAdministrativeExpenses": 838526000, "otherExpenses": 0, "operatingExpenses": 2459103000, "costAndExpenses": 2851812000, "interestIncome": 0, "interestExpense": 14241000, "depreciationAndAmortization": 74909000, "ebitda": 1251916000, "ebitdaratio": 0.3050679772, "operatingIncome": 1251916000, "operatingIncomeRatio": 0.3050679772, "totalOtherIncomeExpensesNet": -12578000, "incomeBeforeTax": 1225097000, "incomeBeforeTaxRatio": 0.2985327, "incomeTaxExpense": 589041000, "netIncome": 636056000, "netIncomeRatio": 0.154994678, "eps": 6.17, "epsdiluted": 5.52, "weightedAverageShsOut": 115227536, "weightedAverageShsOutDil": 115230000, "link": "https://www.sec.gov/Archives/edgar/data/872589/000153217616000045/0001532176-16-000045-index.htm", "finalLink": "https://www.sec.gov/Archives/edgar/data/872589/000153217616000045/regn-123115x10k.htm", "calculatedOtherExpenses": 0, "calculatedOperatingExpenses": 2459103000, "calculatedNetInterest": -14241000, "calculatedOtherIncome": -12578000, "calculatedIncomeNonControlling": 0, "calculatedEbitda": 1326825000}, {"date": "2014-12-31", "symbol": "REGN", "reportedCurrency": "USD", "cik": "0000872589", "fillingDate": "2015-02-12", "acceptedDate": "2015-02-12 16:39:16", "calendarYear": "2014", "period": "FY", "revenue": 2819557000, "costOfRevenue": 205018000, "grossProfit": 2614539000, "grossProfitRatio": 0.9272871589, "researchAndDevelopmentExpenses": 1271353000, "generalAndAdministrativeExpenses": 504755000, "sellingAndMarketingExpenses": 0, "sellingGeneralAndAdministrativeExpenses": 504755000, "otherExpenses": 0, "operatingExpenses": 1776108000, "costAndExpenses": 1981126000, "interestIncome": 0, "interestExpense": 37372000, "depreciationAndAmortization": 52686000, "ebitda": 838431000, "ebitdaratio": 0.2973626708, "operatingIncome": 838431000, "operatingIncomeRatio": 0.2973626708, "totalOtherIncomeExpensesNet": -25312000, "incomeBeforeTax": 775747000, "incomeBeforeTaxRatio": 0.2751308096, "incomeTaxExpense": 427673000, "netIncome": 348074000, "netIncomeRatio": 0.1234498895, "eps": 3.36, "epsdiluted": 2.98, "weightedAverageShsOut": 113413000, "weightedAverageShsOutDil": 113465100, "link": "https://www.sec.gov/Archives/edgar/data/872589/000153217615000008/0001532176-15-000008-index.htm", "finalLink": "https://www.sec.gov/Archives/edgar/data/872589/000153217615000008/regn-123114x10k.htm", "calculatedOtherExpenses": 0, "calculatedOperatingExpenses": 1776108000, "calculatedNetInterest": -37372000, "calculatedOtherIncome": -25312000, "calculatedIncomeNonControlling": 0, "calculatedEbitda": 891117000}, {"date": "2013-12-31", "symbol": "REGN", "reportedCurrency": "USD", "cik": "0000872589", "fillingDate": "2014-02-13", "acceptedDate": "2014-02-13 16:07:14", "calendarYear": "2013", "period": "FY", "revenue": 2104745000, "costOfRevenue": 155355000, "grossProfit": 1949390000, "grossProfitRatio": 0.9261882081, "researchAndDevelopmentExpenses": 859947000, "generalAndAdministrativeExpenses": 329415000, "sellingAndMarketingExpenses": 0, "sellingGeneralAndAdministrativeExpenses": 329415000, "otherExpenses": 0, "operatingExpenses": 1189362000, "costAndExpenses": 1344717000, "interestIncome": 0, "interestExpense": 46437000, "depreciationAndAmortization": 41204000, "ebitda": 760028000, "ebitdaratio": 0.3611021763, "operatingIncome": 760028000, "operatingIncomeRatio": 0.3611021763, "totalOtherIncomeExpensesNet": -231000, "incomeBeforeTax": 713360000, "incomeBeforeTaxRatio": 0.338929419, "incomeTaxExpense": 288998000, "netIncome": 424362000, "netIncomeRatio": 0.2016215741, "eps": 4.23, "epsdiluted": 3.72, "weightedAverageShsOut": 111219892, "weightedAverageShsOutDil": 111290000, "link": "https://www.sec.gov/Archives/edgar/data/872589/000153217614000008/0001532176-14-000008-index.htm", "finalLink": "https://www.sec.gov/Archives/edgar/data/872589/000153217614000008/regn-123113x10k.htm", "calculatedOtherExpenses": 0, "calculatedOperatingExpenses": 1189362000, "calculatedNetInterest": -46437000, "calculatedOtherIncome": -231000, "calculatedIncomeNonControlling": 0, "calculatedEbitda": 801232000}, {"date": "2012-12-31", "symbol": "REGN", "reportedCurrency": "USD", "cik": "0000872589", "fillingDate": "2013-02-15", "acceptedDate": "2013-02-15 16:13:21", "calendarYear": "2012", "period": "FY", "revenue": 1378477000, "costOfRevenue": 84455000, "grossProfit": 1294022000, "grossProfitRatio": 0.9387331091, "researchAndDevelopmentExpenses": 625554000, "generalAndAdministrativeExpenses": 210755000, "sellingAndMarketingExpenses": 0, "sellingGeneralAndAdministrativeExpenses": 210755000, "otherExpenses": 0, "operatingExpenses": 836309000, "costAndExpenses": 920764000, "interestIncome": 0, "interestExpense": 45304000, "depreciationAndAmortization": 36940000, "ebitda": 457713000, "ebitdaratio": 0.3320425368, "operatingIncome": 457713000, "operatingIncomeRatio": 0.3320425368, "totalOtherIncomeExpensesNet": 2012000, "incomeBeforeTax": 414421000, "incomeBeforeTaxRatio": 0.3006368623, "incomeTaxExpense": -335848000, "netIncome": 750269000, "netIncomeRatio": 0.5442738617, "eps": 7.92, "epsdiluted": 6.75, "weightedAverageShsOut": 111070186, "weightedAverageShsOutDil": 115382000, "link": "https://www.sec.gov/Archives/edgar/data/872589/000153217613000004/0001532176-13-000004-index.htm", "finalLink": "https://www.sec.gov/Archives/edgar/data/872589/000153217613000004/regn-123112x10k.htm", "calculatedOtherExpenses": 0, "calculatedOperatingExpenses": 836309000, "calculatedNetInterest": -45304000, "calculatedOtherIncome": 2012000, "calculatedIncomeNonControlling": 0, "calculatedEbitda": 494653000}, {"date": "2011-12-31", "symbol": "REGN", "reportedCurrency": "USD", "cik": "0000872589", "fillingDate": "2012-02-21", "acceptedDate": "2012-02-21 07:31:08", "calendarYear": "2011", "period": "FY", "revenue": 445824000, "costOfRevenue": 4216000, "grossProfit": 441608000, "grossProfitRatio": 0.9905433534, "researchAndDevelopmentExpenses": 529506000, "generalAndAdministrativeExpenses": 117261000, "sellingAndMarketingExpenses": 0, "sellingGeneralAndAdministrativeExpenses": 117261000, "otherExpenses": 0, "operatingExpenses": 646767000, "costAndExpenses": 650983000, "interestIncome": 0, "interestExpense": 21282000, "depreciationAndAmortization": 31082000, "ebitda": -205159000, "ebitdaratio": -0.4601793533, "operatingIncome": -205159000, "operatingIncomeRatio": -0.4601793533, "totalOtherIncomeExpensesNet": 3549000, "incomeBeforeTax": -222892000, "incomeBeforeTaxRatio": -0.4999551392, "incomeTaxExpense": -1132000, "netIncome": -221760000, "netIncomeRatio": -0.4974160207, "eps": -2.45, "epsdiluted": -2.45, "weightedAverageShsOut": 90610001, "weightedAverageShsOutDil": 90610001, "link": "https://www.sec.gov/Archives/edgar/data/872589/000120677412000709/0001206774-12-000709-index.htm", "finalLink": "https://www.sec.gov/Archives/edgar/data/872589/000120677412000709/regeneron_10k.htm", "calculatedOtherExpenses": 0, "calculatedOperatingExpenses": 646767000, "calculatedNetInterest": -21282000, "calculatedOtherIncome": 3549000, "calculatedIncomeNonControlling": 0, "calculatedEbitda": -174077000}, {"date": "2010-12-31", "symbol": "REGN", "reportedCurrency": "USD", "cik": "0000872589", "fillingDate": "2011-02-17", "acceptedDate": "2011-02-17 07:30:53", "calendarYear": "2010", "period": "FY", "revenue": 459074000, "costOfRevenue": 2093000, "grossProfit": 456981000, "grossProfitRatio": 0.9954408222, "researchAndDevelopmentExpenses": 489252000, "generalAndAdministrativeExpenses": 65201000, "sellingAndMarketingExpenses": 0, "sellingGeneralAndAdministrativeExpenses": 65201000, "otherExpenses": 0, "operatingExpenses": 554453000, "costAndExpenses": 556546000, "interestIncome": 0, "interestExpense": 9118000, "depreciationAndAmortization": 19687000, "ebitda": -97472000, "ebitdaratio": -0.2123230677, "operatingIncome": -97472000, "operatingIncomeRatio": -0.2123230677, "totalOtherIncomeExpensesNet": 2122000, "incomeBeforeTax": -104468000, "incomeBeforeTaxRatio": -0.2275624409, "incomeTaxExpense": -2122000, "netIncome": -104468000, "netIncomeRatio": -0.2275624409, "eps": -1.26, "epsdiluted": -1.26, "weightedAverageShsOut": 82926001, "weightedAverageShsOutDil": 82926001, "link": "https://www.sec.gov/Archives/edgar/data/872589/000120677411000263/0001206774-11-000263-index.htm", "finalLink": "https://www.sec.gov/Archives/edgar/data/872589/000120677411000263/regeneron_10k.htm", "calculatedOtherExpenses": 0, "calculatedOperatingExpenses": 554453000, "calculatedNetInterest": -9118000, "calculatedOtherIncome": 2122000, "calculatedIncomeNonControlling": 2122000, "calculatedEbitda": -77785000}, {"date": "2009-12-31", "symbol": "REGN", "reportedCurrency": "USD", "cik": "0000872589", "fillingDate": "2010-02-18", "acceptedDate": "2010-02-18 08:30:41", "calendarYear": "2009", "period": "FY", "revenue": 379268000, "costOfRevenue": 1686000, "grossProfit": 377582000, "grossProfitRatio": 0.9955545946, "researchAndDevelopmentExpenses": 398762000, "generalAndAdministrativeExpenses": 52923000, "sellingAndMarketingExpenses": 0, "sellingGeneralAndAdministrativeExpenses": 52923000, "otherExpenses": 0, "operatingExpenses": 451685000, "costAndExpenses": 453371000, "interestIncome": 0, "interestExpense": 2337000, "depreciationAndAmortization": 14247000, "ebitda": -59856000, "ebitdaratio": -0.1578198002, "operatingIncome": -74103000, "operatingIncomeRatio": -0.1953842665, "totalOtherIncomeExpensesNet": 4488000, "incomeBeforeTax": -71952000, "incomeBeforeTaxRatio": -0.1897128152, "incomeTaxExpense": -4122000, "netIncome": -67830000, "netIncomeRatio": -0.178844511, "eps": -0.85, "epsdiluted": -0.85, "weightedAverageShsOut": 79782001, "weightedAverageShsOutDil": 79782001, "link": "https://www.sec.gov/Archives/edgar/data/872589/000120677410000298/0001206774-10-000298-index.htm", "finalLink": "https://www.sec.gov/Archives/edgar/data/872589/000120677410000298/regeneron_10k.htm", "calculatedOtherExpenses": 0, "calculatedOperatingExpenses": 451685000, "calculatedNetInterest": -2337000, "calculatedOtherIncome": 4488000, "calculatedIncomeNonControlling": 0, "calculatedEbitda": -59856000}, {"date": "2008-12-31", "symbol": "REGN", "reportedCurrency": "USD", "cik": "0000872589", "fillingDate": "2009-02-26", "acceptedDate": "2009-02-26 07:30:49", "calendarYear": "2008", "period": "FY", "revenue": 238457000, "costOfRevenue": 923000, "grossProfit": 237534000, "grossProfitRatio": 0.9961292812, "researchAndDevelopmentExpenses": 278016000, "generalAndAdministrativeExpenses": 49348000, "sellingAndMarketingExpenses": 0, "sellingGeneralAndAdministrativeExpenses": 49348000, "otherExpenses": 0, "operatingExpenses": 327364000, "costAndExpenses": 328287000, "interestIncome": 0, "interestExpense": 7752000, "depreciationAndAmortization": 11287000, "ebitda": -89830000, "ebitdaratio": -0.3767136213, "operatingIncome": -89830000, "operatingIncomeRatio": -0.3767136213, "totalOtherIncomeExpensesNet": 17223000, "incomeBeforeTax": -80359000, "incomeBeforeTaxRatio": -0.3369957686, "incomeTaxExpense": 2351000, "netIncome": -82710000, "netIncomeRatio": -0.3468549885, "eps": -1.05, "epsdiluted": -1.05, "weightedAverageShsOut": 78827001, "weightedAverageShsOutDil": 78827001, "link": "https://www.sec.gov/Archives/edgar/data/872589/000120677409000338/0001206774-09-000338-index.htm", "finalLink": "https://www.sec.gov/Archives/edgar/data/872589/000120677409000338/regeneron_10k.htm", "calculatedOtherExpenses": 0, "calculatedOperatingExpenses": 327364000, "calculatedNetInterest": -7752000, "calculatedOtherIncome": 17223000, "calculatedIncomeNonControlling": 0, "calculatedEbitda": -78543000}, {"date": "2007-12-31", "symbol": "REGN", "reportedCurrency": "USD", "cik": "0000872589", "fillingDate": "2008-02-27", "acceptedDate": "2008-02-27 15:38:46", "calendarYear": "2007", "period": "FY", "revenue": 125024000, "costOfRevenue": 0, "grossProfit": 125024000, "grossProfitRatio": 1, "researchAndDevelopmentExpenses": 201613000, "generalAndAdministrativeExpenses": 37865000, "sellingAndMarketingExpenses": 0, "sellingGeneralAndAdministrativeExpenses": 37865000, "otherExpenses": 0, "operatingExpenses": 239478000, "costAndExpenses": 239478000, "interestIncome": 0, "interestExpense": -20897000, "depreciationAndAmortization": 11487000, "ebitda": -123864000, "ebitdaratio": -0.9907217814, "operatingIncome": -114454000, "operatingIncomeRatio": -0.9154562324, "totalOtherIncomeExpensesNet": 20897000, "incomeBeforeTax": -93557000, "incomeBeforeTaxRatio": -0.748312324, "incomeTaxExpense": -29751000, "netIncome": -105600000, "netIncomeRatio": -0.8446378295, "eps": -1.59, "epsdiluted": -1.59, "weightedAverageShsOut": 66334001, "weightedAverageShsOutDil": 66334001, "link": "https://www.sec.gov/Archives/edgar/data/872589/000095012308002191/0000950123-08-002191-index.htm", "finalLink": "https://www.sec.gov/Archives/edgar/data/872589/000095012308002191/y50008e10vk.htm", "calculatedOtherExpenses": 0, "calculatedOperatingExpenses": 239478000, "calculatedNetInterest": 20897000, "calculatedOtherIncome": 0, "calculatedIncomeNonControlling": 41794000, "calculatedEbitda": -102967000}, {"date": "2006-12-31", "symbol": "REGN", "reportedCurrency": "USD", "cik": "0000872589", "fillingDate": "2007-03-12", "acceptedDate": "2007-03-12 15:43:19", "calendarYear": "2006", "period": "FY", "revenue": 63447000, "costOfRevenue": 8146000, "grossProfit": 55301000, "grossProfitRatio": 0.8716093748, "researchAndDevelopmentExpenses": 137064000, "generalAndAdministrativeExpenses": 25892000, "sellingAndMarketingExpenses": 0, "sellingGeneralAndAdministrativeExpenses": 25892000, "otherExpenses": 0, "operatingExpenses": 162956000, "costAndExpenses": 171102000, "interestIncome": 0, "interestExpense": -16548000, "depreciationAndAmortization": 14592000, "ebitda": -109611000, "ebitdaratio": -1.7275994137, "operatingIncome": -107655000, "operatingIncomeRatio": -1.6967705329, "totalOtherIncomeExpensesNet": 16548000, "incomeBeforeTax": -91107000, "incomeBeforeTaxRatio": -1.4359544186, "incomeTaxExpense": -21866000, "netIncome": -102337000, "netIncomeRatio": -1.6129525431, "eps": -1.77, "epsdiluted": -1.77, "weightedAverageShsOut": 57970001, "weightedAverageShsOutDil": 57970001, "link": "https://www.sec.gov/Archives/edgar/data/872589/000095012307003627/0000950123-07-003627-index.htm", "finalLink": "https://www.sec.gov/Archives/edgar/data/872589/000095012307003627/y31048e10vk.htm", "calculatedOtherExpenses": 0, "calculatedOperatingExpenses": 162956000, "calculatedNetInterest": 16548000, "calculatedOtherIncome": 0, "calculatedIncomeNonControlling": 33096000, "calculatedEbitda": -93063000}, {"date": "2005-12-31", "symbol": "REGN", "reportedCurrency": "USD", "cik": "0000872589", "fillingDate": "2006-02-28", "acceptedDate": "2006-02-28 15:53:12", "calendarYear": "2005", "period": "FY", "revenue": 66193000, "costOfRevenue": 9557000, "grossProfit": 56636000, "grossProfitRatio": 0.8556191742, "researchAndDevelopmentExpenses": 155581000, "generalAndAdministrativeExpenses": 25476000, "sellingAndMarketingExpenses": 0, "sellingGeneralAndAdministrativeExpenses": 25476000, "otherExpenses": -248842000, "operatingExpenses": -67785000, "costAndExpenses": -58228000, "interestIncome": 0, "interestExpense": -41021000, "depreciationAndAmortization": 15504000, "ebitda": 98904000, "ebitdaratio": 1.4941761213, "operatingIncome": 124421000, "operatingIncomeRatio": 1.8796700557, "totalOtherIncomeExpensesNet": 41021000, "incomeBeforeTax": 124421000, "incomeBeforeTaxRatio": 1.8796700557, "incomeTaxExpense": 178846000, "netIncome": -95446000, "netIncomeRatio": -1.4419349478, "eps": -1.71, "epsdiluted": -1.71, "weightedAverageShsOut": 55950001, "weightedAverageShsOutDil": 55950001, "link": "https://www.sec.gov/Archives/edgar/data/872589/000095012306002365/0000950123-06-002365-index.htm", "finalLink": "https://www.sec.gov/Archives/edgar/data/872589/000095012306002365/y17762e10vk.htm", "calculatedOtherExpenses": -248842000, "calculatedOperatingExpenses": -67785000, "calculatedNetInterest": 41021000, "calculatedOtherIncome": -41021000, "calculatedIncomeNonControlling": 41021000, "calculatedEbitda": 139925000}, {"date": "2004-12-31", "symbol": "REGN", "reportedCurrency": "USD", "cik": "0000872589", "fillingDate": "2005-03-11", "acceptedDate": "2005-03-11 13:30:59", "calendarYear": "2004", "period": "FY", "revenue": 174017000, "costOfRevenue": 15214000, "grossProfit": 158803000, "grossProfitRatio": 0.9125717602, "researchAndDevelopmentExpenses": 136095000, "generalAndAdministrativeExpenses": 17062000, "sellingAndMarketingExpenses": 0, "sellingGeneralAndAdministrativeExpenses": 17062000, "otherExpenses": 0, "operatingExpenses": 153157000, "costAndExpenses": 168371000, "interestIncome": 0, "interestExpense": -48228000, "depreciationAndAmortization": 15362000, "ebitda": -27220000, "ebitdaratio": -0.156421499, "operatingIncome": 5646000, "operatingIncomeRatio": 0.0324451059, "totalOtherIncomeExpensesNet": 48228000, "incomeBeforeTax": 53874000, "incomeBeforeTaxRatio": 0.3095904423, "incomeTaxExpense": -84281000, "netIncome": 41699000, "netIncomeRatio": 0.2396260136, "eps": 0.75, "epsdiluted": 0.74, "weightedAverageShsOut": 55419001, "weightedAverageShsOutDil": 56172001, "link": "https://www.sec.gov/Archives/edgar/data/872589/000095012305002979/0000950123-05-002979-index.htm", "finalLink": "https://www.sec.gov/Archives/edgar/data/872589/000095012305002979/y06183e10vk.htm", "calculatedOtherExpenses": 0, "calculatedOperatingExpenses": 153157000, "calculatedNetInterest": 48228000, "calculatedOtherIncome": 0, "calculatedIncomeNonControlling": 96456000, "calculatedEbitda": 21008000}, {"date": "2003-12-31", "symbol": "REGN", "reportedCurrency": "USD", "cik": "0000872589", "fillingDate": "2004-03-12", "acceptedDate": "2004-03-12 16:01:27", "calendarYear": "2003", "period": "FY", "revenue": 57497000, "costOfRevenue": 6676000, "grossProfit": 50821000, "grossProfitRatio": 0.8838895942, "researchAndDevelopmentExpenses": 136024000, "generalAndAdministrativeExpenses": 14785000, "sellingAndMarketingExpenses": 0, "sellingGeneralAndAdministrativeExpenses": 14785000, "otherExpenses": 0, "operatingExpenses": 150809000, "costAndExpenses": 157485000, "interestIncome": 0, "interestExpense": -4462000, "depreciationAndAmortization": 12937000, "ebitda": -91513000, "ebitdaratio": -1.5916134755, "operatingIncome": -99988000, "operatingIncomeRatio": -1.7390124702, "totalOtherIncomeExpensesNet": 4462000, "incomeBeforeTax": -95526000, "incomeBeforeTaxRatio": -1.6614084213, "incomeTaxExpense": 3008000, "netIncome": -107458000, "netIncomeRatio": -1.8689322921, "eps": -2.13, "epsdiluted": -2.13, "weightedAverageShsOut": 50449766, "weightedAverageShsOutDil": 50449766, "link": "https://www.sec.gov/Archives/edgar/data/872589/000095012304003254/0000950123-04-003254-index.htm", "finalLink": "https://www.sec.gov/Archives/edgar/data/872589/000095012304003254/y94850e10vk.htm", "calculatedOtherExpenses": 0, "calculatedOperatingExpenses": 150809000, "calculatedNetInterest": 4462000, "calculatedOtherIncome": 0, "calculatedIncomeNonControlling": 8924000, "calculatedEbitda": -87051000}, {"date": "2002-12-31", "symbol": "REGN", "reportedCurrency": "USD", "cik": "0000872589", "fillingDate": "2003-03-31", "acceptedDate": "2003-03-31 10:02:16", "calendarYear": "2002", "period": "FY", "revenue": 21988000, "costOfRevenue": 6483000, "grossProfit": 15505000, "grossProfitRatio": 0.7051573586, "researchAndDevelopmentExpenses": 124926000, "generalAndAdministrativeExpenses": 12532000, "sellingAndMarketingExpenses": 0, "sellingGeneralAndAdministrativeExpenses": 12532000, "otherExpenses": 0, "operatingExpenses": 137458000, "costAndExpenses": 143941000, "interestIncome": 0, "interestExpense": -9435000, "depreciationAndAmortization": 8454000, "ebitda": -122934000, "ebitdaratio": -5.5909587047, "operatingIncome": -121953000, "operatingIncomeRatio": -5.5463434601, "totalOtherIncomeExpensesNet": 9435000, "incomeBeforeTax": -112518000, "incomeBeforeTaxRatio": -5.1172457704, "incomeTaxExpense": -7011000, "netIncome": -124377000, "netIncomeRatio": -5.6565854102, "eps": -2.83, "epsdiluted": -2.83, "weightedAverageShsOut": 43949471, "weightedAverageShsOutDil": 43949471, "link": "https://www.sec.gov/Archives/edgar/data/872589/000095012303003582/0000950123-03-003582-index.htm", "finalLink": "https://www.sec.gov/Archives/edgar/data/872589/000095012303003582/y84123e10vk.htm", "calculatedOtherExpenses": 0, "calculatedOperatingExpenses": 137458000, "calculatedNetInterest": 9435000, "calculatedOtherIncome": 0, "calculatedIncomeNonControlling": 18870000, "calculatedEbitda": -113499000}, {"date": "2001-12-31", "symbol": "REGN", "reportedCurrency": "USD", "cik": "0000872589", "fillingDate": "2002-03-22", "acceptedDate": "2002-03-22 00:00:00", "calendarYear": "2001", "period": "FY", "revenue": 21973000, "costOfRevenue": 6509000, "grossProfit": 15464000, "grossProfitRatio": 0.7037728121, "researchAndDevelopmentExpenses": 91540000, "generalAndAdministrativeExpenses": 9607000, "sellingAndMarketingExpenses": 0, "sellingGeneralAndAdministrativeExpenses": 9607000, "otherExpenses": 0, "operatingExpenses": 101147000, "costAndExpenses": 107656000, "interestIncome": 0, "interestExpense": -12160000, "depreciationAndAmortization": 6077000, "ebitda": -91766000, "ebitdaratio": -4.1763072862, "operatingIncome": -85683000, "operatingIncomeRatio": -3.8994675283, "totalOtherIncomeExpensesNet": 12160000, "incomeBeforeTax": -73523000, "incomeBeforeTaxRatio": -3.346061075, "incomeTaxExpense": -21663000, "netIncome": -76180000, "netIncomeRatio": -3.4669822054, "eps": -1.81, "epsdiluted": -1.81, "weightedAverageShsOut": 42088399, "weightedAverageShsOutDil": 42088399, "link": "https://www.sec.gov/Archives/edgar/data/872589/000095012302002817/0000950123-02-002817-index.htm", "finalLink": "https://www.sec.gov/Archives/edgar/data/872589/000095012302002817/y58194e10-k.htm", "calculatedOtherExpenses": 0, "calculatedOperatingExpenses": 101147000, "calculatedNetInterest": 12160000, "calculatedOtherIncome": 0, "calculatedIncomeNonControlling": 24320000, "calculatedEbitda": -79606000}, {"date": "2000-12-31", "symbol": "REGN", "reportedCurrency": "USD", "cik": "0000872589", "fillingDate": "2001-03-02", "acceptedDate": "2001-03-02 00:00:00", "calendarYear": "2000", "period": "FY", "revenue": 59276000, "costOfRevenue": 15566000, "grossProfit": 43710000, "grossProfitRatio": 0.7373979351, "researchAndDevelopmentExpenses": 56256000, "generalAndAdministrativeExpenses": 8309000, "sellingAndMarketingExpenses": 0, "sellingGeneralAndAdministrativeExpenses": 8309000, "otherExpenses": 4421000, "operatingExpenses": 68986000, "costAndExpenses": 84552000, "interestIncome": 0, "interestExpense": 4575000, "depreciationAndAmortization": 4421000, "ebitda": -16280000, "ebitdaratio": -0.2746474121, "operatingIncome": -25276000, "operatingIncomeRatio": -0.4264120386, "totalOtherIncomeExpensesNet": -4575000, "incomeBeforeTax": -29851000, "incomeBeforeTaxRatio": -0.5035933599, "incomeTaxExpense": 2514000, "netIncome": -23215000, "netIncomeRatio": -0.391642486, "eps": -0.66, "epsdiluted": -0.66, "weightedAverageShsOut": 35174243, "weightedAverageShsOutDil": 35174243, "link": "https://www.sec.gov/Archives/edgar/data/872589/000095012301500091/0000950123-01-500091-index.htm", "finalLink": "https://www.sec.gov/Archives/edgar/data/872589/000095012301500091/y45946me10-k.txt", "calculatedOtherExpenses": 4421000, "calculatedOperatingExpenses": 68986000, "calculatedNetInterest": -4575000, "calculatedOtherIncome": 0, "calculatedIncomeNonControlling": -9150000, "calculatedEbitda": -20855000}, {"date": "1999-12-31", "symbol": "REGN", "reportedCurrency": "USD", "cik": "0000872589", "fillingDate": "2000-03-06", "acceptedDate": "2000-03-06 00:00:00", "calendarYear": "1999", "period": "FY", "revenue": 34500000, "costOfRevenue": 3600000, "grossProfit": 30900000, "grossProfitRatio": 0.8956521739, "researchAndDevelopmentExpenses": 44900000, "generalAndAdministrativeExpenses": 6400000, "sellingAndMarketingExpenses": 0, "sellingGeneralAndAdministrativeExpenses": 6400000, "otherExpenses": 3400000, "operatingExpenses": 54700000, "costAndExpenses": 58300000, "interestIncome": 0, "interestExpense": -1000000, "depreciationAndAmortization": 3400000, "ebitda": -21400000, "ebitdaratio": -0.6202898551, "operatingIncome": -23800000, "operatingIncomeRatio": -0.6898550725, "totalOtherIncomeExpensesNet": 1000000, "incomeBeforeTax": -22800000, "incomeBeforeTaxRatio": -0.6608695652, "incomeTaxExpense": -1700000, "netIncome": -23100000, "netIncomeRatio": -0.6695652174, "eps": -0.74, "epsdiluted": -0.73, "weightedAverageShsOut": 31216217, "weightedAverageShsOutDil": 31449276, "link": "https://www.sec.gov/Archives/edgar/data/872589/000088981200001090/0000889812-00-001090-index.html", "finalLink": "https://www.sec.gov/Archives/edgar/data/872589/000088981200001090/", "calculatedOtherExpenses": 3400000, "calculatedOperatingExpenses": 54700000, "calculatedNetInterest": 1000000, "calculatedOtherIncome": 0, "calculatedIncomeNonControlling": 2000000, "calculatedEbitda": -20400000}, {"date": "1998-12-31", "symbol": "REGN", "reportedCurrency": "USD", "cik": "0000872589", "fillingDate": "1999-03-29", "acceptedDate": "1999-03-29 00:00:00", "calendarYear": "1998", "period": "FY", "revenue": 38200000, "costOfRevenue": 5000000, "grossProfit": 33200000, "grossProfitRatio": 0.8691099476, "researchAndDevelopmentExpenses": 37000000, "generalAndAdministrativeExpenses": 5800000, "sellingAndMarketingExpenses": 0, "sellingGeneralAndAdministrativeExpenses": 5800000, "otherExpenses": 3000000, "operatingExpenses": 45800000, "costAndExpenses": 50800000, "interestIncome": 0, "interestExpense": -4400000, "depreciationAndAmortization": 3000000, "ebitda": -14000000, "ebitdaratio": -0.3664921466, "operatingIncome": -12600000, "operatingIncomeRatio": -0.3298429319, "totalOtherIncomeExpensesNet": 4400000, "incomeBeforeTax": -8200000, "incomeBeforeTaxRatio": -0.2146596859, "incomeTaxExpense": -8400000, "netIncome": -8600000, "netIncomeRatio": -0.2251308901, "eps": -0.28, "epsdiluted": -0.28, "weightedAverageShsOut": 30714286, "weightedAverageShsOutDil": 31000001, "link": "https://www.sec.gov/Archives/edgar/data/872589/000088981299000997/0000889812-99-000997-index.html", "finalLink": "https://www.sec.gov/Archives/edgar/data/872589/", "calculatedOtherExpenses": 3000000, "calculatedOperatingExpenses": 45800000, "calculatedNetInterest": 4400000, "calculatedOtherIncome": 0, "calculatedIncomeNonControlling": 8800000, "calculatedEbitda": -9600000}, {"date": "1997-12-31", "symbol": "REGN", "reportedCurrency": "USD", "cik": "0000872589", "fillingDate": "1998-03-26", "acceptedDate": "1998-03-26 00:00:00", "calendarYear": "1997", "period": "FY", "revenue": 33100000, "costOfRevenue": 2600000, "grossProfit": 30500000, "grossProfitRatio": 0.9214501511, "researchAndDevelopmentExpenses": 27800000, "generalAndAdministrativeExpenses": 5800000, "sellingAndMarketingExpenses": 0, "sellingGeneralAndAdministrativeExpenses": 5800000, "otherExpenses": 4400000, "operatingExpenses": 38000000, "costAndExpenses": 40600000, "interestIncome": 0, "interestExpense": 3400000, "depreciationAndAmortization": 4400000, "ebitda": 300000, "ebitdaratio": 0.0090634441, "operatingIncome": -7500000, "operatingIncomeRatio": -0.2265861027, "totalOtherIncomeExpensesNet": -3400000, "incomeBeforeTax": -7500000, "incomeBeforeTaxRatio": -0.2265861027, "incomeTaxExpense": 7500000, "netIncome": -11600000, "netIncomeRatio": -0.3504531722, "eps": -0.4, "epsdiluted": -0.4, "weightedAverageShsOut": 29000001, "weightedAverageShsOutDil": 29000001, "link": "https://www.sec.gov/Archives/edgar/data/872589/000088981298000733/0000889812-98-000733-index.html", "finalLink": "https://www.sec.gov/Archives/edgar/data/872589/", "calculatedOtherExpenses": 4400000, "calculatedOperatingExpenses": 38000000, "calculatedNetInterest": -3400000, "calculatedOtherIncome": 3400000, "calculatedIncomeNonControlling": -3400000, "calculatedEbitda": -3100000}, {"date": "1996-12-31", "symbol": "REGN", "reportedCurrency": "USD", "cik": "0000872589", "fillingDate": "1997-03-26", "acceptedDate": "1997-03-26 00:00:00", "calendarYear": "1996", "period": "FY", "revenue": 24100000, "costOfRevenue": 1100000, "grossProfit": 23000000, "grossProfitRatio": 0.9543568465, "researchAndDevelopmentExpenses": 28300000, "generalAndAdministrativeExpenses": 5900000, "sellingAndMarketingExpenses": 0, "sellingGeneralAndAdministrativeExpenses": 5900000, "otherExpenses": 6100000, "operatingExpenses": 40300000, "costAndExpenses": 41400000, "interestIncome": 0, "interestExpense": 14300000, "depreciationAndAmortization": 6100000, "ebitda": 3100000, "ebitdaratio": 0.1286307054, "operatingIncome": -17300000, "operatingIncomeRatio": -0.7178423237, "totalOtherIncomeExpensesNet": -14300000, "incomeBeforeTax": -17300000, "incomeBeforeTaxRatio": -0.7178423237, "incomeTaxExpense": 29400000, "netIncome": -32400000, "netIncomeRatio": -1.3443983402, "eps": -1.32, "epsdiluted": -1.32, "weightedAverageShsOut": 24463516, "weightedAverageShsOutDil": 24463516, "link": "https://www.sec.gov/Archives/edgar/data/872589/000088981297000791/0000889812-97-000791-index.html", "finalLink": "https://www.sec.gov/Archives/edgar/data/872589/", "calculatedOtherExpenses": 6100000, "calculatedOperatingExpenses": 40300000, "calculatedNetInterest": -14300000, "calculatedOtherIncome": 14300000, "calculatedIncomeNonControlling": -14300000, "calculatedEbitda": -11200000}, {"date": "1995-12-31", "symbol": "REGN", "reportedCurrency": "USD", "cik": "0000872589", "fillingDate": "1995-12-31", "acceptedDate": "1995-12-31 00:00:00", "calendarYear": "1995", "period": "FY", "revenue": 27400000, "costOfRevenue": 0, "grossProfit": 27400000, "grossProfitRatio": 1, "researchAndDevelopmentExpenses": 23300000, "generalAndAdministrativeExpenses": 5800000, "sellingAndMarketingExpenses": 0, "sellingGeneralAndAdministrativeExpenses": 5800000, "otherExpenses": 5900000, "operatingExpenses": 35000000, "costAndExpenses": 35000000, "interestIncome": 0, "interestExpense": 14700000, "depreciationAndAmortization": 5900000, "ebitda": 13000000, "ebitdaratio": 0.4744525547, "operatingIncome": -7600000, "operatingIncomeRatio": -0.2773722628, "totalOtherIncomeExpensesNet": -14700000, "incomeBeforeTax": -7600000, "incomeBeforeTaxRatio": -0.2773722628, "incomeTaxExpense": 30600000, "netIncome": -23500000, "netIncomeRatio": -0.8576642336, "eps": -1.19, "epsdiluted": -1.19, "weightedAverageShsOut": 19747900, "weightedAverageShsOutDil": 19747900, "link": null, "finalLink": null, "calculatedOtherExpenses": 5900000, "calculatedOperatingExpenses": 35000000, "calculatedNetInterest": -14700000, "calculatedOtherIncome": 14700000, "calculatedIncomeNonControlling": -14700000, "calculatedEbitda": -1700000}, {"date": "1994-12-31", "symbol": "REGN", "reportedCurrency": "USD", "cik": "0000872589", "fillingDate": "1994-12-31", "acceptedDate": "1994-12-31 00:00:00", "calendarYear": "1994", "period": "FY", "revenue": 23200000, "costOfRevenue": 0, "grossProfit": 23200000, "grossProfitRatio": 1, "researchAndDevelopmentExpenses": 39700000, "generalAndAdministrativeExpenses": 0, "sellingAndMarketingExpenses": 0, "sellingGeneralAndAdministrativeExpenses": 8500000, "otherExpenses": 4200000, "operatingExpenses": 52400000, "costAndExpenses": 52400000, "interestIncome": 0, "interestExpense": 0, "depreciationAndAmortization": 4200000, "ebitda": -25000000, "ebitdaratio": -1.0775862069, "operatingIncome": -29200000, "operatingIncomeRatio": -1.2586206897, "totalOtherIncomeExpensesNet": 0, "incomeBeforeTax": 0, "incomeBeforeTaxRatio": 0, "incomeTaxExpense": 1500000, "netIncome": -30700000, "netIncomeRatio": -1.3232758621, "eps": -1.62, "epsdiluted": -1.62, "weightedAverageShsOut": 18950618, "weightedAverageShsOutDil": 18950618, "link": null, "finalLink": null, "calculatedOtherExpenses": 4200000, "calculatedOperatingExpenses": 52400000, "calculatedNetInterest": 0, "calculatedOtherIncome": 29200000, "calculatedIncomeNonControlling": 29200000, "calculatedEbitda": -25000000}, {"date": "1993-12-31", "symbol": "REGN", "reportedCurrency": "USD", "cik": "0000872589", "fillingDate": "1993-12-31", "acceptedDate": "1993-12-31 00:00:00", "calendarYear": "1993", "period": "FY", "revenue": 10600000, "costOfRevenue": 0, "grossProfit": 10600000, "grossProfitRatio": 1, "researchAndDevelopmentExpenses": 0, "generalAndAdministrativeExpenses": 0, "sellingAndMarketingExpenses": 0, "sellingGeneralAndAdministrativeExpenses": 46300000, "otherExpenses": 3100000, "operatingExpenses": 49400000, "costAndExpenses": 49400000, "interestIncome": 0, "interestExpense": 0, "depreciationAndAmortization": 3100000, "ebitda": -35700000, "ebitdaratio": -3.3679245283, "operatingIncome": -38800000, "operatingIncomeRatio": -3.6603773585, "totalOtherIncomeExpensesNet": 0, "incomeBeforeTax": 0, "incomeBeforeTaxRatio": 0, "incomeTaxExpense": 1100000, "netIncome": -39900000, "netIncomeRatio": -3.7641509434, "eps": -2.41, "epsdiluted": -2.41, "weightedAverageShsOut": 16556017, "weightedAverageShsOutDil": 16556017, "link": null, "finalLink": null, "calculatedOtherExpenses": 3100000, "calculatedOperatingExpenses": 49400000, "calculatedNetInterest": 0, "calculatedOtherIncome": 38800000, "calculatedIncomeNonControlling": 38800000, "calculatedEbitda": -35700000}, {"date": "1992-12-31", "symbol": "REGN", "reportedCurrency": "USD", "cik": "0000872589", "fillingDate": "1992-12-31", "acceptedDate": "1992-12-31 00:00:00", "calendarYear": "1992", "period": "FY", "revenue": 11500000, "costOfRevenue": 0, "grossProfit": 11500000, "grossProfitRatio": 1, "researchAndDevelopmentExpenses": 0, "generalAndAdministrativeExpenses": 0, "sellingAndMarketingExpenses": 0, "sellingGeneralAndAdministrativeExpenses": 27800000, "otherExpenses": 2000000, "operatingExpenses": 29800000, "costAndExpenses": 29800000, "interestIncome": 0, "interestExpense": 0, "depreciationAndAmortization": 2000000, "ebitda": -16300000, "ebitdaratio": -1.4173913043, "operatingIncome": -18300000, "operatingIncomeRatio": -1.5913043478, "totalOtherIncomeExpensesNet": 0, "incomeBeforeTax": 0, "incomeBeforeTaxRatio": 0, "incomeTaxExpense": 800000, "netIncome": -19100000, "netIncomeRatio": -1.6608695652, "eps": -1.24, "epsdiluted": -1.24, "weightedAverageShsOut": 15403226, "weightedAverageShsOutDil": 15403226, "link": null, "finalLink": null, "calculatedOtherExpenses": 2000000, "calculatedOperatingExpenses": 29800000, "calculatedNetInterest": 0, "calculatedOtherIncome": 18300000, "calculatedIncomeNonControlling": 18300000, "calculatedEbitda": -16300000}, {"date": "1991-12-31", "symbol": "REGN", "reportedCurrency": "USD", "cik": "0000872589", "fillingDate": "1991-12-31", "acceptedDate": "1991-12-31 00:00:00", "calendarYear": "1991", "period": "FY", "revenue": 7300000, "costOfRevenue": 12800000, "grossProfit": -5500000, "grossProfitRatio": -0.7534246575, "researchAndDevelopmentExpenses": 0, "generalAndAdministrativeExpenses": 0, "sellingAndMarketingExpenses": 0, "sellingGeneralAndAdministrativeExpenses": 3300000, "otherExpenses": 800000, "operatingExpenses": 4100000, "costAndExpenses": 16900000, "interestIncome": 0, "interestExpense": -5200000, "depreciationAndAmortization": 800000, "ebitda": -14000000, "ebitdaratio": -1.9178082192, "operatingIncome": -9600000, "operatingIncomeRatio": -1.3150684932, "totalOtherIncomeExpensesNet": 5200000, "incomeBeforeTax": -4400000, "incomeBeforeTaxRatio": -0.602739726, "incomeTaxExpense": -10300000, "netIncome": -4500000, "netIncomeRatio": -0.6164383562, "eps": -0.29, "epsdiluted": -0.29, "weightedAverageShsOut": 15517242, "weightedAverageShsOutDil": 15517242, "link": null, "finalLink": null, "calculatedOtherExpenses": 800000, "calculatedOperatingExpenses": 4100000, "calculatedNetInterest": 5200000, "calculatedOtherIncome": 0, "calculatedIncomeNonControlling": 10400000, "calculatedEbitda": -8800000}, {"date": "1990-12-31", "symbol": "REGN", "reportedCurrency": "USD", "cik": "0000872589", "fillingDate": "1990-12-31", "acceptedDate": "1990-12-31 00:00:00", "calendarYear": "1990", "period": "FY", "revenue": 5000000, "costOfRevenue": 6300000, "grossProfit": -1300000, "grossProfitRatio": -0.26, "researchAndDevelopmentExpenses": 0, "generalAndAdministrativeExpenses": 0, "sellingAndMarketingExpenses": 0, "sellingGeneralAndAdministrativeExpenses": 1700000, "otherExpenses": 300000, "operatingExpenses": 2000000, "costAndExpenses": 8300000, "interestIncome": 0, "interestExpense": 0, "depreciationAndAmortization": 300000, "ebitda": -3000000, "ebitdaratio": -0.6, "operatingIncome": -3300000, "operatingIncomeRatio": -0.66, "totalOtherIncomeExpensesNet": 0, "incomeBeforeTax": 0, "incomeBeforeTaxRatio": 0, "incomeTaxExpense": 0, "netIncome": -3300000, "netIncomeRatio": -0.66, "eps": -0.21, "epsdiluted": -0.21, "weightedAverageShsOut": 15364000, "weightedAverageShsOutDil": 15364000, "link": null, "finalLink": null, "calculatedOtherExpenses": 300000, "calculatedOperatingExpenses": 2000000, "calculatedNetInterest": 0, "calculatedOtherIncome": 3300000, "calculatedIncomeNonControlling": 3300000, "calculatedEbitda": -3000000}]}