{"originalCurrency": "USD", "convertedCurrency": "USD", "report": [{"date": "2023-12-31", "symbol": "RELY", "reportedCurrency": "USD", "cik": "0001782170", "fillingDate": "2024-02-21", "acceptedDate": "2024-02-21 16:10:47", "calendarYear": "2023", "period": "FY", "revenue": 944285000, "costOfRevenue": 411634000, "grossProfit": 532651000, "grossProfitRatio": 0.5640786415, "researchAndDevelopmentExpenses": 219939000, "generalAndAdministrativeExpenses": 179372000, "sellingAndMarketingExpenses": 234417000, "sellingGeneralAndAdministrativeExpenses": 413789000, "otherExpenses": -2838000, "operatingExpenses": 646846000, "costAndExpenses": 1058480000, "interestIncome": 7447000, "interestExpense": 2352000, "depreciationAndAmortization": 13118000, "ebitda": -96468000, "ebitdaratio": -0.1021598352, "operatingIncome": -114195000, "operatingIncomeRatio": -0.1209327692, "totalOtherIncomeExpensesNet": -2838000, "incomeBeforeTax": -111938000, "incomeBeforeTaxRatio": -0.118542601, "incomeTaxExpense": 5902000, "netIncome": -117840000, "netIncomeRatio": -0.1247928327, "eps": -0.65, "epsdiluted": -0.65, "weightedAverageShsOut": 180818399, "weightedAverageShsOutDil": 180818399, "link": "https://www.sec.gov/Archives/edgar/data/1782170/000178217024000030/0001782170-24-000030-index.htm", "finalLink": "https://www.sec.gov/Archives/edgar/data/1782170/000178217024000030/rely4q23-earningspr.htm", "calculatedOtherExpenses": 13118000, "calculatedOperatingExpenses": 646846000, "calculatedNetInterest": 5095000, "calculatedOtherIncome": -2838000, "calculatedIncomeNonControlling": 0, "calculatedEbitda": -101077000}, {"date": "2022-12-31", "symbol": "RELY", "reportedCurrency": "USD", "cik": "0001782170", "fillingDate": "2023-02-28", "acceptedDate": "2023-02-28 16:25:55", "calendarYear": "2022", "period": "FY", "revenue": 653560000, "costOfRevenue": 326933000, "grossProfit": 326627000, "grossProfitRatio": 0.4997658975, "researchAndDevelopmentExpenses": 138719000, "generalAndAdministrativeExpenses": 131250000, "sellingAndMarketingExpenses": 170970000, "sellingGeneralAndAdministrativeExpenses": 302220000, "otherExpenses": 6724000, "operatingExpenses": 447663000, "costAndExpenses": 774596000, "interestIncome": 4149000, "interestExpense": 1302000, "depreciationAndAmortization": 16086000, "ebitda": -104950000, "ebitdaratio": -0.160582043, "operatingIncome": -121036000, "operatingIncomeRatio": -0.1851949324, "totalOtherIncomeExpensesNet": 8060000, "incomeBeforeTax": -112976000, "incomeBeforeTaxRatio": -0.1728624763, "incomeTaxExpense": 1043000, "netIncome": -114019000, "netIncomeRatio": -0.1744583512, "eps": -0.68, "epsdiluted": -0.68, "weightedAverageShsOut": 167774123, "weightedAverageShsOutDil": 167774123, "link": "https://www.sec.gov/Archives/edgar/data/1782170/000178217023000010/0001782170-23-000010-index.htm", "finalLink": "https://www.sec.gov/Archives/edgar/data/1782170/000178217023000010/rely-20221231.htm", "calculatedOtherExpenses": 6724000, "calculatedOperatingExpenses": 447663000, "calculatedNetInterest": 2847000, "calculatedOtherIncome": 5213000, "calculatedIncomeNonControlling": 0, "calculatedEbitda": -104950000}, {"date": "2021-12-31", "symbol": "RELY", "reportedCurrency": "USD", "cik": "0001782170", "fillingDate": "2022-03-29", "acceptedDate": "2022-03-29 17:19:30", "calendarYear": "2021", "period": "FY", "revenue": 458605000, "costOfRevenue": 237131000, "grossProfit": 221474000, "grossProfitRatio": 0.4829297544, "researchAndDevelopmentExpenses": 64093000, "generalAndAdministrativeExpenses": 70941000, "sellingAndMarketingExpenses": 120906000, "sellingGeneralAndAdministrativeExpenses": 191847000, "otherExpenses": 5256000, "operatingExpenses": 261196000, "costAndExpenses": 498327000, "interestIncome": 140000, "interestExpense": 1256000, "depreciationAndAmortization": 8521000, "ebitda": -31201000, "ebitdaratio": -0.0680345831, "operatingIncome": -39722000, "operatingIncomeRatio": -0.0866148428, "totalOtherIncomeExpensesNet": 2009000, "incomeBeforeTax": -37713000, "incomeBeforeTaxRatio": -0.0822341667, "incomeTaxExpense": 1043000, "netIncome": -38756000, "netIncomeRatio": -0.084508455, "eps": -0.24, "epsdiluted": -0.24, "weightedAverageShsOut": 164239555, "weightedAverageShsOutDil": 164239555, "link": "https://www.sec.gov/Archives/edgar/data/1782170/000178217022000048/0001782170-22-000048-index.htm", "finalLink": "https://www.sec.gov/Archives/edgar/data/1782170/000178217022000048/rely-20211231.htm", "calculatedOtherExpenses": 5256000, "calculatedOperatingExpenses": 261196000, "calculatedNetInterest": -1116000, "calculatedOtherIncome": 3125000, "calculatedIncomeNonControlling": 0, "calculatedEbitda": -31201000}, {"date": "2020-12-31", "symbol": "RELY", "reportedCurrency": "USD", "cik": "0001782170", "fillingDate": "2020-12-31", "acceptedDate": "2020-12-31 00:00:00", "calendarYear": "2020", "period": "FY", "revenue": 256956000, "costOfRevenue": 135842000, "grossProfit": 121114000, "grossProfitRatio": 0.471341397, "researchAndDevelopmentExpenses": 40777000, "generalAndAdministrativeExpenses": 31656000, "sellingAndMarketingExpenses": 73804000, "sellingGeneralAndAdministrativeExpenses": 105460000, "otherExpenses": 4060000, "operatingExpenses": 150297000, "costAndExpenses": 286139000, "interestIncome": 273000, "interestExpense": 1189000, "depreciationAndAmortization": 3031000, "ebitda": -26152000, "ebitdaratio": -0.1017761796, "operatingIncome": -29183000, "operatingIncomeRatio": -0.1135719734, "totalOtherIncomeExpensesNet": -2218000, "incomeBeforeTax": -31401000, "incomeBeforeTaxRatio": -0.1222038014, "incomeTaxExpense": 1163000, "netIncome": -32564000, "netIncomeRatio": -0.1267298681, "eps": -0.2, "epsdiluted": -0.2, "weightedAverageShsOut": 162647296, "weightedAverageShsOutDil": 162647296, "link": null, "finalLink": null, "calculatedOtherExpenses": 4060000, "calculatedOperatingExpenses": 150297000, "calculatedNetInterest": -916000, "calculatedOtherIncome": -1302000, "calculatedIncomeNonControlling": 0, "calculatedEbitda": -26152000}, {"date": "2019-12-31", "symbol": "RELY", "reportedCurrency": "USD", "cik": "0001782170", "fillingDate": "2019-12-31", "acceptedDate": "2019-12-31 00:00:00", "calendarYear": "2019", "period": "FY", "revenue": 126567000, "costOfRevenue": 73303000, "grossProfit": 53264000, "grossProfitRatio": 0.420836395, "researchAndDevelopmentExpenses": 32008000, "generalAndAdministrativeExpenses": 25658000, "sellingAndMarketingExpenses": 43542000, "sellingGeneralAndAdministrativeExpenses": 69200000, "otherExpenses": 2658000, "operatingExpenses": 103866000, "costAndExpenses": 177169000, "interestIncome": 1111000, "interestExpense": 1608000, "depreciationAndAmortization": 3735000, "ebitda": -46867000, "ebitdaratio": -0.3702939945, "operatingIncome": -50602000, "operatingIncomeRatio": -0.3998040563, "totalOtherIncomeExpensesNet": -531000, "incomeBeforeTax": -51133000, "incomeBeforeTaxRatio": -0.4039994627, "incomeTaxExpense": 259000, "netIncome": -51392000, "netIncomeRatio": -0.4060458097, "eps": -0.32, "epsdiluted": -0.32, "weightedAverageShsOut": 162647296, "weightedAverageShsOutDil": 162647296, "link": null, "finalLink": null, "calculatedOtherExpenses": 2658000, "calculatedOperatingExpenses": 103866000, "calculatedNetInterest": -497000, "calculatedOtherIncome": -34000, "calculatedIncomeNonControlling": 0, "calculatedEbitda": -46867000}, {"date": "2017-12-31", "symbol": "RELY", "reportedCurrency": "USD", "cik": "0001782170", "fillingDate": "2018-04-05", "acceptedDate": "2018-04-05 12:11:23", "calendarYear": "2017", "period": "FY", "revenue": 1346400000, "costOfRevenue": 1287300000, "grossProfit": 59100000, "grossProfitRatio": 0.0438948307, "researchAndDevelopmentExpenses": 0, "generalAndAdministrativeExpenses": 52300000, "sellingAndMarketingExpenses": 0, "sellingGeneralAndAdministrativeExpenses": 52300000, "otherExpenses": 2400000, "operatingExpenses": 54700000, "costAndExpenses": 1342000000, "interestIncome": 0, "interestExpense": 200000, "depreciationAndAmortization": 52700000, "ebitda": -76600000, "ebitdaratio": -0.056892454, "operatingIncome": -129300000, "operatingIncomeRatio": -0.0960338681, "totalOtherIncomeExpensesNet": 700000, "incomeBeforeTax": -128600000, "incomeBeforeTaxRatio": -0.0955139632, "incomeTaxExpense": -7800000, "netIncome": -120800000, "netIncomeRatio": -0.0897207368, "eps": -4.17, "epsdiluted": -4.17, "weightedAverageShsOut": 28968363, "weightedAverageShsOutDil": 28968363, "link": "https://www.sec.gov/Archives/edgar/data/38984/000155837018002801/0001558370-18-002801-index.htm", "finalLink": "https://www.sec.gov/Archives/edgar/data/38984/000155837018002801/rely-20171231x10k.htm", "calculatedOtherExpenses": 136100000, "calculatedOperatingExpenses": 188400000, "calculatedNetInterest": -200000, "calculatedOtherIncome": 900000, "calculatedIncomeNonControlling": 0, "calculatedEbitda": -76600000}, {"date": "2016-12-31", "symbol": "RELY", "reportedCurrency": "USD", "cik": "0001782170", "fillingDate": "2017-03-13", "acceptedDate": "2017-03-13 13:25:56", "calendarYear": "2016", "period": "FY", "revenue": 1249700000, "costOfRevenue": 1183000000, "grossProfit": 66700000, "grossProfitRatio": 0.0533728095, "researchAndDevelopmentExpenses": 0, "generalAndAdministrativeExpenses": 61000000, "sellingAndMarketingExpenses": 0, "sellingGeneralAndAdministrativeExpenses": 61000000, "otherExpenses": 2400000, "operatingExpenses": 63400000, "costAndExpenses": 1246400000, "interestIncome": 0, "interestExpense": 34700000, "depreciationAndAmortization": 54800000, "ebitda": -14000000, "ebitdaratio": -0.0112026886, "operatingIncome": -68800000, "operatingIncomeRatio": -0.0550532128, "totalOtherIncomeExpensesNet": -35000000, "incomeBeforeTax": -103800000, "incomeBeforeTaxRatio": -0.0830599344, "incomeTaxExpense": -600000, "netIncome": -103200000, "netIncomeRatio": -0.0825798192, "eps": -3.57, "epsdiluted": -3.57, "weightedAverageShsOut": 28945331, "weightedAverageShsOutDil": 28945331, "link": "https://www.sec.gov/Archives/edgar/data/38984/000156459017004152/0001564590-17-004152-index.html", "finalLink": "https://www.sec.gov/Archives/edgar/data/38984/000156459017004152/rely-10k_20161231.htm", "calculatedOtherExpenses": 74500000, "calculatedOperatingExpenses": 135500000, "calculatedNetInterest": -34700000, "calculatedOtherIncome": -300000, "calculatedIncomeNonControlling": 0, "calculatedEbitda": -14000000}, {"date": "2015-12-31", "symbol": "RELY", "reportedCurrency": "USD", "cik": "0001782170", "fillingDate": "2016-03-15", "acceptedDate": "2016-03-14 17:37:35", "calendarYear": "2015", "period": "FY", "revenue": 1145600000, "costOfRevenue": 1070700000, "grossProfit": 74900000, "grossProfitRatio": 0.0653805866, "researchAndDevelopmentExpenses": 0, "generalAndAdministrativeExpenses": 56000000, "sellingAndMarketingExpenses": 0, "sellingGeneralAndAdministrativeExpenses": 56000000, "otherExpenses": 2000000, "operatingExpenses": 58000000, "costAndExpenses": 1128700000, "interestIncome": 0, "interestExpense": 33400000, "depreciationAndAmortization": 46000000, "ebitda": 63400000, "ebitdaratio": 0.0553421788, "operatingIncome": 17400000, "operatingIncomeRatio": 0.0151885475, "totalOtherIncomeExpensesNet": -58200000, "incomeBeforeTax": -40800000, "incomeBeforeTaxRatio": -0.0356145251, "incomeTaxExpense": -9100000, "netIncome": -31700000, "netIncomeRatio": -0.0276710894, "eps": -1.09, "epsdiluted": -1.09, "weightedAverageShsOut": 29196598, "weightedAverageShsOutDil": 29196598, "link": "https://www.sec.gov/Archives/edgar/data/38984/000156459016014762/0001564590-16-014762-index.html", "finalLink": "https://www.sec.gov/Archives/edgar/data/38984/000156459016014762/rely-10k_20151231.htm", "calculatedOtherExpenses": 1500000, "calculatedOperatingExpenses": 57500000, "calculatedNetInterest": -33400000, "calculatedOtherIncome": -24800000, "calculatedIncomeNonControlling": 0, "calculatedEbitda": 63400000}, {"date": "2014-12-31", "symbol": "RELY", "reportedCurrency": "USD", "cik": "0001782170", "fillingDate": "2015-03-16", "acceptedDate": "2015-03-16 03:12:49", "calendarYear": "2014", "period": "FY", "revenue": 42046000, "costOfRevenue": 25701000, "grossProfit": 16345000, "grossProfitRatio": 0.3887409028, "researchAndDevelopmentExpenses": 0, "generalAndAdministrativeExpenses": 18852000, "sellingAndMarketingExpenses": 0, "sellingGeneralAndAdministrativeExpenses": 18852000, "otherExpenses": 28835000, "operatingExpenses": 47687000, "costAndExpenses": 73388000, "interestIncome": 0, "interestExpense": 905000, "depreciationAndAmortization": 1310000, "ebitda": 3038000, "ebitdaratio": 0.0722541978, "operatingIncome": 1728000, "operatingIncomeRatio": 0.0410978452, "totalOtherIncomeExpensesNet": -3259000, "incomeBeforeTax": -1531000, "incomeBeforeTaxRatio": -0.0364125006, "incomeTaxExpense": -4680000, "netIncome": 3149000, "netIncomeRatio": 0.0748941635, "eps": 0.23, "epsdiluted": 0.22, "weightedAverageShsOut": 13403083, "weightedAverageShsOutDil": 14402118, "link": "https://www.sec.gov/Archives/edgar/data/38984/000156459015001692/0001564590-15-001692-index.htm", "finalLink": "https://www.sec.gov/Archives/edgar/data/38984/000156459015001692/sggh-10k_20141231.htm", "calculatedOtherExpenses": -4235000, "calculatedOperatingExpenses": 14617000, "calculatedNetInterest": -905000, "calculatedOtherIncome": -2354000, "calculatedIncomeNonControlling": 0, "calculatedEbitda": 3038000}, {"date": "2013-12-31", "symbol": "RELY", "reportedCurrency": "USD", "cik": "0001782170", "fillingDate": "2014-03-14", "acceptedDate": "2014-03-13 17:57:54", "calendarYear": "2013", "period": "FY", "revenue": 43511000, "costOfRevenue": 23427000, "grossProfit": 20084000, "grossProfitRatio": 0.4615844269, "researchAndDevelopmentExpenses": 0, "generalAndAdministrativeExpenses": 17736000, "sellingAndMarketingExpenses": 0, "sellingGeneralAndAdministrativeExpenses": 17736000, "otherExpenses": 31243000, "operatingExpenses": 48979000, "costAndExpenses": 72406000, "interestIncome": 0, "interestExpense": 3943000, "depreciationAndAmortization": 1926000, "ebitda": -4002000, "ebitdaratio": -0.0919767415, "operatingIncome": -5928000, "operatingIncomeRatio": -0.1362414102, "totalOtherIncomeExpensesNet": -3943000, "incomeBeforeTax": -9871000, "incomeBeforeTaxRatio": -0.2268621728, "incomeTaxExpense": 163000, "netIncome": -10034000, "netIncomeRatio": -0.2306083519, "eps": -0.83, "epsdiluted": -0.83, "weightedAverageShsOut": 12146271, "weightedAverageShsOutDil": 12146271, "link": "https://www.sec.gov/Archives/edgar/data/38984/000156459014000748/0001564590-14-000748-index.html", "finalLink": "https://www.sec.gov/Archives/edgar/data/38984/000156459014000748/sggh-10k_20131231.htm", "calculatedOtherExpenses": 8276000, "calculatedOperatingExpenses": 26012000, "calculatedNetInterest": -3943000, "calculatedOtherIncome": 0, "calculatedIncomeNonControlling": 0, "calculatedEbitda": -4002000}, {"date": "2012-12-31", "symbol": "RELY", "reportedCurrency": "USD", "cik": "0001782170", "fillingDate": "2013-04-01", "acceptedDate": "2013-03-31 20:00:00", "calendarYear": "2012", "period": "FY", "revenue": 43933000, "costOfRevenue": 22713000, "grossProfit": 21220000, "grossProfitRatio": 0.4830082171, "researchAndDevelopmentExpenses": 0, "generalAndAdministrativeExpenses": 17129000, "sellingAndMarketingExpenses": 0, "sellingGeneralAndAdministrativeExpenses": 17129000, "otherExpenses": 29223000, "operatingExpenses": 46352000, "costAndExpenses": 69065000, "interestIncome": 0, "interestExpense": 4164000, "depreciationAndAmortization": 3133000, "ebitda": 409000, "ebitdaratio": 0.0093096306, "operatingIncome": -2724000, "operatingIncomeRatio": -0.0620035053, "totalOtherIncomeExpensesNet": -663000, "incomeBeforeTax": -3387000, "incomeBeforeTaxRatio": -0.0770946669, "incomeTaxExpense": 580000, "netIncome": -3967000, "netIncomeRatio": -0.090296588, "eps": -0.33, "epsdiluted": -0.0342, "weightedAverageShsOut": 12146271, "weightedAverageShsOutDil": 116122223, "link": "https://www.sec.gov/Archives/edgar/data/38984/000119312513136654/0001193125-13-136654-index.htm", "finalLink": "https://www.sec.gov/Archives/edgar/data/38984/000119312513136654/d459432d10k.htm", "calculatedOtherExpenses": 6815000, "calculatedOperatingExpenses": 23944000, "calculatedNetInterest": -4164000, "calculatedOtherIncome": 3501000, "calculatedIncomeNonControlling": 0, "calculatedEbitda": 409000}, {"date": "2011-12-31", "symbol": "RELY", "reportedCurrency": "USD", "cik": "0001782170", "fillingDate": "2012-03-30", "acceptedDate": "2012-03-29 20:00:00", "calendarYear": "2011", "period": "FY", "revenue": 16495000, "costOfRevenue": 9985000, "grossProfit": 6510000, "grossProfitRatio": 0.39466505, "researchAndDevelopmentExpenses": 0, "generalAndAdministrativeExpenses": 5214000, "sellingAndMarketingExpenses": 0, "sellingGeneralAndAdministrativeExpenses": 5214000, "otherExpenses": 27335000, "operatingExpenses": 32549000, "costAndExpenses": 42534000, "interestIncome": 0, "interestExpense": 3882000, "depreciationAndAmortization": 2065000, "ebitda": -9455000, "ebitdaratio": -0.5732040012, "operatingIncome": -11520000, "operatingIncomeRatio": -0.6983934526, "totalOtherIncomeExpensesNet": -453000, "incomeBeforeTax": -11973000, "incomeBeforeTaxRatio": -0.7258563201, "incomeTaxExpense": -2628000, "netIncome": -9345000, "netIncomeRatio": -0.5665353137, "eps": -0.0806, "epsdiluted": -0.0806, "weightedAverageShsOut": 115879042, "weightedAverageShsOutDil": 115879042, "link": "https://www.sec.gov/Archives/edgar/data/38984/000119312512143990/0001193125-12-143990-index.htm", "finalLink": "https://www.sec.gov/Archives/edgar/data/38984/000119312512143990/d311370d10k.htm", "calculatedOtherExpenses": 12816000, "calculatedOperatingExpenses": 18030000, "calculatedNetInterest": -3882000, "calculatedOtherIncome": 3429000, "calculatedIncomeNonControlling": 0, "calculatedEbitda": -9455000}, {"date": "2010-12-31", "symbol": "RELY", "reportedCurrency": "USD", "cik": "0001782170", "fillingDate": "2011-07-05", "acceptedDate": "2011-07-01 16:08:11", "calendarYear": "2010", "period": "FY", "revenue": 0, "costOfRevenue": 0, "grossProfit": 0, "grossProfitRatio": 0, "researchAndDevelopmentExpenses": 0, "generalAndAdministrativeExpenses": 0, "sellingAndMarketingExpenses": 0, "sellingGeneralAndAdministrativeExpenses": 0, "otherExpenses": -32862000, "operatingExpenses": -32862000, "costAndExpenses": -32862000, "interestIncome": 0, "interestExpense": -19354000, "depreciationAndAmortization": 83000, "ebitda": -32779000, "ebitdaratio": 0, "operatingIncome": -32862000, "operatingIncomeRatio": 0, "totalOtherIncomeExpensesNet": 19354000, "incomeBeforeTax": -13508000, "incomeBeforeTaxRatio": 0, "incomeTaxExpense": 150000, "netIncome": -13658000, "netIncomeRatio": 0, "eps": -0.12, "epsdiluted": -0.12, "weightedAverageShsOut": 115879042, "weightedAverageShsOutDil": 115879042, "link": "https://www.sec.gov/Archives/edgar/data/38984/000114036111035273/0001140361-11-035273-index.htm", "finalLink": "https://www.sec.gov/Archives/edgar/data/38984/000114036111035273/form10k.htm", "calculatedOtherExpenses": 32862000, "calculatedOperatingExpenses": 32862000, "calculatedNetInterest": 19354000, "calculatedOtherIncome": 0, "calculatedIncomeNonControlling": 0, "calculatedEbitda": -32779000}, {"date": "2009-12-31", "symbol": "RELY", "reportedCurrency": "USD", "cik": "0001782170", "fillingDate": "2011-05-17", "acceptedDate": "2011-05-17 03:31:25", "calendarYear": "2009", "period": "FY", "revenue": 0, "costOfRevenue": 0, "grossProfit": 0, "grossProfitRatio": 0, "researchAndDevelopmentExpenses": 0, "generalAndAdministrativeExpenses": 0, "sellingAndMarketingExpenses": 0, "sellingGeneralAndAdministrativeExpenses": 0, "otherExpenses": -28638000, "operatingExpenses": -28638000, "costAndExpenses": -28638000, "interestIncome": 0, "interestExpense": -4675000, "depreciationAndAmortization": 192000, "ebitda": -28446000, "ebitdaratio": 0, "operatingIncome": -28638000, "operatingIncomeRatio": 0, "totalOtherIncomeExpensesNet": 19763000, "incomeBeforeTax": -8875000, "incomeBeforeTaxRatio": 0, "incomeTaxExpense": -4675000, "netIncome": -4200000, "netIncomeRatio": 0, "eps": -0.0362, "epsdiluted": -0.0362, "weightedAverageShsOut": 115879042, "weightedAverageShsOutDil": 115879042, "link": "https://www.sec.gov/Archives/edgar/data/38984/000114036111028101/0001140361-11-028101-index.htm", "finalLink": "https://www.sec.gov/Archives/edgar/data/38984/000114036111028101/form10-k.htm", "calculatedOtherExpenses": 28638000, "calculatedOperatingExpenses": 28638000, "calculatedNetInterest": 4675000, "calculatedOtherIncome": 15088000, "calculatedIncomeNonControlling": 0, "calculatedEbitda": -28446000}, {"date": "2006-12-31", "symbol": "RELY", "reportedCurrency": "USD", "cik": "0001782170", "fillingDate": "2007-10-17", "acceptedDate": "2007-10-17 05:03:04", "calendarYear": "2006", "period": "FY", "revenue": 637729000, "costOfRevenue": 0, "grossProfit": 637729000, "grossProfitRatio": 1, "researchAndDevelopmentExpenses": 0, "generalAndAdministrativeExpenses": 0, "sellingAndMarketingExpenses": 0, "sellingGeneralAndAdministrativeExpenses": 0, "otherExpenses": 647015000, "operatingExpenses": 647015000, "costAndExpenses": 647015000, "interestIncome": 0, "interestExpense": 64278000, "depreciationAndAmortization": 33429000, "ebitda": 88421000, "ebitdaratio": 0.1386498027, "operatingIncome": 54992000, "operatingIncomeRatio": 0.0862309853, "totalOtherIncomeExpensesNet": -64278000, "incomeBeforeTax": -9286000, "incomeBeforeTaxRatio": -0.014561044, "incomeTaxExpense": 64278000, "netIncome": -73564000, "netIncomeRatio": -0.1153530732, "eps": -0.45, "epsdiluted": -0.45, "weightedAverageShsOut": 164106010, "weightedAverageShsOutDil": 164106010, "link": "https://www.sec.gov/Archives/edgar/data/38984/000095012407005157/0000950124-07-005157-index.htm", "finalLink": "https://www.sec.gov/Archives/edgar/data/38984/000095012407005157/v33757e10vk.htm", "calculatedOtherExpenses": 582737000, "calculatedOperatingExpenses": 582737000, "calculatedNetInterest": -64278000, "calculatedOtherIncome": 0, "calculatedIncomeNonControlling": 0, "calculatedEbitda": 88421000}, {"date": "2005-12-31", "symbol": "RELY", "reportedCurrency": "USD", "cik": "0001782170", "fillingDate": "2006-03-16", "acceptedDate": "2006-03-16 09:58:07", "calendarYear": "2005", "period": "FY", "revenue": 0, "costOfRevenue": 0, "grossProfit": 0, "grossProfitRatio": 0, "researchAndDevelopmentExpenses": 0, "generalAndAdministrativeExpenses": 0, "sellingAndMarketingExpenses": 0, "sellingGeneralAndAdministrativeExpenses": 0, "otherExpenses": -367573000, "operatingExpenses": -367573000, "costAndExpenses": -367573000, "interestIncome": 0, "interestExpense": 340703000, "depreciationAndAmortization": 119708000, "ebitda": 447656000, "ebitdaratio": 0, "operatingIncome": 327948000, "operatingIncomeRatio": 0, "totalOtherIncomeExpensesNet": 220995000, "incomeBeforeTax": 548943000, "incomeBeforeTaxRatio": 0, "incomeTaxExpense": -220995000, "netIncome": 769938000, "netIncomeRatio": 0, "eps": 4.69, "epsdiluted": 4.69, "weightedAverageShsOut": 164106010, "weightedAverageShsOutDil": 164106010, "link": "https://www.sec.gov/Archives/edgar/data/38984/000095012906002726/0000950129-06-002726-index.htm", "finalLink": "https://www.sec.gov/Archives/edgar/data/38984/000095012906002726/v18050e10vk.htm", "calculatedOtherExpenses": -327948000, "calculatedOperatingExpenses": -327948000, "calculatedNetInterest": -340703000, "calculatedOtherIncome": 561698000, "calculatedIncomeNonControlling": 0, "calculatedEbitda": 447656000}, {"date": "2004-12-31", "symbol": "RELY", "reportedCurrency": "USD", "cik": "0001782170", "fillingDate": "2005-03-16", "acceptedDate": "2005-03-16 10:37:28", "calendarYear": "2004", "period": "FY", "revenue": 0, "costOfRevenue": 0, "grossProfit": 0, "grossProfitRatio": 0, "researchAndDevelopmentExpenses": 0, "generalAndAdministrativeExpenses": 0, "sellingAndMarketingExpenses": 0, "sellingGeneralAndAdministrativeExpenses": 0, "otherExpenses": -357161000, "operatingExpenses": -357161000, "costAndExpenses": -357161000, "interestIncome": 0, "interestExpense": 202565000, "depreciationAndAmortization": 32186000, "ebitda": 340593000, "ebitdaratio": 0, "operatingIncome": 308407000, "operatingIncomeRatio": 0, "totalOtherIncomeExpensesNet": 293263000, "incomeBeforeTax": 601670000, "incomeBeforeTaxRatio": 0, "incomeTaxExpense": -247914000, "netIncome": 849584000, "netIncomeRatio": 0, "eps": 5.18, "epsdiluted": 5.18, "weightedAverageShsOut": 164106010, "weightedAverageShsOutDil": 164106010, "link": "https://www.sec.gov/Archives/edgar/data/38984/000095012905002498/0000950129-05-002498-index.htm", "finalLink": "https://www.sec.gov/Archives/edgar/data/38984/000095012905002498/v06739e10vk.htm", "calculatedOtherExpenses": -308407000, "calculatedOperatingExpenses": -308407000, "calculatedNetInterest": -202565000, "calculatedOtherIncome": 495828000, "calculatedIncomeNonControlling": 0, "calculatedEbitda": 340593000}, {"date": "2003-12-31", "symbol": "RELY", "reportedCurrency": "USD", "cik": "0001782170", "fillingDate": "2004-03-15", "acceptedDate": "2004-03-15 09:01:49", "calendarYear": "2003", "period": "FY", "revenue": 0, "costOfRevenue": 0, "grossProfit": 0, "grossProfitRatio": 0, "researchAndDevelopmentExpenses": 0, "generalAndAdministrativeExpenses": 0, "sellingAndMarketingExpenses": 0, "sellingGeneralAndAdministrativeExpenses": 0, "otherExpenses": -219127000, "operatingExpenses": -219127000, "costAndExpenses": -219127000, "interestIncome": 0, "interestExpense": 155398000, "depreciationAndAmortization": 19180000, "ebitda": 603692000, "ebitdaratio": 0, "operatingIncome": 584512000, "operatingIncomeRatio": 0, "totalOtherIncomeExpensesNet": -155398000, "incomeBeforeTax": 429114000, "incomeBeforeTaxRatio": 0, "incomeTaxExpense": 155398000, "netIncome": 273716000, "netIncomeRatio": 0, "eps": 1.67, "epsdiluted": 1.67, "weightedAverageShsOut": 164106010, "weightedAverageShsOutDil": 164106010, "link": "https://www.sec.gov/Archives/edgar/data/38984/000095014804000586/0000950148-04-000586-index.htm", "finalLink": "https://www.sec.gov/Archives/edgar/data/38984/000095014804000586/v97207e10vk.htm", "calculatedOtherExpenses": -584512000, "calculatedOperatingExpenses": -584512000, "calculatedNetInterest": -155398000, "calculatedOtherIncome": 0, "calculatedIncomeNonControlling": 0, "calculatedEbitda": 603692000}, {"date": "2002-12-31", "symbol": "RELY", "reportedCurrency": "USD", "cik": "0001782170", "fillingDate": "2003-03-31", "acceptedDate": "2003-03-31 03:14:43", "calendarYear": "2002", "period": "FY", "revenue": 142996000, "costOfRevenue": 0, "grossProfit": 142996000, "grossProfitRatio": 1, "researchAndDevelopmentExpenses": 0, "generalAndAdministrativeExpenses": 0, "sellingAndMarketingExpenses": 0, "sellingGeneralAndAdministrativeExpenses": 0, "otherExpenses": 40810000, "operatingExpenses": 40810000, "costAndExpenses": 40810000, "interestIncome": 0, "interestExpense": 4358000, "depreciationAndAmortization": -4358000, "ebitda": 97828000, "ebitdaratio": 0.6841310246, "operatingIncome": 102186000, "operatingIncomeRatio": 0.7146074016, "totalOtherIncomeExpensesNet": 71513000, "incomeBeforeTax": 173699000, "incomeBeforeTaxRatio": 1.2147122996, "incomeTaxExpense": 71513000, "netIncome": 102186000, "netIncomeRatio": 0.7146074016, "eps": 0.62, "epsdiluted": 0.62, "weightedAverageShsOut": 164106010, "weightedAverageShsOutDil": 164106010, "link": "https://www.sec.gov/Archives/edgar/data/38984/000095014803000676/0000950148-03-000676-index.htm", "finalLink": "https://www.sec.gov/Archives/edgar/data/38984/000095014803000676/v88682e10vk.htm", "calculatedOtherExpenses": 40810000, "calculatedOperatingExpenses": 40810000, "calculatedNetInterest": -4358000, "calculatedOtherIncome": 75871000, "calculatedIncomeNonControlling": 0, "calculatedEbitda": 97828000}]}