{"originalCurrency": "USD", "convertedCurrency": "USD", "report": [{"date": "2023-12-31", "symbol": "REXR", "reportedCurrency": "USD", "cik": "0001571283", "fillingDate": "2024-02-12", "acceptedDate": "2024-02-09 21:48:38", "calendarYear": "2023", "period": "FY", "revenue": 797826000, "costOfRevenue": 184479000, "grossProfit": 613347000, "grossProfitRatio": 0.7687728903, "researchAndDevelopmentExpenses": 0, "generalAndAdministrativeExpenses": 75027000, "sellingAndMarketingExpenses": 0, "sellingGeneralAndAdministrativeExpenses": 75027000, "otherExpenses": -1820000, "operatingExpenses": 319537000, "costAndExpenses": 504016000, "interestIncome": 5761000, "interestExpense": 61400000, "depreciationAndAmortization": 214628000, "ebitda": 536500000, "ebitdaratio": 0.6724523894, "operatingIncome": 293810000, "operatingIncomeRatio": 0.3682632554, "totalOtherIncomeExpensesNet": 17181000, "incomeBeforeTax": 249591000, "incomeBeforeTaxRatio": 0.3128388897, "incomeTaxExpense": 101037000, "netIncome": 238016000, "netIncomeRatio": 0.2983307137, "eps": 1.12, "epsdiluted": 1.12, "weightedAverageShsOut": 202883704, "weightedAverageShsOutDil": 203110993, "link": "https://www.sec.gov/Archives/edgar/data/1571283/000157128324000007/0001571283-24-000007-index.htm", "finalLink": "https://www.sec.gov/Archives/edgar/data/1571283/000157128324000007/rexr-20231231.htm", "calculatedOtherExpenses": 244510000, "calculatedOperatingExpenses": 319537000, "calculatedNetInterest": -55639000, "calculatedOtherIncome": 11420000, "calculatedIncomeNonControlling": -89462000, "calculatedEbitda": 508438000}, {"date": "2022-12-31", "symbol": "REXR", "reportedCurrency": "USD", "cik": "0001571283", "fillingDate": "2023-02-13", "acceptedDate": "2023-02-10 21:53:29", "calendarYear": "2022", "period": "FY", "revenue": 631204000, "costOfRevenue": 150503000, "grossProfit": 480701000, "grossProfitRatio": 0.7615620307, "researchAndDevelopmentExpenses": 0, "generalAndAdministrativeExpenses": 64264000, "sellingAndMarketingExpenses": 0, "sellingGeneralAndAdministrativeExpenses": 64264000, "otherExpenses": 196794000, "operatingExpenses": 261058000, "costAndExpenses": 411561000, "interestIncome": 10000, "interestExpense": 48496000, "depreciationAndAmortization": 196794000, "ebitda": 414876000, "ebitdaratio": 0.6572772036, "operatingIncome": 218082000, "operatingIncomeRatio": 0.3455016128, "totalOtherIncomeExpensesNet": -40925000, "incomeBeforeTax": 177157000, "incomeBeforeTaxRatio": 0.2806652049, "incomeTaxExpense": 48496000, "netIncome": 167584000, "netIncomeRatio": 0.2654989512, "eps": 0.92, "epsdiluted": 0.92, "weightedAverageShsOut": 170467365, "weightedAverageShsOutDil": 170978272, "link": "https://www.sec.gov/Archives/edgar/data/1571283/000157128323000006/0001571283-23-000006-index.htm", "finalLink": "https://www.sec.gov/Archives/edgar/data/1571283/000157128323000006/rexr-20221231.htm", "calculatedOtherExpenses": 198355000, "calculatedOperatingExpenses": 262619000, "calculatedNetInterest": -48486000, "calculatedOtherIncome": 7561000, "calculatedIncomeNonControlling": -38923000, "calculatedEbitda": 414876000}, {"date": "2021-12-31", "symbol": "REXR", "reportedCurrency": "USD", "cik": "0001571283", "fillingDate": "2022-02-17", "acceptedDate": "2022-02-16 21:58:37", "calendarYear": "2021", "period": "FY", "revenue": 452238000, "costOfRevenue": 107721000, "grossProfit": 344517000, "grossProfitRatio": 0.761804625, "researchAndDevelopmentExpenses": 0, "generalAndAdministrativeExpenses": 48990000, "sellingAndMarketingExpenses": 0, "sellingGeneralAndAdministrativeExpenses": 48990000, "otherExpenses": 151269000, "operatingExpenses": 200259000, "costAndExpenses": 307980000, "interestIncome": 37000, "interestExpense": 40139000, "depreciationAndAmortization": 151269000, "ebitda": 294230000, "ebitdaratio": 0.6506087503, "operatingIncome": 142961000, "operatingIncomeRatio": 0.3161189462, "totalOtherIncomeExpensesNet": -6715000, "incomeBeforeTax": 136246000, "incomeBeforeTaxRatio": 0.3012705699, "incomeTaxExpense": 46847000, "netIncome": 89399000, "netIncomeRatio": 0.1976813094, "eps": 0.64, "epsdiluted": 0.64, "weightedAverageShsOut": 139294882, "weightedAverageShsOutDil": 140075689, "link": "https://www.sec.gov/Archives/edgar/data/1571283/000157128322000006/0001571283-22-000006-index.htm", "finalLink": "https://www.sec.gov/Archives/edgar/data/1571283/000157128322000006/rexr-20211231.htm", "calculatedOtherExpenses": 152566000, "calculatedOperatingExpenses": 201556000, "calculatedNetInterest": -40102000, "calculatedOtherIncome": 33387000, "calculatedIncomeNonControlling": 0, "calculatedEbitda": 294230000}, {"date": "2020-12-31", "symbol": "REXR", "reportedCurrency": "USD", "cik": "0001571283", "fillingDate": "2021-02-19", "acceptedDate": "2021-02-18 21:37:52", "calendarYear": "2020", "period": "FY", "revenue": 330135000, "costOfRevenue": 79716000, "grossProfit": 250419000, "grossProfitRatio": 0.7585351447, "researchAndDevelopmentExpenses": 0, "generalAndAdministrativeExpenses": 36795000, "sellingAndMarketingExpenses": 0, "sellingGeneralAndAdministrativeExpenses": 36795000, "otherExpenses": 115269000, "operatingExpenses": 152064000, "costAndExpenses": 231780000, "interestIncome": 338000, "interestExpense": 30849000, "depreciationAndAmortization": 115269000, "ebitda": 213624000, "ebitdaratio": 0.6470807397, "operatingIncome": 98355000, "operatingIncomeRatio": 0.2979235767, "totalOtherIncomeExpensesNet": -17460000, "incomeBeforeTax": 80895000, "incomeBeforeTaxRatio": 0.2450361216, "incomeTaxExpense": 35341000, "netIncome": 45554000, "netIncomeRatio": 0.1379859754, "eps": 0.38, "epsdiluted": 0.38, "weightedAverageShsOut": 120873624, "weightedAverageShsOutDil": 121178310, "link": "https://www.sec.gov/Archives/edgar/data/1571283/000157128321000010/0001571283-21-000010-index.htm", "finalLink": "https://www.sec.gov/Archives/edgar/data/1571283/000157128321000010/rexr-20201231.htm", "calculatedOtherExpenses": 115269000, "calculatedOperatingExpenses": 152064000, "calculatedNetInterest": -30511000, "calculatedOtherIncome": 13051000, "calculatedIncomeNonControlling": 0, "calculatedEbitda": 213624000}, {"date": "2019-12-31", "symbol": "REXR", "reportedCurrency": "USD", "cik": "0001571283", "fillingDate": "2020-02-19", "acceptedDate": "2020-02-19 17:03:56", "calendarYear": "2019", "period": "FY", "revenue": 267213000, "costOfRevenue": 63272000, "grossProfit": 203941000, "grossProfitRatio": 0.763215113, "researchAndDevelopmentExpenses": 0, "generalAndAdministrativeExpenses": 30300000, "sellingAndMarketingExpenses": 0, "sellingGeneralAndAdministrativeExpenses": 30300000, "otherExpenses": 98891000, "operatingExpenses": 129191000, "costAndExpenses": 192463000, "interestIncome": 2555000, "interestExpense": 26875000, "depreciationAndAmortization": 98891000, "ebitda": 173641000, "ebitdaratio": 0.6498224263, "operatingIncome": 74750000, "operatingIncomeRatio": 0.2797393839, "totalOtherIncomeExpensesNet": -10749000, "incomeBeforeTax": 64001000, "incomeBeforeTaxRatio": 0.2395130476, "incomeTaxExpense": 28897000, "netIncome": 35104000, "netIncomeRatio": 0.131370854, "eps": 0.33, "epsdiluted": 0.33, "weightedAverageShsOut": 106407283, "weightedAverageShsOutDil": 106799048, "link": "https://www.sec.gov/Archives/edgar/data/1571283/000157128320000013/0001571283-20-000013-index.htm", "finalLink": "https://www.sec.gov/Archives/edgar/data/1571283/000157128320000013/rexr-20191231x10k.htm", "calculatedOtherExpenses": 98891000, "calculatedOperatingExpenses": 129191000, "calculatedNetInterest": -24320000, "calculatedOtherIncome": 13571000, "calculatedIncomeNonControlling": 0, "calculatedEbitda": 173641000}, {"date": "2018-12-31", "symbol": "REXR", "reportedCurrency": "USD", "cik": "0001571283", "fillingDate": "2019-02-19", "acceptedDate": "2019-02-15 21:54:25", "calendarYear": "2018", "period": "FY", "revenue": 212494000, "costOfRevenue": 51671000, "grossProfit": 160823000, "grossProfitRatio": 0.7568354871, "researchAndDevelopmentExpenses": 0, "generalAndAdministrativeExpenses": 25194000, "sellingAndMarketingExpenses": 0, "sellingGeneralAndAdministrativeExpenses": 25194000, "otherExpenses": 80042000, "operatingExpenses": 105236000, "costAndExpenses": 156907000, "interestIncome": 1378000, "interestExpense": 25416000, "depreciationAndAmortization": 80042000, "ebitda": 135629000, "ebitdaratio": 0.6382721394, "operatingIncome": 54209000, "operatingIncomeRatio": 0.2551083795, "totalOtherIncomeExpensesNet": 16904000, "incomeBeforeTax": 47075000, "incomeBeforeTaxRatio": 0.2215356669, "incomeTaxExpense": 18282000, "netIncome": 46210000, "netIncomeRatio": 0.2174649637, "eps": 0.53, "epsdiluted": 0.53, "weightedAverageShsOut": 86824235, "weightedAverageShsOutDil": 87335749, "link": "https://www.sec.gov/Archives/edgar/data/1571283/000157128319000005/0001571283-19-000005-index.htm", "finalLink": "https://www.sec.gov/Archives/edgar/data/1571283/000157128319000005/rexr-20181231x10k.htm", "calculatedOtherExpenses": 81420000, "calculatedOperatingExpenses": 106614000, "calculatedNetInterest": -24038000, "calculatedOtherIncome": 16904000, "calculatedIncomeNonControlling": -17417000, "calculatedEbitda": 134251000}, {"date": "2017-12-31", "symbol": "REXR", "reportedCurrency": "USD", "cik": "0001571283", "fillingDate": "2018-02-21", "acceptedDate": "2018-02-21 15:05:08", "calendarYear": "2017", "period": "FY", "revenue": 161355000, "costOfRevenue": 42139000, "grossProfit": 119216000, "grossProfitRatio": 0.738842924, "researchAndDevelopmentExpenses": 0, "generalAndAdministrativeExpenses": 21610000, "sellingAndMarketingExpenses": 0, "sellingGeneralAndAdministrativeExpenses": 21610000, "otherExpenses": 64852000, "operatingExpenses": 86462000, "costAndExpenses": 128601000, "interestIncome": 445000, "interestExpense": 20209000, "depreciationAndAmortization": 64852000, "ebitda": 97617000, "ebitdaratio": 0.6049828019, "operatingIncome": 32309000, "operatingIncomeRatio": 0.2002355056, "totalOtherIncomeExpensesNet": 29155000, "incomeBeforeTax": 41700000, "incomeBeforeTaxRatio": 0.258436367, "incomeTaxExpense": 21208000, "netIncome": 40712000, "netIncomeRatio": 0.2523132224, "eps": 0.57, "epsdiluted": 0.57, "weightedAverageShsOut": 71198862, "weightedAverageShsOutDil": 71598654, "link": "https://www.sec.gov/Archives/edgar/data/1571283/000157128318000011/0001571283-18-000011-index.htm", "finalLink": "https://www.sec.gov/Archives/edgar/data/1571283/000157128318000011/rexr-20171231x10k.htm", "calculatedOtherExpenses": 65297000, "calculatedOperatingExpenses": 86907000, "calculatedNetInterest": -19764000, "calculatedOtherIncome": 29155000, "calculatedIncomeNonControlling": -20220000, "calculatedEbitda": 97161000}, {"date": "2016-12-31", "symbol": "REXR", "reportedCurrency": "USD", "cik": "0001571283", "fillingDate": "2017-02-23", "acceptedDate": "2017-02-22 21:36:35", "calendarYear": "2016", "period": "FY", "revenue": 126192000, "costOfRevenue": 33619000, "grossProfit": 92573000, "grossProfitRatio": 0.7335885001, "researchAndDevelopmentExpenses": 0, "generalAndAdministrativeExpenses": 17415000, "sellingAndMarketingExpenses": 0, "sellingGeneralAndAdministrativeExpenses": 17415000, "otherExpenses": 51407000, "operatingExpenses": 68822000, "costAndExpenses": 102441000, "interestIncome": 459000, "interestExpense": 14848000, "depreciationAndAmortization": 51407000, "ebitda": 76609000, "ebitdaratio": 0.6070828579, "operatingIncome": 23292000, "operatingIncomeRatio": 0.1845758844, "totalOtherIncomeExpensesNet": 16973000, "incomeBeforeTax": 25876000, "incomeBeforeTaxRatio": 0.2050526182, "incomeTaxExpense": 17049000, "netIncome": 25126000, "netIncomeRatio": 0.1991092938, "eps": 0.4, "epsdiluted": 0.4, "weightedAverageShsOut": 62723021, "weightedAverageShsOutDil": 62965554, "link": "https://www.sec.gov/Archives/edgar/data/1571283/000157128317000011/0001571283-17-000011-index.htm", "finalLink": "https://www.sec.gov/Archives/edgar/data/1571283/000157128317000011/rexr-20161231x10k.htm", "calculatedOtherExpenses": 51866000, "calculatedOperatingExpenses": 69281000, "calculatedNetInterest": -14389000, "calculatedOtherIncome": 16973000, "calculatedIncomeNonControlling": -16299000, "calculatedEbitda": 74699000}, {"date": "2015-12-31", "symbol": "REXR", "reportedCurrency": "USD", "cik": "0001571283", "fillingDate": "2016-02-25", "acceptedDate": "2016-02-24 21:34:09", "calendarYear": "2015", "period": "FY", "revenue": 93900000, "costOfRevenue": 25000000, "grossProfit": 68900000, "grossProfitRatio": 0.7337593184, "researchAndDevelopmentExpenses": 0, "generalAndAdministrativeExpenses": 15016000, "sellingAndMarketingExpenses": 0, "sellingGeneralAndAdministrativeExpenses": 15016000, "otherExpenses": 41837000, "operatingExpenses": 56853000, "costAndExpenses": 81853000, "interestIncome": 710000, "interestExpense": 8453000, "depreciationAndAmortization": 41837000, "ebitda": 53977000, "ebitdaratio": 0.5748349308, "operatingIncome": 11337000, "operatingIncomeRatio": 0.1207348243, "totalOtherIncomeExpensesNet": -1644000, "incomeBeforeTax": 1950000, "incomeBeforeTaxRatio": 0.0207667732, "incomeTaxExpense": 8622000, "netIncome": 1874000, "netIncomeRatio": 0.0199574015, "eps": 0.0347, "epsdiluted": 0.0347, "weightedAverageShsOut": 54024923, "weightedAverageShsOutDil": 54024923, "link": "https://www.sec.gov/Archives/edgar/data/1571283/000157128316000008/0001571283-16-000008-index.htm", "finalLink": "https://www.sec.gov/Archives/edgar/data/1571283/000157128316000008/rexr-20151231x10k.htm", "calculatedOtherExpenses": 42547000, "calculatedOperatingExpenses": 57563000, "calculatedNetInterest": -7743000, "calculatedOtherIncome": -1644000, "calculatedIncomeNonControlling": -8546000, "calculatedEbitda": 53174000}, {"date": "2014-12-31", "symbol": "REXR", "reportedCurrency": "USD", "cik": "0001571283", "fillingDate": "2015-03-09", "acceptedDate": "2015-03-06 21:59:50", "calendarYear": "2014", "period": "FY", "revenue": 66581000, "costOfRevenue": 18382000, "grossProfit": 48199000, "grossProfitRatio": 0.7239152311, "researchAndDevelopmentExpenses": 0, "generalAndAdministrativeExpenses": 12144000, "sellingAndMarketingExpenses": 0, "sellingGeneralAndAdministrativeExpenses": 12144000, "otherExpenses": 28608000, "operatingExpenses": 40752000, "costAndExpenses": 59134000, "interestIncome": 1117000, "interestExpense": 6400000, "depreciationAndAmortization": 28608000, "ebitda": 36026000, "ebitdaratio": 0.5410852946, "operatingIncome": 6330000, "operatingIncomeRatio": 0.0950721677, "totalOtherIncomeExpensesNet": -2217000, "incomeBeforeTax": -1170000, "incomeBeforeTaxRatio": -0.0175725808, "incomeTaxExpense": 4305000, "netIncome": 896000, "netIncomeRatio": 0.0134572926, "eps": 0.028, "epsdiluted": 0.028, "weightedAverageShsOut": 31953506, "weightedAverageShsOutDil": 31953506, "link": "https://www.sec.gov/Archives/edgar/data/1571283/000156459015001415/0001564590-15-001415-index.htm", "finalLink": "https://www.sec.gov/Archives/edgar/data/1571283/000156459015001415/rexr-10k_20141231.htm", "calculatedOtherExpenses": 29725000, "calculatedOperatingExpenses": 41869000, "calculatedNetInterest": -5283000, "calculatedOtherIncome": -2217000, "calculatedIncomeNonControlling": -6371000, "calculatedEbitda": 34938000}, {"date": "2013-12-31", "symbol": "REXR", "reportedCurrency": "USD", "cik": "0001571283", "fillingDate": "2014-03-20", "acceptedDate": "2014-03-20 16:31:21", "calendarYear": "2013", "period": "FY", "revenue": 44365000, "costOfRevenue": 12328000, "grossProfit": 32037000, "grossProfitRatio": 0.7221232954, "researchAndDevelopmentExpenses": 0, "generalAndAdministrativeExpenses": 9747000, "sellingAndMarketingExpenses": 0, "sellingGeneralAndAdministrativeExpenses": 9747000, "otherExpenses": 15708000, "operatingExpenses": 25455000, "costAndExpenses": 37783000, "interestIncome": 1079000, "interestExpense": 11158000, "depreciationAndAmortization": 15708000, "ebitda": 21467000, "ebitdaratio": 0.483872422, "operatingIncome": 5503000, "operatingIncomeRatio": 0.1240392201, "totalOtherIncomeExpensesNet": -4628000, "incomeBeforeTax": -9204000, "incomeBeforeTaxRatio": -0.2074608362, "incomeTaxExpense": 6022000, "netIncome": -4891000, "netIncomeRatio": -0.1102445622, "eps": -0.2, "epsdiluted": -0.19, "weightedAverageShsOut": 24925347, "weightedAverageShsOutDil": 25559886, "link": "https://www.sec.gov/Archives/edgar/data/1571283/000156459014000932/0001564590-14-000932-index.htm", "finalLink": "https://www.sec.gov/Archives/edgar/data/1571283/000156459014000932/rexr-10k_20131231.htm", "calculatedOtherExpenses": 16787000, "calculatedOperatingExpenses": 26534000, "calculatedNetInterest": -10079000, "calculatedOtherIncome": -4628000, "calculatedIncomeNonControlling": -10335000, "calculatedEbitda": 21211000}, {"date": "2012-12-31", "symbol": "REXR", "reportedCurrency": "USD", "cik": "0001571283", "fillingDate": "2012-12-31", "acceptedDate": "2012-12-30 19:00:00", "calendarYear": "2012", "period": "FY", "revenue": 34068000, "costOfRevenue": 9630000, "grossProfit": 24438000, "grossProfitRatio": 0.7173300458, "researchAndDevelopmentExpenses": 0, "generalAndAdministrativeExpenses": 5146000, "sellingAndMarketingExpenses": 0, "sellingGeneralAndAdministrativeExpenses": 5146000, "otherExpenses": 12727000, "operatingExpenses": 17873000, "costAndExpenses": 27503000, "interestIncome": 1577000, "interestExpense": 17452000, "depreciationAndAmortization": 13403000, "ebitda": 20090000, "ebitdaratio": 0.589702947, "operatingIncome": 4988000, "operatingIncomeRatio": 0.1464130562, "totalOtherIncomeExpensesNet": 1884000, "incomeBeforeTax": -9003000, "incomeBeforeTaxRatio": -0.2642655865, "incomeTaxExpense": 13462000, "netIncome": -4891000, "netIncomeRatio": -0.1435658096, "eps": -0.19, "epsdiluted": -0.19, "weightedAverageShsOut": 25229818, "weightedAverageShsOutDil": 25229818, "link": "", "finalLink": "", "calculatedOtherExpenses": 14304000, "calculatedOperatingExpenses": 19450000, "calculatedNetInterest": -15875000, "calculatedOtherIncome": 1884000, "calculatedIncomeNonControlling": -17574000, "calculatedEbitda": 18391000}, {"date": "2011-12-31", "symbol": "REXR", "reportedCurrency": "USD", "cik": "0001571283", "fillingDate": "2011-12-31", "acceptedDate": "2011-12-30 19:00:00", "calendarYear": "2011", "period": "FY", "revenue": 27739000, "costOfRevenue": 7658000, "grossProfit": 20081000, "grossProfitRatio": 0.7239266015, "researchAndDevelopmentExpenses": 0, "generalAndAdministrativeExpenses": 3729000, "sellingAndMarketingExpenses": 0, "sellingGeneralAndAdministrativeExpenses": 3729000, "otherExpenses": 9668000, "operatingExpenses": 13397000, "costAndExpenses": 21055000, "interestIncome": 1578000, "interestExpense": 17466000, "depreciationAndAmortization": 9505000, "ebitda": 16537000, "ebitdaratio": 0.5961642453, "operatingIncome": 5106000, "operatingIncomeRatio": 0.1840729659, "totalOtherIncomeExpensesNet": 3348000, "incomeBeforeTax": -7434000, "incomeBeforeTaxRatio": -0.2679981254, "incomeTaxExpense": 14132000, "netIncome": -3752000, "netIncomeRatio": -0.1352608241, "eps": -0.15, "epsdiluted": -0.15, "weightedAverageShsOut": 25229818, "weightedAverageShsOutDil": 25229818, "link": "", "finalLink": "", "calculatedOtherExpenses": 11246000, "calculatedOperatingExpenses": 14975000, "calculatedNetInterest": -15888000, "calculatedOtherIncome": 3348000, "calculatedIncomeNonControlling": -17814000, "calculatedEbitda": 14611000}]}