{"originalCurrency": "USD", "convertedCurrency": "USD", "report": [{"date": "2023-12-31", "symbol": "REYN", "reportedCurrency": "USD", "cik": "0001786431", "fillingDate": "2024-02-07", "acceptedDate": "2024-02-07 09:15:14", "calendarYear": "2023", "period": "FY", "revenue": 3756000000, "costOfRevenue": 2814000000, "grossProfit": 942000000, "grossProfitRatio": 0.250798722, "researchAndDevelopmentExpenses": 44000000, "generalAndAdministrativeExpenses": 351000000, "sellingAndMarketingExpenses": 79000000, "sellingGeneralAndAdministrativeExpenses": 430000000, "otherExpenses": 0, "operatingExpenses": 430000000, "costAndExpenses": 3244000000, "interestIncome": 29000000, "interestExpense": 144000000, "depreciationAndAmortization": 124000000, "ebitda": 661000000, "ebitdaratio": 0.1759850905, "operatingIncome": 512000000, "operatingIncomeRatio": 0.136315229, "totalOtherIncomeExpensesNet": -119000000, "incomeBeforeTax": 393000000, "incomeBeforeTaxRatio": 0.1046325879, "incomeTaxExpense": 95000000, "netIncome": 298000000, "netIncomeRatio": 0.0793397231, "eps": 1.42, "epsdiluted": 1.42, "weightedAverageShsOut": 210000000, "weightedAverageShsOutDil": 210000000, "link": "https://www.sec.gov/Archives/edgar/data/1786431/000162828024003623/0001628280-24-003623-index.htm", "finalLink": "https://www.sec.gov/Archives/edgar/data/1786431/000162828024003623/reyn-20231231.htm", "calculatedOtherExpenses": -44000000, "calculatedOperatingExpenses": 430000000, "calculatedNetInterest": -115000000, "calculatedOtherIncome": -4000000, "calculatedIncomeNonControlling": 0, "calculatedEbitda": 636000000}, {"date": "2022-12-31", "symbol": "REYN", "reportedCurrency": "USD", "cik": "0001786431", "fillingDate": "2023-02-08", "acceptedDate": "2023-02-08 09:14:50", "calendarYear": "2022", "period": "FY", "revenue": 3817000000, "costOfRevenue": 3041000000, "grossProfit": 776000000, "grossProfitRatio": 0.2033010217, "researchAndDevelopmentExpenses": 38000000, "generalAndAdministrativeExpenses": 340000000, "sellingAndMarketingExpenses": 59000000, "sellingGeneralAndAdministrativeExpenses": 340000000, "otherExpenses": 22000000, "operatingExpenses": 362000000, "costAndExpenses": 3403000000, "interestIncome": 6000000, "interestExpense": 76000000, "depreciationAndAmortization": 117000000, "ebitda": 531000000, "ebitdaratio": 0.1391144878, "operatingIncome": 414000000, "operatingIncomeRatio": 0.108462143, "totalOtherIncomeExpensesNet": -76000000, "incomeBeforeTax": 338000000, "incomeBeforeTaxRatio": 0.0885512182, "incomeTaxExpense": 80000000, "netIncome": 258000000, "netIncomeRatio": 0.06759235, "eps": 1.23, "epsdiluted": 1.23, "weightedAverageShsOut": 209800000, "weightedAverageShsOutDil": 209900000, "link": "https://www.sec.gov/Archives/edgar/data/1786431/000162828023002692/0001628280-23-002692-index.htm", "finalLink": "https://www.sec.gov/Archives/edgar/data/1786431/000162828023002692/reyn-20221231.htm", "calculatedOtherExpenses": -16000000, "calculatedOperatingExpenses": 362000000, "calculatedNetInterest": -70000000, "calculatedOtherIncome": -6000000, "calculatedIncomeNonControlling": 0, "calculatedEbitda": 531000000}, {"date": "2021-12-31", "symbol": "REYN", "reportedCurrency": "USD", "cik": "0001786431", "fillingDate": "2022-02-09", "acceptedDate": "2022-02-09 09:20:29", "calendarYear": "2021", "period": "FY", "revenue": 3556000000, "costOfRevenue": 2745000000, "grossProfit": 811000000, "grossProfitRatio": 0.2280652418, "researchAndDevelopmentExpenses": 36000000, "generalAndAdministrativeExpenses": 320000000, "sellingAndMarketingExpenses": 43000000, "sellingGeneralAndAdministrativeExpenses": 320000000, "otherExpenses": 13000000, "operatingExpenses": 333000000, "costAndExpenses": 3078000000, "interestIncome": 47000000, "interestExpense": 48000000, "depreciationAndAmortization": 109000000, "ebitda": 587000000, "ebitdaratio": 0.1650731159, "operatingIncome": 478000000, "operatingIncomeRatio": 0.1344206974, "totalOtherIncomeExpensesNet": -48000000, "incomeBeforeTax": 430000000, "incomeBeforeTaxRatio": 0.1209223847, "incomeTaxExpense": 106000000, "netIncome": 324000000, "netIncomeRatio": 0.0911136108, "eps": 1.54, "epsdiluted": 1.54, "weightedAverageShsOut": 209800000, "weightedAverageShsOutDil": 209800000, "link": "https://www.sec.gov/Archives/edgar/data/1786431/000156459022004307/0001564590-22-004307-index.htm", "finalLink": "https://www.sec.gov/Archives/edgar/data/1786431/000156459022004307/reyn-10k_20211231.htm", "calculatedOtherExpenses": -23000000, "calculatedOperatingExpenses": 333000000, "calculatedNetInterest": -1000000, "calculatedOtherIncome": -47000000, "calculatedIncomeNonControlling": 0, "calculatedEbitda": 587000000}, {"date": "2020-12-31", "symbol": "REYN", "reportedCurrency": "USD", "cik": "0001786431", "fillingDate": "2021-02-12", "acceptedDate": "2021-02-12 06:45:00", "calendarYear": "2020", "period": "FY", "revenue": 3263000000, "costOfRevenue": 2290000000, "grossProfit": 973000000, "grossProfitRatio": 0.298191848, "researchAndDevelopmentExpenses": 41000000, "generalAndAdministrativeExpenses": 358000000, "sellingAndMarketingExpenses": 72000000, "sellingGeneralAndAdministrativeExpenses": 358000000, "otherExpenses": 29000000, "operatingExpenses": 387000000, "costAndExpenses": 2677000000, "interestIncome": 69000000, "interestExpense": 70000000, "depreciationAndAmortization": 99000000, "ebitda": 685000000, "ebitdaratio": 0.2099295127, "operatingIncome": 586000000, "operatingIncomeRatio": 0.179589335, "totalOtherIncomeExpensesNet": -70000000, "incomeBeforeTax": 516000000, "incomeBeforeTaxRatio": 0.158136684, "incomeTaxExpense": 153000000, "netIncome": 363000000, "netIncomeRatio": 0.1112473184, "eps": 1.78, "epsdiluted": 1.78, "weightedAverageShsOut": 204500000, "weightedAverageShsOutDil": 204500000, "link": "https://www.sec.gov/Archives/edgar/data/1786431/000156459021005649/0001564590-21-005649-index.htm", "finalLink": "https://www.sec.gov/Archives/edgar/data/1786431/000156459021005649/reyn-10k_20201231.htm", "calculatedOtherExpenses": -12000000, "calculatedOperatingExpenses": 387000000, "calculatedNetInterest": -1000000, "calculatedOtherIncome": -69000000, "calculatedIncomeNonControlling": 0, "calculatedEbitda": 685000000}, {"date": "2019-12-31", "symbol": "REYN", "reportedCurrency": "USD", "cik": "0001786431", "fillingDate": "2020-03-10", "acceptedDate": "2020-03-10 16:06:09", "calendarYear": "2019", "period": "FY", "revenue": 3032000000, "costOfRevenue": 2152000000, "grossProfit": 880000000, "grossProfitRatio": 0.290237467, "researchAndDevelopmentExpenses": 33000000, "generalAndAdministrativeExpenses": 305000000, "sellingAndMarketingExpenses": 0, "sellingGeneralAndAdministrativeExpenses": 305000000, "otherExpenses": 65000000, "operatingExpenses": 370000000, "costAndExpenses": 2522000000, "interestIncome": 33000000, "interestExpense": 209000000, "depreciationAndAmortization": 91000000, "ebitda": 510000000, "ebitdaratio": 0.1682058047, "operatingIncome": 510000000, "operatingIncomeRatio": 0.1682058047, "totalOtherIncomeExpensesNet": -209000000, "incomeBeforeTax": 301000000, "incomeBeforeTaxRatio": 0.0992744063, "incomeTaxExpense": 76000000, "netIncome": 225000000, "netIncomeRatio": 0.0742084433, "eps": 1.07, "epsdiluted": 1.07, "weightedAverageShsOut": 209700500, "weightedAverageShsOutDil": 209700500, "link": "https://www.sec.gov/Archives/edgar/data/1786431/000156459020009733/0001564590-20-009733-index.htm", "finalLink": "https://www.sec.gov/Archives/edgar/data/1786431/000156459020009733/reyn-10k_20191231.htm", "calculatedOtherExpenses": 32000000, "calculatedOperatingExpenses": 370000000, "calculatedNetInterest": -176000000, "calculatedOtherIncome": -33000000, "calculatedIncomeNonControlling": 0, "calculatedEbitda": 601000000}, {"date": "2018-12-31", "symbol": "REYN", "reportedCurrency": "USD", "cik": "0001786431", "fillingDate": "2018-12-31", "acceptedDate": "2018-12-30 19:00:00", "calendarYear": "2018", "period": "FY", "revenue": 3142000000, "costOfRevenue": 2310000000, "grossProfit": 832000000, "grossProfitRatio": 0.2647994908, "researchAndDevelopmentExpenses": 29000000, "generalAndAdministrativeExpenses": 298000000, "sellingAndMarketingExpenses": 0, "sellingGeneralAndAdministrativeExpenses": 298000000, "otherExpenses": 21000000, "operatingExpenses": 319000000, "costAndExpenses": 2629000000, "interestIncome": 52000000, "interestExpense": 331000000, "depreciationAndAmortization": 87000000, "ebitda": 651000000, "ebitdaratio": 0.2071928708, "operatingIncome": 513000000, "operatingIncomeRatio": 0.1632718014, "totalOtherIncomeExpensesNet": -280000000, "incomeBeforeTax": 233000000, "incomeBeforeTaxRatio": 0.0741565882, "incomeTaxExpense": 57000000, "netIncome": 176000000, "netIncomeRatio": 0.0560152769, "eps": 0.87, "epsdiluted": 0.87, "weightedAverageShsOut": 202680331, "weightedAverageShsOutDil": 202751471, "link": "", "finalLink": "", "calculatedOtherExpenses": -8000000, "calculatedOperatingExpenses": 319000000, "calculatedNetInterest": -279000000, "calculatedOtherIncome": -1000000, "calculatedIncomeNonControlling": 0, "calculatedEbitda": 600000000}, {"date": "2017-12-31", "symbol": "REYN", "reportedCurrency": "USD", "cik": "0001786431", "fillingDate": "2017-12-31", "acceptedDate": "2017-12-30 19:00:00", "calendarYear": "2017", "period": "FY", "revenue": 2957000000, "costOfRevenue": 2095000000, "grossProfit": 862000000, "grossProfitRatio": 0.2915116672, "researchAndDevelopmentExpenses": 27000000, "generalAndAdministrativeExpenses": 304000000, "sellingAndMarketingExpenses": 0, "sellingGeneralAndAdministrativeExpenses": 304000000, "otherExpenses": 18000000, "operatingExpenses": 322000000, "costAndExpenses": 2417000000, "interestIncome": 26000000, "interestExpense": 347000000, "depreciationAndAmortization": 90000000, "ebitda": 655000000, "ebitdaratio": 0.2215082854, "operatingIncome": 540000000, "operatingIncomeRatio": 0.1826175178, "totalOtherIncomeExpensesNet": -322000000, "incomeBeforeTax": 218000000, "incomeBeforeTaxRatio": 0.0737233683, "incomeTaxExpense": -84000000, "netIncome": 302000000, "netIncomeRatio": 0.1021305377, "eps": 1.49, "epsdiluted": 1.49, "weightedAverageShsOut": 202680331, "weightedAverageShsOutDil": 202751471, "link": "", "finalLink": "", "calculatedOtherExpenses": -9000000, "calculatedOperatingExpenses": 322000000, "calculatedNetInterest": -321000000, "calculatedOtherIncome": -1000000, "calculatedIncomeNonControlling": 0, "calculatedEbitda": 630000000}, {"date": "2016-12-31", "symbol": "REYN", "reportedCurrency": "USD", "cik": "0001786431", "fillingDate": "2016-12-31", "acceptedDate": "2016-12-30 19:00:00", "calendarYear": "2016", "period": "FY", "revenue": 2935000000, "costOfRevenue": 2048000000, "grossProfit": 887000000, "grossProfitRatio": 0.3022146508, "researchAndDevelopmentExpenses": 30000000, "generalAndAdministrativeExpenses": 338000000, "sellingAndMarketingExpenses": 0, "sellingGeneralAndAdministrativeExpenses": 338000000, "otherExpenses": -10000000, "operatingExpenses": 353000000, "costAndExpenses": 2401000000, "interestIncome": 14000000, "interestExpense": 403000000, "depreciationAndAmortization": 97000000, "ebitda": 633000000, "ebitdaratio": 0.2156729131, "operatingIncome": 534000000, "operatingIncomeRatio": 0.1819420784, "totalOtherIncomeExpensesNet": -10000000, "incomeBeforeTax": 133000000, "incomeBeforeTaxRatio": 0.0453151618, "incomeTaxExpense": 54000000, "netIncome": 79000000, "netIncomeRatio": 0.0269165247, "eps": 0.39, "epsdiluted": 0.39, "weightedAverageShsOut": 202625000, "weightedAverageShsOutDil": 202681121, "link": "", "finalLink": "", "calculatedOtherExpenses": -15000000, "calculatedOperatingExpenses": 353000000, "calculatedNetInterest": -389000000, "calculatedOtherIncome": -12000000, "calculatedIncomeNonControlling": 0, "calculatedEbitda": 631000000}]}