{"originalCurrency": "USD", "convertedCurrency": "USD", "report": [{"date": "2023-12-31", "symbol": "REZI", "reportedCurrency": "USD", "cik": "0001740332", "fillingDate": "2024-02-14", "acceptedDate": "2024-02-14 17:16:11", "calendarYear": "2023", "period": "FY", "revenue": 6242000000, "costOfRevenue": 4584000000, "grossProfit": 1658000000, "grossProfitRatio": 0.2656199936, "researchAndDevelopmentExpenses": 109000000, "generalAndAdministrativeExpenses": 0, "sellingAndMarketingExpenses": 0, "sellingGeneralAndAdministrativeExpenses": 960000000, "otherExpenses": -169000000, "operatingExpenses": 1069000000, "costAndExpenses": 5653000000, "interestIncome": 0, "interestExpense": 107000000, "depreciationAndAmortization": 98000000, "ebitda": 687000000, "ebitdaratio": 0.1100608779, "operatingIncome": 589000000, "operatingIncomeRatio": 0.0943607818, "totalOtherIncomeExpensesNet": -276000000, "incomeBeforeTax": 313000000, "incomeBeforeTaxRatio": 0.0501441846, "incomeTaxExpense": 103000000, "netIncome": 210000000, "netIncomeRatio": 0.0336430631, "eps": 1.43, "epsdiluted": 1.42, "weightedAverageShsOut": 147000000, "weightedAverageShsOutDil": 148000000, "link": "https://www.sec.gov/Archives/edgar/data/1740332/000174033224000019/0001740332-24-000019-index.htm", "finalLink": "https://www.sec.gov/Archives/edgar/data/1740332/000174033224000019/rezi-20231231.htm", "calculatedOtherExpenses": 0, "calculatedOperatingExpenses": 1069000000, "calculatedNetInterest": -107000000, "calculatedOtherIncome": -169000000, "calculatedIncomeNonControlling": 0, "calculatedEbitda": 687000000}, {"date": "2022-12-31", "symbol": "REZI", "reportedCurrency": "USD", "cik": "0001740332", "fillingDate": "2023-02-21", "acceptedDate": "2023-02-21 16:47:41", "calendarYear": "2022", "period": "FY", "revenue": 6370000000, "costOfRevenue": 4604000000, "grossProfit": 1766000000, "grossProfitRatio": 0.2772370487, "researchAndDevelopmentExpenses": 111000000, "generalAndAdministrativeExpenses": 0, "sellingAndMarketingExpenses": 0, "sellingGeneralAndAdministrativeExpenses": 974000000, "otherExpenses": 35000000, "operatingExpenses": 1120000000, "costAndExpenses": 5724000000, "interestIncome": 58000000, "interestExpense": 58000000, "depreciationAndAmortization": -6000000, "ebitda": 605000000, "ebitdaratio": 0.0949764521, "operatingIncome": 611000000, "operatingIncomeRatio": 0.0959183673, "totalOtherIncomeExpensesNet": -193000000, "incomeBeforeTax": 418000000, "incomeBeforeTaxRatio": 0.0656200942, "incomeTaxExpense": 135000000, "netIncome": 283000000, "netIncomeRatio": 0.0444270016, "eps": 1.94, "epsdiluted": 1.9, "weightedAverageShsOut": 146000000, "weightedAverageShsOutDil": 149000000, "link": "https://www.sec.gov/Archives/edgar/data/1740332/000174033223000006/0001740332-23-000006-index.htm", "finalLink": "https://www.sec.gov/Archives/edgar/data/1740332/000174033223000006/rezi-20221231.htm", "calculatedOtherExpenses": 70000000, "calculatedOperatingExpenses": 1155000000, "calculatedNetInterest": 0, "calculatedOtherIncome": -193000000, "calculatedIncomeNonControlling": 0, "calculatedEbitda": 605000000}, {"date": "2021-12-31", "symbol": "REZI", "reportedCurrency": "USD", "cik": "0001740332", "fillingDate": "2022-02-15", "acceptedDate": "2022-02-15 17:18:27", "calendarYear": "2021", "period": "FY", "revenue": 5846000000, "costOfRevenue": 4285000000, "grossProfit": 1561000000, "grossProfitRatio": 0.2670201847, "researchAndDevelopmentExpenses": 86000000, "generalAndAdministrativeExpenses": 0, "sellingAndMarketingExpenses": 0, "sellingGeneralAndAdministrativeExpenses": 916000000, "otherExpenses": -158000000, "operatingExpenses": 1002000000, "costAndExpenses": 5287000000, "interestIncome": 48000000, "interestExpense": 48000000, "depreciationAndAmortization": 88000000, "ebitda": 489000000, "ebitdaratio": 0.0836469381, "operatingIncome": 401000000, "operatingIncomeRatio": 0.0685939104, "totalOtherIncomeExpensesNet": -48000000, "incomeBeforeTax": 353000000, "incomeBeforeTaxRatio": 0.060383168, "incomeTaxExpense": 111000000, "netIncome": 242000000, "netIncomeRatio": 0.0413958262, "eps": 1.68, "epsdiluted": 1.63, "weightedAverageShsOut": 144036000, "weightedAverageShsOutDil": 148448000, "link": "https://www.sec.gov/Archives/edgar/data/1740332/000095017022001289/0000950170-22-001289-index.htm", "finalLink": "https://www.sec.gov/Archives/edgar/data/1740332/000095017022001289/rezi-20211231.htm", "calculatedOtherExpenses": 158000000, "calculatedOperatingExpenses": 1160000000, "calculatedNetInterest": 0, "calculatedOtherIncome": -48000000, "calculatedIncomeNonControlling": 0, "calculatedEbitda": 489000000}, {"date": "2020-12-31", "symbol": "REZI", "reportedCurrency": "USD", "cik": "0001740332", "fillingDate": "2021-02-25", "acceptedDate": "2021-02-25 10:07:07", "calendarYear": "2020", "period": "FY", "revenue": 5071000000, "costOfRevenue": 3758000000, "grossProfit": 1313000000, "grossProfitRatio": 0.2589232893, "researchAndDevelopmentExpenses": 77000000, "generalAndAdministrativeExpenses": 0, "sellingAndMarketingExpenses": 0, "sellingGeneralAndAdministrativeExpenses": 1002000000, "otherExpenses": -147000000, "operatingExpenses": 1002000000, "costAndExpenses": 4760000000, "interestIncome": 63000000, "interestExpense": 63000000, "depreciationAndAmortization": 86000000, "ebitda": 250000000, "ebitdaratio": 0.0492999408, "operatingIncome": 164000000, "operatingIncomeRatio": 0.0323407612, "totalOtherIncomeExpensesNet": -63000000, "incomeBeforeTax": 101000000, "incomeBeforeTaxRatio": 0.0199171761, "incomeTaxExpense": 64000000, "netIncome": 37000000, "netIncomeRatio": 0.0072963912, "eps": 0.3, "epsdiluted": 0.29, "weightedAverageShsOut": 125348000, "weightedAverageShsOutDil": 126324000, "link": "https://www.sec.gov/Archives/edgar/data/1740332/000156459021008469/0001564590-21-008469-index.htm", "finalLink": "https://www.sec.gov/Archives/edgar/data/1740332/000156459021008469/rezi-10k_20201231.htm", "calculatedOtherExpenses": 70000000, "calculatedOperatingExpenses": 1149000000, "calculatedNetInterest": 0, "calculatedOtherIncome": -63000000, "calculatedIncomeNonControlling": 0, "calculatedEbitda": 250000000}, {"date": "2019-12-31", "symbol": "REZI", "reportedCurrency": "USD", "cik": "0001740332", "fillingDate": "2020-02-27", "acceptedDate": "2020-02-27 11:12:05", "calendarYear": "2019", "period": "FY", "revenue": 4988000000, "costOfRevenue": 3798000000, "grossProfit": 1190000000, "grossProfitRatio": 0.2385725742, "researchAndDevelopmentExpenses": 139000000, "generalAndAdministrativeExpenses": 886000000, "sellingAndMarketingExpenses": 46000000, "sellingGeneralAndAdministrativeExpenses": 932000000, "otherExpenses": -118000000, "operatingExpenses": 932000000, "costAndExpenses": 4730000000, "interestIncome": 69000000, "interestExpense": 69000000, "depreciationAndAmortization": 80000000, "ebitda": 220000000, "ebitdaratio": 0.044105854, "operatingIncome": 140000000, "operatingIncomeRatio": 0.0280673617, "totalOtherIncomeExpensesNet": -69000000, "incomeBeforeTax": 71000000, "incomeBeforeTaxRatio": 0.014234162, "incomeTaxExpense": 35000000, "netIncome": 36000000, "netIncomeRatio": 0.0072173216, "eps": 0.29, "epsdiluted": 0.29, "weightedAverageShsOut": 122722000, "weightedAverageShsOutDil": 123238000, "link": "https://www.sec.gov/Archives/edgar/data/1740332/000156459020007105/0001564590-20-007105-index.htm", "finalLink": "https://www.sec.gov/Archives/edgar/data/1740332/000156459020007105/rezi-10k_20191231.htm", "calculatedOtherExpenses": -21000000, "calculatedOperatingExpenses": 1050000000, "calculatedNetInterest": 0, "calculatedOtherIncome": -69000000, "calculatedIncomeNonControlling": 0, "calculatedEbitda": 220000000}, {"date": "2018-12-31", "symbol": "REZI", "reportedCurrency": "USD", "cik": "0001740332", "fillingDate": "2019-03-18", "acceptedDate": "2019-03-18 16:17:39", "calendarYear": "2018", "period": "FY", "revenue": 4827000000, "costOfRevenue": 3461000000, "grossProfit": 1366000000, "grossProfitRatio": 0.2829915061, "researchAndDevelopmentExpenses": 0, "generalAndAdministrativeExpenses": 0, "sellingAndMarketingExpenses": 873000000, "sellingGeneralAndAdministrativeExpenses": 873000000, "otherExpenses": -369000000, "operatingExpenses": 873000000, "costAndExpenses": 4334000000, "interestIncome": -20000000, "interestExpense": 20000000, "depreciationAndAmortization": 66000000, "ebitda": 559000000, "ebitdaratio": 0.1158069194, "operatingIncome": 493000000, "operatingIncomeRatio": 0.1021338305, "totalOtherIncomeExpensesNet": -369000000, "incomeBeforeTax": 104000000, "incomeBeforeTaxRatio": 0.0215454734, "incomeTaxExpense": -301000000, "netIncome": 405000000, "netIncomeRatio": 0.0839030454, "eps": 3.31, "epsdiluted": 3.3, "weightedAverageShsOut": 122499000, "weightedAverageShsOutDil": 122624000, "link": "https://www.sec.gov/Archives/edgar/data/1740332/000156459019008280/0001564590-19-008280-index.htm", "finalLink": "https://www.sec.gov/Archives/edgar/data/1740332/000156459019008280/rezi-10k_20181231.htm", "calculatedOtherExpenses": 0, "calculatedOperatingExpenses": 873000000, "calculatedNetInterest": -40000000, "calculatedOtherIncome": -349000000, "calculatedIncomeNonControlling": 0, "calculatedEbitda": 559000000}, {"date": "2017-12-31", "symbol": "REZI", "reportedCurrency": "USD", "cik": "0001740332", "fillingDate": "2017-12-31", "acceptedDate": "2017-12-30 19:00:00", "calendarYear": "2017", "period": "FY", "revenue": 4519000000, "costOfRevenue": 3203000000, "grossProfit": 1316000000, "grossProfitRatio": 0.2912148705, "researchAndDevelopmentExpenses": 0, "generalAndAdministrativeExpenses": 0, "sellingAndMarketingExpenses": 871000000, "sellingGeneralAndAdministrativeExpenses": 871000000, "otherExpenses": -281000000, "operatingExpenses": 871000000, "costAndExpenses": 4074000000, "interestIncome": 0, "interestExpense": 3000000, "depreciationAndAmortization": 67000000, "ebitda": 513000000, "ebitdaratio": 0.1135206904, "operatingIncome": 445000000, "operatingIncomeRatio": 0.0984731135, "totalOtherIncomeExpensesNet": -282000000, "incomeBeforeTax": 166000000, "incomeBeforeTaxRatio": 0.0367337907, "incomeTaxExpense": 560000000, "netIncome": -394000000, "netIncomeRatio": -0.0871874308, "eps": -3.19, "epsdiluted": -3.19, "weightedAverageShsOut": 122360248, "weightedAverageShsOutDil": 123451420, "link": "", "finalLink": "", "calculatedOtherExpenses": 0, "calculatedOperatingExpenses": 871000000, "calculatedNetInterest": -3000000, "calculatedOtherIncome": -276000000, "calculatedIncomeNonControlling": 0, "calculatedEbitda": 512000000}, {"date": "2016-12-31", "symbol": "REZI", "reportedCurrency": "USD", "cik": "0001740332", "fillingDate": "2016-12-31", "acceptedDate": "2016-12-30 19:00:00", "calendarYear": "2016", "period": "FY", "revenue": 4455000000, "costOfRevenue": 3090000000, "grossProfit": 1365000000, "grossProfitRatio": 0.3063973064, "researchAndDevelopmentExpenses": 0, "generalAndAdministrativeExpenses": 0, "sellingAndMarketingExpenses": 870000000, "sellingGeneralAndAdministrativeExpenses": 870000000, "otherExpenses": -185000000, "operatingExpenses": 870000000, "costAndExpenses": 3960000000, "interestIncome": 0, "interestExpense": 3000000, "depreciationAndAmortization": 64000000, "ebitda": 559000000, "ebitdaratio": 0.1254769921, "operatingIncome": 495000000, "operatingIncomeRatio": 0.1111111111, "totalOtherIncomeExpensesNet": -185000000, "incomeBeforeTax": 310000000, "incomeBeforeTaxRatio": 0.0695847363, "incomeTaxExpense": 133000000, "netIncome": 177000000, "netIncomeRatio": 0.0397306397, "eps": 1.43, "epsdiluted": 1.43, "weightedAverageShsOut": 122916666, "weightedAverageShsOutDil": 123451420, "link": "", "finalLink": "", "calculatedOtherExpenses": 0, "calculatedOperatingExpenses": 870000000, "calculatedNetInterest": -3000000, "calculatedOtherIncome": -182000000, "calculatedIncomeNonControlling": 0, "calculatedEbitda": 559000000}, {"date": "2015-12-31", "symbol": "REZI", "reportedCurrency": "USD", "cik": "0001740332", "fillingDate": "2015-12-31", "acceptedDate": "2015-12-30 19:00:00", "calendarYear": "2015", "period": "FY", "revenue": 4154000000, "costOfRevenue": 2925000000, "grossProfit": 1229000000, "grossProfitRatio": 0.2958594126, "researchAndDevelopmentExpenses": 0, "generalAndAdministrativeExpenses": 0, "sellingAndMarketingExpenses": 810000000, "sellingGeneralAndAdministrativeExpenses": 810000000, "otherExpenses": -170000000, "operatingExpenses": 810000000, "costAndExpenses": 3735000000, "interestIncome": 0, "interestExpense": 3000000, "depreciationAndAmortization": 58000000, "ebitda": 472000000, "ebitdaratio": 0.1136254213, "operatingIncome": 419000000, "operatingIncomeRatio": 0.1008666346, "totalOtherIncomeExpensesNet": -165000000, "incomeBeforeTax": 257000000, "incomeBeforeTaxRatio": 0.061868079, "incomeTaxExpense": 110000000, "netIncome": 147000000, "netIncomeRatio": 0.0353875782, "eps": 1.19, "epsdiluted": 1.19, "weightedAverageShsOut": 123451420, "weightedAverageShsOutDil": 123451420, "link": "", "finalLink": "", "calculatedOtherExpenses": 0, "calculatedOperatingExpenses": 810000000, "calculatedNetInterest": -3000000, "calculatedOtherIncome": -159000000, "calculatedIncomeNonControlling": 0, "calculatedEbitda": 477000000}]}