{"originalCurrency": "USD", "convertedCurrency": "USD", "report": [{"date": "2023-12-31", "symbol": "RF", "reportedCurrency": "USD", "cik": "0001281761", "fillingDate": "2024-02-23", "acceptedDate": "2024-02-23 16:55:16", "calendarYear": "2023", "period": "FY", "revenue": 8897000000, "costOfRevenue": 2306000000, "grossProfit": 6591000000, "grossProfitRatio": 0.7408115095, "researchAndDevelopmentExpenses": 0, "generalAndAdministrativeExpenses": 2494000000, "sellingAndMarketingExpenses": 110000000, "sellingGeneralAndAdministrativeExpenses": 2604000000, "otherExpenses": -848000000, "operatingExpenses": 848000000, "costAndExpenses": 6287000000, "interestIncome": 6897000000, "interestExpense": 322000000, "depreciationAndAmortization": 236000000, "ebitda": 2607000000, "ebitdaratio": 0.2930201191, "operatingIncome": 2607000000, "operatingIncomeRatio": 0.2930201191, "totalOtherIncomeExpensesNet": 2607000000, "incomeBeforeTax": 2607000000, "incomeBeforeTaxRatio": 0.2930201191, "incomeTaxExpense": 533000000, "netIncome": 2074000000, "netIncomeRatio": 0.233112285, "eps": 2.11, "epsdiluted": 2.11, "weightedAverageShsOut": 936000000, "weightedAverageShsOutDil": 938000000, "link": "https://www.sec.gov/Archives/edgar/data/1281761/000128176124000010/0001281761-24-000010-index.htm", "finalLink": "https://www.sec.gov/Archives/edgar/data/1281761/000128176124000010/rf-20231231.htm", "calculatedOtherExpenses": 1380000000, "calculatedOperatingExpenses": 3984000000, "calculatedNetInterest": 6575000000, "calculatedOtherIncome": -6575000000, "calculatedIncomeNonControlling": 0, "calculatedEbitda": 2843000000}, {"date": "2022-12-31", "symbol": "RF", "reportedCurrency": "USD", "cik": "0001281761", "fillingDate": "2023-02-24", "acceptedDate": "2023-02-24 12:39:55", "calendarYear": "2022", "period": "FY", "revenue": 7165000000, "costOfRevenue": 0, "grossProfit": 7165000000, "grossProfitRatio": 1, "researchAndDevelopmentExpenses": 0, "generalAndAdministrativeExpenses": 2382000000, "sellingAndMarketingExpenses": 102000000, "sellingGeneralAndAdministrativeExpenses": 2484000000, "otherExpenses": -6457000000, "operatingExpenses": -3973000000, "costAndExpenses": -3973000000, "interestIncome": 5102000000, "interestExpense": 316000000, "depreciationAndAmortization": 353000000, "ebitda": 3545000000, "ebitdaratio": 0.4947662247, "operatingIncome": 3192000000, "operatingIncomeRatio": 0.4454989532, "totalOtherIncomeExpensesNet": -316000000, "incomeBeforeTax": 2876000000, "incomeBeforeTaxRatio": 0.4013956734, "incomeTaxExpense": 631000000, "netIncome": 2245000000, "netIncomeRatio": 0.3133286811, "eps": 2.3, "epsdiluted": 2.28, "weightedAverageShsOut": 935000000, "weightedAverageShsOutDil": 942000000, "link": "https://www.sec.gov/Archives/edgar/data/1281761/000128176123000012/0001281761-23-000012-index.htm", "finalLink": "https://www.sec.gov/Archives/edgar/data/1281761/000128176123000012/rf-20221231.htm", "calculatedOtherExpenses": 1489000000, "calculatedOperatingExpenses": 3973000000, "calculatedNetInterest": 4786000000, "calculatedOtherIncome": -5102000000, "calculatedIncomeNonControlling": 0, "calculatedEbitda": 3545000000}, {"date": "2021-12-31", "symbol": "RF", "reportedCurrency": "USD", "cik": "0001281761", "fillingDate": "2022-02-24", "acceptedDate": "2022-02-24 11:41:34", "calendarYear": "2021", "period": "FY", "revenue": 6438000000, "costOfRevenue": 0, "grossProfit": 6438000000, "grossProfitRatio": 1, "researchAndDevelopmentExpenses": 0, "generalAndAdministrativeExpenses": 2250000000, "sellingAndMarketingExpenses": 106000000, "sellingGeneralAndAdministrativeExpenses": 2356000000, "otherExpenses": -5579000000, "operatingExpenses": -3223000000, "costAndExpenses": -3223000000, "interestIncome": 4081000000, "interestExpense": 167000000, "depreciationAndAmortization": 371000000, "ebitda": 3586000000, "ebitdaratio": 0.5570052811, "operatingIncome": 3215000000, "operatingIncomeRatio": 0.499378689, "totalOtherIncomeExpensesNet": 3215000000, "incomeBeforeTax": 3215000000, "incomeBeforeTaxRatio": 0.499378689, "incomeTaxExpense": 694000000, "netIncome": 2521000000, "netIncomeRatio": 0.3915812364, "eps": 2.51, "epsdiluted": 2.49, "weightedAverageShsOut": 956000000, "weightedAverageShsOutDil": 963000000, "link": "https://www.sec.gov/Archives/edgar/data/1281761/000128176122000016/0001281761-22-000016-index.htm", "finalLink": "https://www.sec.gov/Archives/edgar/data/1281761/000128176122000016/rf-20211231.htm", "calculatedOtherExpenses": 867000000, "calculatedOperatingExpenses": 3223000000, "calculatedNetInterest": 3914000000, "calculatedOtherIncome": -3914000000, "calculatedIncomeNonControlling": 0, "calculatedEbitda": 3586000000}, {"date": "2020-12-31", "symbol": "RF", "reportedCurrency": "USD", "cik": "0001281761", "fillingDate": "2021-02-24", "acceptedDate": "2021-02-23 21:16:10", "calendarYear": "2020", "period": "FY", "revenue": 6275000000, "costOfRevenue": 0, "grossProfit": 6275000000, "grossProfitRatio": 1, "researchAndDevelopmentExpenses": 0, "generalAndAdministrativeExpenses": 2136000000, "sellingAndMarketingExpenses": 94000000, "sellingGeneralAndAdministrativeExpenses": 2230000000, "otherExpenses": -7191000000, "operatingExpenses": -4961000000, "costAndExpenses": -4961000000, "interestIncome": 4262000000, "interestExpense": 368000000, "depreciationAndAmortization": 421000000, "ebitda": 1735000000, "ebitdaratio": 0.2764940239, "operatingIncome": 1314000000, "operatingIncomeRatio": 0.2094023904, "totalOtherIncomeExpensesNet": 220000000, "incomeBeforeTax": 1314000000, "incomeBeforeTaxRatio": 0.2094023904, "incomeTaxExpense": 220000000, "netIncome": 1094000000, "netIncomeRatio": 0.1743426295, "eps": 1.03, "epsdiluted": 1.03, "weightedAverageShsOut": 959000000, "weightedAverageShsOutDil": 962000000, "link": "https://www.sec.gov/Archives/edgar/data/1281761/000128176121000012/0001281761-21-000012-index.htm", "finalLink": "https://www.sec.gov/Archives/edgar/data/1281761/000128176121000012/rf-20201231.htm", "calculatedOtherExpenses": 2731000000, "calculatedOperatingExpenses": 4961000000, "calculatedNetInterest": 3894000000, "calculatedOtherIncome": -3894000000, "calculatedIncomeNonControlling": 0, "calculatedEbitda": 1735000000}, {"date": "2019-12-31", "symbol": "RF", "reportedCurrency": "USD", "cik": "0001281761", "fillingDate": "2020-02-21", "acceptedDate": "2020-02-21 10:49:22", "calendarYear": "2019", "period": "FY", "revenue": 5904000000, "costOfRevenue": 0, "grossProfit": 5904000000, "grossProfitRatio": 1, "researchAndDevelopmentExpenses": 0, "generalAndAdministrativeExpenses": 1916000000, "sellingAndMarketingExpenses": 97000000, "sellingGeneralAndAdministrativeExpenses": 1916000000, "otherExpenses": -5835000000, "operatingExpenses": -3919000000, "costAndExpenses": -3919000000, "interestIncome": 4639000000, "interestExpense": 851000000, "depreciationAndAmortization": 43000000, "ebitda": 2028000000, "ebitdaratio": 0.343495935, "operatingIncome": 1985000000, "operatingIncomeRatio": 0.3362127371, "totalOtherIncomeExpensesNet": 403000000, "incomeBeforeTax": 1985000000, "incomeBeforeTaxRatio": 0.3362127371, "incomeTaxExpense": 403000000, "netIncome": 1582000000, "netIncomeRatio": 0.2679539295, "eps": 1.51, "epsdiluted": 1.5, "weightedAverageShsOut": 995000000, "weightedAverageShsOutDil": 999000000, "link": "https://www.sec.gov/Archives/edgar/data/1281761/000128176120000010/0001281761-20-000010-index.htm", "finalLink": "https://www.sec.gov/Archives/edgar/data/1281761/000128176120000010/rf-20191231x10k.htm", "calculatedOtherExpenses": 2003000000, "calculatedOperatingExpenses": 3919000000, "calculatedNetInterest": 3788000000, "calculatedOtherIncome": -3788000000, "calculatedIncomeNonControlling": 0, "calculatedEbitda": 2028000000}, {"date": "2018-12-31", "symbol": "RF", "reportedCurrency": "USD", "cik": "0001281761", "fillingDate": "2019-02-22", "acceptedDate": "2019-02-21 19:56:24", "calendarYear": "2018", "period": "FY", "revenue": 5821000000, "costOfRevenue": 0, "grossProfit": 5821000000, "grossProfitRatio": 1, "researchAndDevelopmentExpenses": 0, "generalAndAdministrativeExpenses": 2043000000, "sellingAndMarketingExpenses": 92000000, "sellingGeneralAndAdministrativeExpenses": 2135000000, "otherExpenses": -5208000000, "operatingExpenses": -3073000000, "costAndExpenses": -3073000000, "interestIncome": 4393000000, "interestExpense": 602000000, "depreciationAndAmortization": 462000000, "ebitda": 3210000000, "ebitdaratio": 0.5514516406, "operatingIncome": 2748000000, "operatingIncomeRatio": 0.4720838344, "totalOtherIncomeExpensesNet": -793000000, "incomeBeforeTax": 1955000000, "incomeBeforeTaxRatio": 0.3358529462, "incomeTaxExpense": 387000000, "netIncome": 1759000000, "netIncomeRatio": 0.3021817557, "eps": 1.61, "epsdiluted": 1.6, "weightedAverageShsOut": 1092000000, "weightedAverageShsOutDil": 1102000000, "link": "https://www.sec.gov/Archives/edgar/data/1281761/000128176119000019/0001281761-19-000019-index.htm", "finalLink": "https://www.sec.gov/Archives/edgar/data/1281761/000128176119000019/rf-20181231x10k.htm", "calculatedOtherExpenses": 938000000, "calculatedOperatingExpenses": 3073000000, "calculatedNetInterest": 3791000000, "calculatedOtherIncome": -4584000000, "calculatedIncomeNonControlling": -191000000, "calculatedEbitda": 3210000000}, {"date": "2017-12-31", "symbol": "RF", "reportedCurrency": "USD", "cik": "0001281761", "fillingDate": "2018-02-26", "acceptedDate": "2018-02-26 14:54:06", "calendarYear": "2017", "period": "FY", "revenue": 5720000000, "costOfRevenue": 0, "grossProfit": 5720000000, "grossProfitRatio": 1, "researchAndDevelopmentExpenses": 0, "generalAndAdministrativeExpenses": 2062000000, "sellingAndMarketingExpenses": 93000000, "sellingGeneralAndAdministrativeExpenses": 2155000000, "otherExpenses": 75000000, "operatingExpenses": 75000000, "costAndExpenses": 75000000, "interestIncome": 3988000000, "interestExpense": 373000000, "depreciationAndAmortization": 537000000, "ebitda": 2787000000, "ebitdaratio": 0.4872377622, "operatingIncome": 1257000000, "operatingIncomeRatio": 0.2197552448, "totalOtherIncomeExpensesNet": 614000000, "incomeBeforeTax": 1871000000, "incomeBeforeTaxRatio": 0.3270979021, "incomeTaxExpense": 614000000, "netIncome": 1263000000, "netIncomeRatio": 0.2208041958, "eps": 1.01, "epsdiluted": 1, "weightedAverageShsOut": 1186000000, "weightedAverageShsOutDil": 1198000000, "link": "https://www.sec.gov/Archives/edgar/data/1281761/000128176118000016/0001281761-18-000016-index.htm", "finalLink": "https://www.sec.gov/Archives/edgar/data/1281761/000128176118000016/rf-20171231x10k.htm", "calculatedOtherExpenses": 2308000000, "calculatedOperatingExpenses": 4463000000, "calculatedNetInterest": 3615000000, "calculatedOtherIncome": -3001000000, "calculatedIncomeNonControlling": -6000000, "calculatedEbitda": 1794000000}, {"date": "2016-12-31", "symbol": "RF", "reportedCurrency": "USD", "cik": "0001281761", "fillingDate": "2017-02-24", "acceptedDate": "2017-02-24 14:01:09", "calendarYear": "2016", "period": "FY", "revenue": 5654000000, "costOfRevenue": 0, "grossProfit": 5654000000, "grossProfitRatio": 1, "researchAndDevelopmentExpenses": 0, "generalAndAdministrativeExpenses": 2012000000, "sellingAndMarketingExpenses": 101000000, "sellingGeneralAndAdministrativeExpenses": 2113000000, "otherExpenses": 103000000, "operatingExpenses": 103000000, "costAndExpenses": 103000000, "interestIncome": 3814000000, "interestExpense": 313000000, "depreciationAndAmortization": 574000000, "ebitda": 2564000000, "ebitdaratio": 0.4534842589, "operatingIncome": 1158000000, "operatingIncomeRatio": 0.2048107534, "totalOtherIncomeExpensesNet": 514000000, "incomeBeforeTax": 1672000000, "incomeBeforeTaxRatio": 0.2957198444, "incomeTaxExpense": 514000000, "netIncome": 1163000000, "netIncomeRatio": 0.2056950831, "eps": 0.87, "epsdiluted": 0.87, "weightedAverageShsOut": 1255000000, "weightedAverageShsOutDil": 1261000000, "link": "https://www.sec.gov/Archives/edgar/data/1281761/000128176117000026/0001281761-17-000026-index.htm", "finalLink": "https://www.sec.gov/Archives/edgar/data/1281761/000128176117000026/rf-20161231x10k.htm", "calculatedOtherExpenses": 2383000000, "calculatedOperatingExpenses": 4496000000, "calculatedNetInterest": 3501000000, "calculatedOtherIncome": -2987000000, "calculatedIncomeNonControlling": -5000000, "calculatedEbitda": 1732000000}, {"date": "2015-12-31", "symbol": "RF", "reportedCurrency": "USD", "cik": "0001281761", "fillingDate": "2016-02-16", "acceptedDate": "2016-02-16 15:46:29", "calendarYear": "2015", "period": "FY", "revenue": 5406000000, "costOfRevenue": 0, "grossProfit": 5406000000, "grossProfitRatio": 1, "researchAndDevelopmentExpenses": 0, "generalAndAdministrativeExpenses": 1988000000, "sellingAndMarketingExpenses": 98000000, "sellingGeneralAndAdministrativeExpenses": 2086000000, "otherExpenses": 28000000, "operatingExpenses": 28000000, "costAndExpenses": 28000000, "interestIncome": 3603000000, "interestExpense": 268000000, "depreciationAndAmortization": 523000000, "ebitda": 2308000000, "ebitdaratio": 0.4269330374, "operatingIncome": 1075000000, "operatingIncomeRatio": 0.1988531262, "totalOtherIncomeExpensesNet": 455000000, "incomeBeforeTax": 1530000000, "incomeBeforeTaxRatio": 0.2830188679, "incomeTaxExpense": 455000000, "netIncome": 1062000000, "netIncomeRatio": 0.1964483907, "eps": 0.75, "epsdiluted": 0.75, "weightedAverageShsOut": 1325000000, "weightedAverageShsOutDil": 1334000000, "link": "https://www.sec.gov/Archives/edgar/data/1281761/000128176116000108/0001281761-16-000108-index.htm", "finalLink": "https://www.sec.gov/Archives/edgar/data/1281761/000128176116000108/rf-20151231x10k.htm", "calculatedOtherExpenses": 2245000000, "calculatedOperatingExpenses": 4331000000, "calculatedNetInterest": 3335000000, "calculatedOtherIncome": -2880000000, "calculatedIncomeNonControlling": 13000000, "calculatedEbitda": 1598000000}, {"date": "2014-12-31", "symbol": "RF", "reportedCurrency": "USD", "cik": "0001281761", "fillingDate": "2015-02-17", "acceptedDate": "2015-02-17 08:41:19", "calendarYear": "2014", "period": "FY", "revenue": 5100000000, "costOfRevenue": 0, "grossProfit": 5100000000, "grossProfitRatio": 1, "researchAndDevelopmentExpenses": 0, "generalAndAdministrativeExpenses": 1810000000, "sellingAndMarketingExpenses": 95000000, "sellingGeneralAndAdministrativeExpenses": 1905000000, "otherExpenses": -5863000000, "operatingExpenses": -3958000000, "costAndExpenses": -3958000000, "interestIncome": 3588000000, "interestExpense": 309000000, "depreciationAndAmortization": 523000000, "ebitda": 2444000000, "ebitdaratio": 0.4792156863, "operatingIncome": 1142000000, "operatingIncomeRatio": 0.2239215686, "totalOtherIncomeExpensesNet": 457000000, "incomeBeforeTax": 1599000000, "incomeBeforeTaxRatio": 0.3135294118, "incomeTaxExpense": 457000000, "netIncome": 1155000000, "netIncomeRatio": 0.2264705882, "eps": 0.8, "epsdiluted": 0.8, "weightedAverageShsOut": 1375000000, "weightedAverageShsOutDil": 1387000000, "link": "https://www.sec.gov/Archives/edgar/data/1281761/000128176115000022/0001281761-15-000022-index.htm", "finalLink": "https://www.sec.gov/Archives/edgar/data/1281761/000128176115000022/rf-20141231x10k.htm", "calculatedOtherExpenses": 2053000000, "calculatedOperatingExpenses": 3958000000, "calculatedNetInterest": 3279000000, "calculatedOtherIncome": -2822000000, "calculatedIncomeNonControlling": -13000000, "calculatedEbitda": 1665000000}, {"date": "2013-12-31", "symbol": "RF", "reportedCurrency": "USD", "cik": "0001281761", "fillingDate": "2014-02-21", "acceptedDate": "2014-02-21 10:41:27", "calendarYear": "2013", "period": "FY", "revenue": 5281000000, "costOfRevenue": 0, "grossProfit": 5281000000, "grossProfitRatio": 1, "researchAndDevelopmentExpenses": 0, "generalAndAdministrativeExpenses": 1818000000, "sellingAndMarketingExpenses": 98000000, "sellingGeneralAndAdministrativeExpenses": 1916000000, "otherExpenses": -6062000000, "operatingExpenses": -4146000000, "costAndExpenses": -4146000000, "interestIncome": 3646000000, "interestExpense": 384000000, "depreciationAndAmortization": 645000000, "ebitda": 2603000000, "ebitdaratio": 0.4928990721, "operatingIncome": 1135000000, "operatingIncomeRatio": 0.2149214164, "totalOtherIncomeExpensesNet": 452000000, "incomeBeforeTax": 1587000000, "incomeBeforeTaxRatio": 0.3005112668, "incomeTaxExpense": 452000000, "netIncome": 1122000000, "netIncomeRatio": 0.2124597614, "eps": 0.78, "epsdiluted": 0.77, "weightedAverageShsOut": 1395000000, "weightedAverageShsOutDil": 1410000000, "link": "https://www.sec.gov/Archives/edgar/data/1281761/000128176114000009/0001281761-14-000009-index.htm", "finalLink": "https://www.sec.gov/Archives/edgar/data/1281761/000128176114000009/rf-20131231x10k.htm", "calculatedOtherExpenses": 2230000000, "calculatedOperatingExpenses": 4146000000, "calculatedNetInterest": 3262000000, "calculatedOtherIncome": -2810000000, "calculatedIncomeNonControlling": 13000000, "calculatedEbitda": 1780000000}, {"date": "2012-12-31", "symbol": "RF", "reportedCurrency": "USD", "cik": "0001281761", "fillingDate": "2013-02-21", "acceptedDate": "2013-02-21 15:39:37", "calendarYear": "2012", "period": "FY", "revenue": 5400000000, "costOfRevenue": 0, "grossProfit": 5400000000, "grossProfitRatio": 1, "researchAndDevelopmentExpenses": 0, "generalAndAdministrativeExpenses": 1763000000, "sellingAndMarketingExpenses": 87000000, "sellingGeneralAndAdministrativeExpenses": 1850000000, "otherExpenses": -6071000000, "operatingExpenses": -4221000000, "costAndExpenses": -4221000000, "interestIncome": 3903000000, "interestExpense": 603000000, "depreciationAndAmortization": 717000000, "ebitda": 2922000000, "ebitdaratio": 0.5411111111, "operatingIncome": 1179000000, "operatingIncomeRatio": 0.2183333333, "totalOtherIncomeExpensesNet": 482000000, "incomeBeforeTax": 1661000000, "incomeBeforeTaxRatio": 0.3075925926, "incomeTaxExpense": 482000000, "netIncome": 1120000000, "netIncomeRatio": 0.2074074074, "eps": 0.72, "epsdiluted": 0.71, "weightedAverageShsOut": 1381000000, "weightedAverageShsOutDil": 1387000000, "link": "https://www.sec.gov/Archives/edgar/data/1281761/000119312513069212/0001193125-13-069212-index.htm", "finalLink": "https://www.sec.gov/Archives/edgar/data/1281761/000119312513069212/d418921d10k.htm", "calculatedOtherExpenses": 2371000000, "calculatedOperatingExpenses": 4221000000, "calculatedNetInterest": 3300000000, "calculatedOtherIncome": -2818000000, "calculatedIncomeNonControlling": 59000000, "calculatedEbitda": 1896000000}, {"date": "2011-12-31", "symbol": "RF", "reportedCurrency": "USD", "cik": "0001281761", "fillingDate": "2012-02-24", "acceptedDate": "2012-02-24 16:26:17", "calendarYear": "2011", "period": "FY", "revenue": 5893000000, "costOfRevenue": 0, "grossProfit": 5893000000, "grossProfitRatio": 1, "researchAndDevelopmentExpenses": 0, "generalAndAdministrativeExpenses": 1821000000, "sellingAndMarketingExpenses": 97000000, "sellingGeneralAndAdministrativeExpenses": 1918000000, "otherExpenses": -7622000000, "operatingExpenses": -5704000000, "costAndExpenses": -5704000000, "interestIncome": 4253000000, "interestExpense": 843000000, "depreciationAndAmortization": 269000000, "ebitda": 869000000, "ebitdaratio": 0.1474630918, "operatingIncome": 189000000, "operatingIncomeRatio": 0.0320719498, "totalOtherIncomeExpensesNet": -28000000, "incomeBeforeTax": 161000000, "incomeBeforeTaxRatio": 0.0273205498, "incomeTaxExpense": -28000000, "netIncome": -215000000, "netIncomeRatio": -0.036483964, "eps": -0.22, "epsdiluted": -0.22, "weightedAverageShsOut": 995000000, "weightedAverageShsOutDil": 999000000, "link": "https://www.sec.gov/Archives/edgar/data/1281761/000119312512078199/0001193125-12-078199-index.htm", "finalLink": "https://www.sec.gov/Archives/edgar/data/1281761/000119312512078199/d249628d10k.htm", "calculatedOtherExpenses": 3786000000, "calculatedOperatingExpenses": 5704000000, "calculatedNetInterest": 3410000000, "calculatedOtherIncome": -3438000000, "calculatedIncomeNonControlling": 404000000, "calculatedEbitda": 458000000}, {"date": "2010-12-31", "symbol": "RF", "reportedCurrency": "USD", "cik": "0001281761", "fillingDate": "2011-02-24", "acceptedDate": "2011-02-24 16:32:07", "calendarYear": "2010", "period": "FY", "revenue": 6961000000, "costOfRevenue": 0, "grossProfit": 6961000000, "grossProfitRatio": 1, "researchAndDevelopmentExpenses": 0, "generalAndAdministrativeExpenses": 2538000000, "sellingAndMarketingExpenses": 68000000, "sellingGeneralAndAdministrativeExpenses": 2606000000, "otherExpenses": -10106000000, "operatingExpenses": -7500000000, "costAndExpenses": -7500000000, "interestIncome": 4689000000, "interestExpense": 1257000000, "depreciationAndAmortization": 284000000, "ebitda": 656000000, "ebitdaratio": 0.0942393334, "operatingIncome": -539000000, "operatingIncomeRatio": -0.0774314035, "totalOtherIncomeExpensesNet": -346000000, "incomeBeforeTax": -885000000, "incomeBeforeTaxRatio": -0.1271369056, "incomeTaxExpense": -346000000, "netIncome": -539000000, "netIncomeRatio": -0.0774314035, "eps": -0.44, "epsdiluted": -0.44, "weightedAverageShsOut": 1227000000, "weightedAverageShsOutDil": 1227000000, "link": "https://www.sec.gov/Archives/edgar/data/1281761/000119312511045404/0001193125-11-045404-index.htm", "finalLink": "https://www.sec.gov/Archives/edgar/data/1281761/000119312511045404/d10k.htm", "calculatedOtherExpenses": 4894000000, "calculatedOperatingExpenses": 7500000000, "calculatedNetInterest": 3432000000, "calculatedOtherIncome": -3778000000, "calculatedIncomeNonControlling": 0, "calculatedEbitda": -255000000}, {"date": "2009-12-31", "symbol": "RF", "reportedCurrency": "USD", "cik": "0001281761", "fillingDate": "2010-02-22", "acceptedDate": "2010-02-22 16:51:17", "calendarYear": "2009", "period": "FY", "revenue": 7015000000, "costOfRevenue": 0, "grossProfit": 7015000000, "grossProfitRatio": 1, "researchAndDevelopmentExpenses": 0, "generalAndAdministrativeExpenses": 2496000000, "sellingAndMarketingExpenses": 75000000, "sellingGeneralAndAdministrativeExpenses": 2571000000, "otherExpenses": -10617000000, "operatingExpenses": -8046000000, "costAndExpenses": -8046000000, "interestIncome": 5332000000, "interestExpense": 1997000000, "depreciationAndAmortization": 284000000, "ebitda": 1079000000, "ebitdaratio": 0.1538132573, "operatingIncome": -1031000000, "operatingIncomeRatio": -0.1469707769, "totalOtherIncomeExpensesNet": -171000000, "incomeBeforeTax": -1202000000, "incomeBeforeTaxRatio": -0.1713471133, "incomeTaxExpense": -171000000, "netIncome": -1031000000, "netIncomeRatio": -0.1469707769, "eps": -1.04, "epsdiluted": -1.04, "weightedAverageShsOut": 989000000, "weightedAverageShsOutDil": 989000000, "link": "https://www.sec.gov/Archives/edgar/data/1281761/000119312510036446/0001193125-10-036446-index.htm", "finalLink": "https://www.sec.gov/Archives/edgar/data/1281761/000119312510036446/d10k.htm", "calculatedOtherExpenses": 5475000000, "calculatedOperatingExpenses": 8046000000, "calculatedNetInterest": 3335000000, "calculatedOtherIncome": -3506000000, "calculatedIncomeNonControlling": 0, "calculatedEbitda": -747000000}, {"date": "2008-12-31", "symbol": "RF", "reportedCurrency": "USD", "cik": "0001281761", "fillingDate": "2009-02-25", "acceptedDate": "2009-02-24 19:56:48", "calendarYear": "2008", "period": "FY", "revenue": 6916187000, "costOfRevenue": 0, "grossProfit": 6916187000, "grossProfitRatio": 1, "researchAndDevelopmentExpenses": 0, "generalAndAdministrativeExpenses": 2355939000, "sellingAndMarketingExpenses": 96916000, "sellingGeneralAndAdministrativeExpenses": 2452855000, "otherExpenses": -14953355000, "operatingExpenses": -12500500000, "costAndExpenses": -12500500000, "interestIncome": 6563390000, "interestExpense": 2720434000, "depreciationAndAmortization": 371381000, "ebitda": -2852073000, "ebitdaratio": -0.4123765017, "operatingIncome": -5584313000, "operatingIncomeRatio": -0.8074265488, "totalOtherIncomeExpensesNet": -348114000, "incomeBeforeTax": -5932427000, "incomeBeforeTaxRatio": -0.8577597743, "incomeTaxExpense": -348114000, "netIncome": -5595774000, "netIncomeRatio": -0.8090836757, "eps": -8.05, "epsdiluted": -8.05, "weightedAverageShsOut": 695003000, "weightedAverageShsOutDil": 695003000, "link": "https://www.sec.gov/Archives/edgar/data/1281761/000119312509036452/0001193125-09-036452-index.htm", "finalLink": "https://www.sec.gov/Archives/edgar/data/1281761/000119312509036452/d10k.htm", "calculatedOtherExpenses": 10047645000, "calculatedOperatingExpenses": 12500500000, "calculatedNetInterest": 3842956000, "calculatedOtherIncome": -4191070000, "calculatedIncomeNonControlling": 11461000, "calculatedEbitda": -5212932000}, {"date": "2007-12-31", "symbol": "RF", "reportedCurrency": "USD", "cik": "0001281761", "fillingDate": "2008-02-27", "acceptedDate": "2008-02-26 18:02:22", "calendarYear": "2007", "period": "FY", "revenue": 7254201000, "costOfRevenue": 0, "grossProfit": 7254201000, "grossProfitRatio": 1, "researchAndDevelopmentExpenses": 0, "generalAndAdministrativeExpenses": 2471869000, "sellingAndMarketingExpenses": 134050000, "sellingGeneralAndAdministrativeExpenses": 2605919000, "otherExpenses": -8466957000, "operatingExpenses": -5861038000, "costAndExpenses": -5861038000, "interestIncome": 8074663000, "interestExpense": 3676297000, "depreciationAndAmortization": 269409000, "ebitda": 5842488000, "ebitdaratio": 0.8053937298, "operatingIncome": 1393163000, "operatingIncomeRatio": 0.1920491313, "totalOtherIncomeExpensesNet": 645687000, "incomeBeforeTax": 2038850000, "incomeBeforeTaxRatio": 0.2810578312, "incomeTaxExpense": 645687000, "netIncome": 1251095000, "netIncomeRatio": 0.1724648931, "eps": 1.77, "epsdiluted": 1.76, "weightedAverageShsOut": 707981000, "weightedAverageShsOutDil": 712743000, "link": "https://www.sec.gov/Archives/edgar/data/1281761/000119312508038935/0001193125-08-038935-index.htm", "finalLink": "https://www.sec.gov/Archives/edgar/data/1281761/000119312508038935/d10k.htm", "calculatedOtherExpenses": 3255119000, "calculatedOperatingExpenses": 5861038000, "calculatedNetInterest": 4398366000, "calculatedOtherIncome": -3752679000, "calculatedIncomeNonControlling": 142068000, "calculatedEbitda": 1662572000}, {"date": "2006-12-31", "symbol": "RF", "reportedCurrency": "USD", "cik": "0001281761", "fillingDate": "2007-03-01", "acceptedDate": "2007-03-01 11:44:09", "calendarYear": "2006", "period": "FY", "revenue": 5415546000, "costOfRevenue": 0, "grossProfit": 5415546000, "grossProfitRatio": 1, "researchAndDevelopmentExpenses": 0, "generalAndAdministrativeExpenses": 1985203000, "sellingAndMarketingExpenses": 74453000, "sellingGeneralAndAdministrativeExpenses": 2059656000, "otherExpenses": -3175371000, "operatingExpenses": -1115715000, "costAndExpenses": -1115715000, "interestIncome": 5694258000, "interestExpense": 2340816000, "depreciationAndAmortization": 160038000, "ebitda": 4459869000, "ebitdaratio": 0.823530813, "operatingIncome": 4299831000, "operatingIncomeRatio": 0.793979222, "totalOtherIncomeExpensesNet": -2340816000, "incomeBeforeTax": 1959015000, "incomeBeforeTaxRatio": 0.3617391487, "incomeTaxExpense": 605870000, "netIncome": 1353145000, "netIncomeRatio": 0.2498630794, "eps": 2.7, "epsdiluted": 2.67, "weightedAverageShsOut": 501681000, "weightedAverageShsOutDil": 506989000, "link": "https://www.sec.gov/Archives/edgar/data/1281761/000119312507043798/0001193125-07-043798-index.htm", "finalLink": "https://www.sec.gov/Archives/edgar/data/1281761/000119312507043798/d10k.htm", "calculatedOtherExpenses": -943941000, "calculatedOperatingExpenses": 1115715000, "calculatedNetInterest": 3353442000, "calculatedOtherIncome": -5694258000, "calculatedIncomeNonControlling": 0, "calculatedEbitda": 4459869000}, {"date": "2005-12-31", "symbol": "RF", "reportedCurrency": "USD", "cik": "0001281761", "fillingDate": "2006-03-09", "acceptedDate": "2006-03-09 15:41:26", "calendarYear": "2005", "period": "FY", "revenue": 4634051000, "costOfRevenue": 0, "grossProfit": 4634051000, "grossProfitRatio": 1, "researchAndDevelopmentExpenses": 0, "generalAndAdministrativeExpenses": 1739017000, "sellingAndMarketingExpenses": 0, "sellingGeneralAndAdministrativeExpenses": 1739017000, "otherExpenses": -3461217000, "operatingExpenses": -1722200000, "costAndExpenses": -1722200000, "interestIncome": 4310375000, "interestExpense": 1489756000, "depreciationAndAmortization": 297579000, "ebitda": 3209430000, "ebitdaratio": 0.6925754594, "operatingIncome": 2911851000, "operatingIncomeRatio": 0.6283597224, "totalOtherIncomeExpensesNet": -1489756000, "incomeBeforeTax": 1422095000, "incomeBeforeTaxRatio": 0.3068794452, "incomeTaxExpense": 421551000, "netIncome": 1000544000, "netIncomeRatio": 0.2159113052, "eps": 2.17, "epsdiluted": 2.15, "weightedAverageShsOut": 461171000, "weightedAverageShsOutDil": 466183000, "link": "https://www.sec.gov/Archives/edgar/data/1281761/000095014406002032/0000950144-06-002032-index.htm", "finalLink": "https://www.sec.gov/Archives/edgar/data/1281761/000095014406002032/g99734e10vk.htm", "calculatedOtherExpenses": -16817000, "calculatedOperatingExpenses": 1722200000, "calculatedNetInterest": 2820619000, "calculatedOtherIncome": -4310375000, "calculatedIncomeNonControlling": 0, "calculatedEbitda": 3209430000}, {"date": "2004-12-31", "symbol": "RF", "reportedCurrency": "USD", "cik": "0001281761", "fillingDate": "2005-03-14", "acceptedDate": "2005-03-14 15:05:16", "calendarYear": "2004", "period": "FY", "revenue": 3767388000, "costOfRevenue": 0, "grossProfit": 3767388000, "grossProfitRatio": 1, "researchAndDevelopmentExpenses": 0, "generalAndAdministrativeExpenses": 1425075000, "sellingAndMarketingExpenses": 0, "sellingGeneralAndAdministrativeExpenses": 1425075000, "otherExpenses": -3174230000, "operatingExpenses": -1749155000, "costAndExpenses": -1749155000, "interestIncome": 2955685000, "interestExpense": 842651000, "depreciationAndAmortization": 246171000, "ebitda": 2264404000, "ebitdaratio": 0.601054099, "operatingIncome": 2018233000, "operatingIncomeRatio": 0.5357114797, "totalOtherIncomeExpensesNet": -842651000, "incomeBeforeTax": 1175582000, "incomeBeforeTaxRatio": 0.3120416586, "incomeTaxExpense": 351817000, "netIncome": 823765000, "netIncomeRatio": 0.2186567988, "eps": 2.22, "epsdiluted": 2.19, "weightedAverageShsOut": 368656000, "weightedAverageShsOutDil": 373732000, "link": "https://www.sec.gov/Archives/edgar/data/1281761/000095014405002476/0000950144-05-002476-index.htm", "finalLink": "https://www.sec.gov/Archives/edgar/data/1281761/000095014405002476/g93593e10vk.htm", "calculatedOtherExpenses": 324080000, "calculatedOperatingExpenses": 1749155000, "calculatedNetInterest": 2113034000, "calculatedOtherIncome": -2955685000, "calculatedIncomeNonControlling": 0, "calculatedEbitda": 2264404000}, {"date": "2003-12-31", "symbol": "RF", "reportedCurrency": "USD", "cik": "0001281761", "fillingDate": "2003-12-31", "acceptedDate": "2003-12-30 19:00:00", "calendarYear": "2003", "period": "FY", "revenue": 2873355000, "costOfRevenue": 0, "grossProfit": 2873355000, "grossProfitRatio": 1, "researchAndDevelopmentExpenses": 0, "generalAndAdministrativeExpenses": 1122084000, "sellingAndMarketingExpenses": 0, "sellingGeneralAndAdministrativeExpenses": 1122084000, "otherExpenses": -2339335000, "operatingExpenses": -1217251000, "costAndExpenses": -1217251000, "interestIncome": 2219130000, "interestExpense": 744532000, "depreciationAndAmortization": 180375000, "ebitda": 1836479000, "ebitdaratio": 0.6391410042, "operatingIncome": 1656104000, "operatingIncomeRatio": 0.5763659555, "totalOtherIncomeExpensesNet": -744532000, "incomeBeforeTax": 911572000, "incomeBeforeTaxRatio": 0.3172500439, "incomeTaxExpense": 259731000, "netIncome": 651841000, "netIncomeRatio": 0.2268571061, "eps": 2.93, "epsdiluted": 2.9, "weightedAverageShsOut": 222106000, "weightedAverageShsOutDil": 225118000, "link": "", "finalLink": "", "calculatedOtherExpenses": 95167000, "calculatedOperatingExpenses": 1217251000, "calculatedNetInterest": 1474598000, "calculatedOtherIncome": -2219130000, "calculatedIncomeNonControlling": 0, "calculatedEbitda": 1836479000}, {"date": "2002-12-31", "symbol": "RF", "reportedCurrency": "USD", "cik": "0001281761", "fillingDate": "2002-12-31", "acceptedDate": "2002-12-30 19:00:00", "calendarYear": "2002", "period": "FY", "revenue": 2756466000, "costOfRevenue": 0, "grossProfit": 2756466000, "grossProfitRatio": 1, "researchAndDevelopmentExpenses": 0, "generalAndAdministrativeExpenses": 1026569000, "sellingAndMarketingExpenses": 0, "sellingGeneralAndAdministrativeExpenses": 1026569000, "otherExpenses": -1874394000, "operatingExpenses": -847825000, "costAndExpenses": -847825000, "interestIncome": 2536989000, "interestExpense": 1039401000, "depreciationAndAmortization": 175232000, "ebitda": 2083873000, "ebitdaratio": 0.7559944509, "operatingIncome": 1908641000, "operatingIncomeRatio": 0.6924231969, "totalOtherIncomeExpensesNet": -1039401000, "incomeBeforeTax": 869240000, "incomeBeforeTaxRatio": 0.3153458087, "incomeTaxExpense": 249338000, "netIncome": 619902000, "netIncomeRatio": 0.2248901311, "eps": 2.76, "epsdiluted": 2.72, "weightedAverageShsOut": 224312000, "weightedAverageShsOutDil": 227639000, "link": "", "finalLink": "", "calculatedOtherExpenses": -178744000, "calculatedOperatingExpenses": 847825000, "calculatedNetInterest": 1497588000, "calculatedOtherIncome": -2536989000, "calculatedIncomeNonControlling": 0, "calculatedEbitda": 2083873000}, {"date": "2001-12-31", "symbol": "RF", "reportedCurrency": "USD", "cik": "0001281761", "fillingDate": "2001-12-31", "acceptedDate": "2001-12-30 19:00:00", "calendarYear": "2001", "period": "FY", "revenue": 2407378000, "costOfRevenue": 0, "grossProfit": 2407378000, "grossProfitRatio": 1, "researchAndDevelopmentExpenses": 0, "generalAndAdministrativeExpenses": 879688000, "sellingAndMarketingExpenses": 0, "sellingGeneralAndAdministrativeExpenses": 879688000, "otherExpenses": -938971000, "operatingExpenses": -59283000, "costAndExpenses": -59283000, "interestIncome": 3055637000, "interestExpense": 1630144000, "depreciationAndAmortization": 178746000, "ebitda": 2526841000, "ebitdaratio": 1.0496236985, "operatingIncome": 2348095000, "operatingIncomeRatio": 0.975374453, "totalOtherIncomeExpensesNet": -1630144000, "incomeBeforeTax": 717951000, "incomeBeforeTaxRatio": 0.298229443, "incomeTaxExpense": 209017000, "netIncome": 508934000, "netIncomeRatio": 0.2114059363, "eps": 2.26, "epsdiluted": 2.24, "weightedAverageShsOut": 224733000, "weightedAverageShsOutDil": 227063000, "link": "", "finalLink": "", "calculatedOtherExpenses": -820405000, "calculatedOperatingExpenses": 59283000, "calculatedNetInterest": 1425493000, "calculatedOtherIncome": -3055637000, "calculatedIncomeNonControlling": 0, "calculatedEbitda": 2526841000}, {"date": "2000-12-31", "symbol": "RF", "reportedCurrency": "USD", "cik": "0001281761", "fillingDate": "2000-12-31", "acceptedDate": "2000-12-30 19:00:00", "calendarYear": "2000", "period": "FY", "revenue": 1990007000, "costOfRevenue": 0, "grossProfit": 1990007000, "grossProfitRatio": 1, "researchAndDevelopmentExpenses": 0, "generalAndAdministrativeExpenses": 588857000, "sellingAndMarketingExpenses": 0, "sellingGeneralAndAdministrativeExpenses": 588857000, "otherExpenses": 8308000, "operatingExpenses": 597165000, "costAndExpenses": 597165000, "interestIncome": 3234243000, "interestExpense": 1845446000, "depreciationAndAmortization": 138327000, "ebitda": 2725499000, "ebitdaratio": 1.3695926698, "operatingIncome": 2587172000, "operatingIncomeRatio": 1.300081859, "totalOtherIncomeExpensesNet": -1845446000, "incomeBeforeTax": 741726000, "incomeBeforeTaxRatio": 0.3727253221, "incomeTaxExpense": 214203000, "netIncome": 527523000, "netIncomeRatio": 0.2650860022, "eps": 2.39, "epsdiluted": 2.38, "weightedAverageShsOut": 220762000, "weightedAverageShsOutDil": 221989000, "link": "", "finalLink": "", "calculatedOtherExpenses": -1186022000, "calculatedOperatingExpenses": -597165000, "calculatedNetInterest": 1388797000, "calculatedOtherIncome": -3234243000, "calculatedIncomeNonControlling": 0, "calculatedEbitda": 2725499000}, {"date": "1999-12-31", "symbol": "RF", "reportedCurrency": "USD", "cik": "0001281761", "fillingDate": "1999-12-31", "acceptedDate": "1999-12-30 19:00:00", "calendarYear": "1999", "period": "FY", "revenue": 1963000000, "costOfRevenue": 0, "grossProfit": 1963000000, "grossProfitRatio": 1, "researchAndDevelopmentExpenses": 0, "generalAndAdministrativeExpenses": 551600000, "sellingAndMarketingExpenses": 0, "sellingGeneralAndAdministrativeExpenses": 551600000, "otherExpenses": -300800000, "operatingExpenses": 250800000, "costAndExpenses": 250800000, "interestIncome": 2854700000, "interestExpense": 1428800000, "depreciationAndAmortization": 130700000, "ebitda": 2344500000, "ebitdaratio": 1.1943453897, "operatingIncome": 2213800000, "operatingIncomeRatio": 1.1277636271, "totalOtherIncomeExpensesNet": -1428800000, "incomeBeforeTax": 785000000, "incomeBeforeTaxRatio": 0.3998981151, "incomeTaxExpense": 259600000, "netIncome": 525400000, "netIncomeRatio": 0.2676515537, "eps": 2.37, "epsdiluted": 2.35, "weightedAverageShsOut": 221687764, "weightedAverageShsOutDil": 223574468, "link": "", "finalLink": "", "calculatedOtherExpenses": -802400000, "calculatedOperatingExpenses": -250800000, "calculatedNetInterest": 1425900000, "calculatedOtherIncome": -2854700000, "calculatedIncomeNonControlling": 0, "calculatedEbitda": 2344500000}, {"date": "1998-12-31", "symbol": "RF", "reportedCurrency": "USD", "cik": "0001281761", "fillingDate": "1998-12-31", "acceptedDate": "1998-12-30 19:00:00", "calendarYear": "1998", "period": "FY", "revenue": 1799500000, "costOfRevenue": 0, "grossProfit": 1799500000, "grossProfitRatio": 1, "researchAndDevelopmentExpenses": 0, "generalAndAdministrativeExpenses": 528400000, "sellingAndMarketingExpenses": 0, "sellingGeneralAndAdministrativeExpenses": 528400000, "otherExpenses": -419600000, "operatingExpenses": 108800000, "costAndExpenses": 108800000, "interestIncome": 2597800000, "interestExpense": 1273000000, "depreciationAndAmortization": 138400000, "ebitda": 2046700000, "ebitdaratio": 1.1373714921, "operatingIncome": 1908300000, "operatingIncomeRatio": 1.0604612392, "totalOtherIncomeExpensesNet": -1273000000, "incomeBeforeTax": 635300000, "incomeBeforeTaxRatio": 0.3530425118, "incomeTaxExpense": 213600000, "netIncome": 421700000, "netIncomeRatio": 0.234342873, "eps": 1.92, "epsdiluted": 1.88, "weightedAverageShsOut": 219635417, "weightedAverageShsOutDil": 224308511, "link": "", "finalLink": "", "calculatedOtherExpenses": -637200000, "calculatedOperatingExpenses": -108800000, "calculatedNetInterest": 1324800000, "calculatedOtherIncome": -2597800000, "calculatedIncomeNonControlling": 0, "calculatedEbitda": 2046700000}, {"date": "1997-12-31", "symbol": "RF", "reportedCurrency": "USD", "cik": "0001281761", "fillingDate": "1997-12-31", "acceptedDate": "1997-12-30 19:00:00", "calendarYear": "1997", "period": "FY", "revenue": 1087500000, "costOfRevenue": 0, "grossProfit": 1087500000, "grossProfitRatio": 1, "researchAndDevelopmentExpenses": 0, "generalAndAdministrativeExpenses": 333100000, "sellingAndMarketingExpenses": 0, "sellingGeneralAndAdministrativeExpenses": 333100000, "otherExpenses": -151100000, "operatingExpenses": 182000000, "costAndExpenses": 182000000, "interestIncome": 1653100000, "interestExpense": 824200000, "depreciationAndAmortization": 67900000, "ebitda": 1337400000, "ebitdaratio": 1.2297931034, "operatingIncome": 1269500000, "operatingIncomeRatio": 1.1673563218, "totalOtherIncomeExpensesNet": -824200000, "incomeBeforeTax": 445300000, "incomeBeforeTaxRatio": 0.4094712644, "incomeTaxExpense": 145600000, "netIncome": 299700000, "netIncomeRatio": 0.2755862069, "eps": 2.2, "epsdiluted": 2.15, "weightedAverageShsOut": 136227273, "weightedAverageShsOutDil": 139395349, "link": "", "finalLink": "", "calculatedOtherExpenses": -515100000, "calculatedOperatingExpenses": -182000000, "calculatedNetInterest": 828900000, "calculatedOtherIncome": -1653100000, "calculatedIncomeNonControlling": 0, "calculatedEbitda": 1337400000}, {"date": "1996-12-31", "symbol": "RF", "reportedCurrency": "USD", "cik": "0001281761", "fillingDate": "1996-12-31", "acceptedDate": "1996-12-30 19:00:00", "calendarYear": "1996", "period": "FY", "revenue": 921200000, "costOfRevenue": 0, "grossProfit": 921200000, "grossProfitRatio": 1, "researchAndDevelopmentExpenses": 0, "generalAndAdministrativeExpenses": 281800000, "sellingAndMarketingExpenses": 0, "sellingGeneralAndAdministrativeExpenses": 281800000, "otherExpenses": -178900000, "operatingExpenses": 102900000, "costAndExpenses": 102900000, "interestIncome": 1386200000, "interestExpense": 685700000, "depreciationAndAmortization": 52500000, "ebitda": 1076600000, "ebitdaratio": 1.1686930091, "operatingIncome": 1024100000, "operatingIncomeRatio": 1.1117021277, "totalOtherIncomeExpensesNet": -685700000, "incomeBeforeTax": 338400000, "incomeBeforeTaxRatio": 0.3673469388, "incomeTaxExpense": 108700000, "netIncome": 229700000, "netIncomeRatio": 0.2493486756, "eps": 1.85, "epsdiluted": 1.81, "weightedAverageShsOut": 124162162, "weightedAverageShsOutDil": 126906077, "link": "", "finalLink": "", "calculatedOtherExpenses": -384700000, "calculatedOperatingExpenses": -102900000, "calculatedNetInterest": 700500000, "calculatedOtherIncome": -1386200000, "calculatedIncomeNonControlling": 0, "calculatedEbitda": 1076600000}, {"date": "1995-12-31", "symbol": "RF", "reportedCurrency": "USD", "cik": "0001281761", "fillingDate": "1995-12-31", "acceptedDate": "1995-12-30 19:00:00", "calendarYear": "1995", "period": "FY", "revenue": 657100000, "costOfRevenue": 0, "grossProfit": 657100000, "grossProfitRatio": 1, "researchAndDevelopmentExpenses": 0, "generalAndAdministrativeExpenses": 204600000, "sellingAndMarketingExpenses": 0, "sellingGeneralAndAdministrativeExpenses": 204600000, "otherExpenses": -83200000, "operatingExpenses": 121400000, "costAndExpenses": 121400000, "interestIncome": 1017300000, "interestExpense": 520000000, "depreciationAndAmortization": 40700000, "ebitda": 819200000, "ebitdaratio": 1.2466900015, "operatingIncome": 778500000, "operatingIncomeRatio": 1.1847511794, "totalOtherIncomeExpensesNet": -520000000, "incomeBeforeTax": 258500000, "incomeBeforeTaxRatio": 0.3933952214, "incomeTaxExpense": 85700000, "netIncome": 172800000, "netIncomeRatio": 0.2629736722, "eps": 1.6, "epsdiluted": 1.58, "weightedAverageShsOut": 108000000, "weightedAverageShsOutDil": 109367089, "link": "", "finalLink": "", "calculatedOtherExpenses": -326000000, "calculatedOperatingExpenses": -121400000, "calculatedNetInterest": 497300000, "calculatedOtherIncome": -1017300000, "calculatedIncomeNonControlling": 0, "calculatedEbitda": 819200000}, {"date": "1994-12-31", "symbol": "RF", "reportedCurrency": "USD", "cik": "0001281761", "fillingDate": "1994-12-31", "acceptedDate": "1994-12-30 19:00:00", "calendarYear": "1994", "period": "FY", "revenue": 579000000, "costOfRevenue": 0, "grossProfit": 579000000, "grossProfitRatio": 1, "researchAndDevelopmentExpenses": 0, "generalAndAdministrativeExpenses": 179200000, "sellingAndMarketingExpenses": 0, "sellingGeneralAndAdministrativeExpenses": 179200000, "otherExpenses": -191000000, "operatingExpenses": -11800000, "costAndExpenses": -11800000, "interestIncome": 785800000, "interestExpense": 350200000, "depreciationAndAmortization": 40700000, "ebitda": 607900000, "ebitdaratio": 1.0499136442, "operatingIncome": 567200000, "operatingIncomeRatio": 0.9796200345, "totalOtherIncomeExpensesNet": -350200000, "incomeBeforeTax": 217000000, "incomeBeforeTaxRatio": 0.3747841105, "incomeTaxExpense": 71100000, "netIncome": 145900000, "netIncomeRatio": 0.2519861831, "eps": 1.55, "epsdiluted": 1.53, "weightedAverageShsOut": 94129032, "weightedAverageShsOutDil": 95359477, "link": "", "finalLink": "", "calculatedOtherExpenses": -167400000, "calculatedOperatingExpenses": 11800000, "calculatedNetInterest": 435600000, "calculatedOtherIncome": -785800000, "calculatedIncomeNonControlling": 0, "calculatedEbitda": 607900000}, {"date": "1993-12-31", "symbol": "RF", "reportedCurrency": "USD", "cik": "0001281761", "fillingDate": "1993-12-31", "acceptedDate": "1993-12-30 19:00:00", "calendarYear": "1993", "period": "FY", "revenue": 474100000, "costOfRevenue": 0, "grossProfit": 474100000, "grossProfitRatio": 1, "researchAndDevelopmentExpenses": 0, "generalAndAdministrativeExpenses": 154600000, "sellingAndMarketingExpenses": 0, "sellingGeneralAndAdministrativeExpenses": 154600000, "otherExpenses": -249600000, "operatingExpenses": -95000000, "costAndExpenses": -95000000, "interestIncome": 555700000, "interestExpense": 213600000, "depreciationAndAmortization": 33000000, "ebitda": 412100000, "ebitdaratio": 0.8692259017, "operatingIncome": 379100000, "operatingIncomeRatio": 0.7996203333, "totalOtherIncomeExpensesNet": -213600000, "incomeBeforeTax": 165500000, "incomeBeforeTaxRatio": 0.3490824721, "incomeTaxExpense": 53500000, "netIncome": 112000000, "netIncomeRatio": 0.2362370808, "eps": 1.41, "epsdiluted": 1.38, "weightedAverageShsOut": 79432624, "weightedAverageShsOutDil": 81159420, "link": "", "finalLink": "", "calculatedOtherExpenses": -59600000, "calculatedOperatingExpenses": 95000000, "calculatedNetInterest": 342100000, "calculatedOtherIncome": -555700000, "calculatedIncomeNonControlling": 0, "calculatedEbitda": 412100000}, {"date": "1992-12-31", "symbol": "RF", "reportedCurrency": "USD", "cik": "0001281761", "fillingDate": "1992-12-31", "acceptedDate": "1992-12-30 19:00:00", "calendarYear": "1992", "period": "FY", "revenue": 431800000, "costOfRevenue": 0, "grossProfit": 431800000, "grossProfitRatio": 1, "researchAndDevelopmentExpenses": 0, "generalAndAdministrativeExpenses": 138400000, "sellingAndMarketingExpenses": 0, "sellingGeneralAndAdministrativeExpenses": 138400000, "otherExpenses": -206100000, "operatingExpenses": -67700000, "costAndExpenses": -67700000, "interestIncome": 536800000, "interestExpense": 224100000, "depreciationAndAmortization": 27700000, "ebitda": 391800000, "ebitdaratio": 0.9073645206, "operatingIncome": 364100000, "operatingIncomeRatio": 0.8432144511, "totalOtherIncomeExpensesNet": -224100000, "incomeBeforeTax": 140000000, "incomeBeforeTaxRatio": 0.3242241779, "incomeTaxExpense": 45000000, "netIncome": 95000000, "netIncomeRatio": 0.2200092635, "eps": 1.21, "epsdiluted": 1.19, "weightedAverageShsOut": 78512397, "weightedAverageShsOutDil": 79831933, "link": "", "finalLink": "", "calculatedOtherExpenses": -70700000, "calculatedOperatingExpenses": 67700000, "calculatedNetInterest": 312700000, "calculatedOtherIncome": -536800000, "calculatedIncomeNonControlling": 0, "calculatedEbitda": 391800000}, {"date": "1991-12-31", "symbol": "RF", "reportedCurrency": "USD", "cik": "0001281761", "fillingDate": "1991-12-31", "acceptedDate": "1991-12-30 19:00:00", "calendarYear": "1991", "period": "FY", "revenue": 366500000, "costOfRevenue": 0, "grossProfit": 366500000, "grossProfitRatio": 1, "researchAndDevelopmentExpenses": 0, "generalAndAdministrativeExpenses": 119100000, "sellingAndMarketingExpenses": 0, "sellingGeneralAndAdministrativeExpenses": 119100000, "otherExpenses": -81600000, "operatingExpenses": 37500000, "costAndExpenses": 37500000, "interestIncome": 556800000, "interestExpense": 292000000, "depreciationAndAmortization": 13900000, "ebitda": 417900000, "ebitdaratio": 1.1402455662, "operatingIncome": 404000000, "operatingIncomeRatio": 1.102319236, "totalOtherIncomeExpensesNet": -292000000, "incomeBeforeTax": 112000000, "incomeBeforeTaxRatio": 0.3055934516, "incomeTaxExpense": 33700000, "netIncome": 78300000, "netIncomeRatio": 0.2136425648, "eps": 1.08, "epsdiluted": 1.08, "weightedAverageShsOut": 72500000, "weightedAverageShsOutDil": 72500000, "link": "", "finalLink": "", "calculatedOtherExpenses": -156600000, "calculatedOperatingExpenses": -37500000, "calculatedNetInterest": 264800000, "calculatedOtherIncome": -556800000, "calculatedIncomeNonControlling": 0, "calculatedEbitda": 417900000}, {"date": "1990-12-31", "symbol": "RF", "reportedCurrency": "USD", "cik": "0001281761", "fillingDate": "1990-12-31", "acceptedDate": "1990-12-30 19:00:00", "calendarYear": "1990", "period": "FY", "revenue": 314800000, "costOfRevenue": 0, "grossProfit": 314800000, "grossProfitRatio": 1, "researchAndDevelopmentExpenses": 0, "generalAndAdministrativeExpenses": 102400000, "sellingAndMarketingExpenses": 0, "sellingGeneralAndAdministrativeExpenses": 102400000, "otherExpenses": -23400000, "operatingExpenses": 79000000, "costAndExpenses": 79000000, "interestIncome": 519800000, "interestExpense": 297700000, "depreciationAndAmortization": 12600000, "ebitda": 406400000, "ebitdaratio": 1.290978399, "operatingIncome": 393800000, "operatingIncomeRatio": 1.250952986, "totalOtherIncomeExpensesNet": -297700000, "incomeBeforeTax": 96100000, "incomeBeforeTaxRatio": 0.3052731893, "incomeTaxExpense": 27200000, "netIncome": 68900000, "netIncomeRatio": 0.2188691233, "eps": 0.96, "epsdiluted": 0.96, "weightedAverageShsOut": 71770833, "weightedAverageShsOutDil": 71770833, "link": "", "finalLink": "", "calculatedOtherExpenses": -181400000, "calculatedOperatingExpenses": -79000000, "calculatedNetInterest": 222100000, "calculatedOtherIncome": -519800000, "calculatedIncomeNonControlling": 0, "calculatedEbitda": 406400000}, {"date": "1989-12-31", "symbol": "RF", "reportedCurrency": "USD", "cik": "0001281761", "fillingDate": "1989-12-31", "acceptedDate": "1989-12-30 19:00:00", "calendarYear": "1989", "period": "FY", "revenue": 274900000, "costOfRevenue": 0, "grossProfit": 274900000, "grossProfitRatio": 1, "researchAndDevelopmentExpenses": 0, "generalAndAdministrativeExpenses": 93300000, "sellingAndMarketingExpenses": 0, "sellingGeneralAndAdministrativeExpenses": 93300000, "otherExpenses": 8100000, "operatingExpenses": 101400000, "costAndExpenses": 101400000, "interestIncome": 496400000, "interestExpense": 292700000, "depreciationAndAmortization": 12400000, "ebitda": 388700000, "ebitdaratio": 1.4139687159, "operatingIncome": 376300000, "operatingIncomeRatio": 1.3688614041, "totalOtherIncomeExpensesNet": -292700000, "incomeBeforeTax": 83600000, "incomeBeforeTaxRatio": 0.3041105857, "incomeTaxExpense": 21000000, "netIncome": 62600000, "netIncomeRatio": 0.2277191706, "eps": 0.87, "epsdiluted": 0.87, "weightedAverageShsOut": 71954023, "weightedAverageShsOutDil": 71954023, "link": "", "finalLink": "", "calculatedOtherExpenses": -194700000, "calculatedOperatingExpenses": -101400000, "calculatedNetInterest": 203700000, "calculatedOtherIncome": -496400000, "calculatedIncomeNonControlling": 0, "calculatedEbitda": 388700000}, {"date": "1988-12-31", "symbol": "RF", "reportedCurrency": "USD", "cik": "0001281761", "fillingDate": "1988-12-31", "acceptedDate": "1988-12-30 19:00:00", "calendarYear": "1988", "period": "FY", "revenue": 0, "costOfRevenue": 0, "grossProfit": 0, "grossProfitRatio": 0, "researchAndDevelopmentExpenses": 0, "generalAndAdministrativeExpenses": 0, "sellingAndMarketingExpenses": 0, "sellingGeneralAndAdministrativeExpenses": 0, "otherExpenses": 58200000, "operatingExpenses": 58200000, "costAndExpenses": 58200000, "interestIncome": 0, "interestExpense": 0, "depreciationAndAmortization": 0, "ebitda": 58200000, "ebitdaratio": 0, "operatingIncome": 58200000, "operatingIncomeRatio": 0, "totalOtherIncomeExpensesNet": 0, "incomeBeforeTax": 0, "incomeBeforeTaxRatio": 0, "incomeTaxExpense": -58200000, "netIncome": 58200000, "netIncomeRatio": 0, "eps": 0.81, "epsdiluted": 0.81, "weightedAverageShsOut": 71851852, "weightedAverageShsOutDil": 71851852, "link": "", "finalLink": "", "calculatedOtherExpenses": -58200000, "calculatedOperatingExpenses": -58200000, "calculatedNetInterest": 0, "calculatedOtherIncome": -58200000, "calculatedIncomeNonControlling": 0, "calculatedEbitda": 58200000}, {"date": "1987-12-31", "symbol": "RF", "reportedCurrency": "USD", "cik": "0001281761", "fillingDate": "1987-12-31", "acceptedDate": "1987-12-30 19:00:00", "calendarYear": "1987", "period": "FY", "revenue": 0, "costOfRevenue": 0, "grossProfit": 0, "grossProfitRatio": 0, "researchAndDevelopmentExpenses": 0, "generalAndAdministrativeExpenses": 0, "sellingAndMarketingExpenses": 0, "sellingGeneralAndAdministrativeExpenses": 0, "otherExpenses": 56200000, "operatingExpenses": 56200000, "costAndExpenses": 56200000, "interestIncome": 0, "interestExpense": 0, "depreciationAndAmortization": 0, "ebitda": 56200000, "ebitdaratio": 0, "operatingIncome": 56200000, "operatingIncomeRatio": 0, "totalOtherIncomeExpensesNet": 0, "incomeBeforeTax": 0, "incomeBeforeTaxRatio": 0, "incomeTaxExpense": -56200000, "netIncome": 56200000, "netIncomeRatio": 0, "eps": 0.78, "epsdiluted": 0.78, "weightedAverageShsOut": 72051282, "weightedAverageShsOutDil": 72051282, "link": "", "finalLink": "", "calculatedOtherExpenses": -56200000, "calculatedOperatingExpenses": -56200000, "calculatedNetInterest": 0, "calculatedOtherIncome": -56200000, "calculatedIncomeNonControlling": 0, "calculatedEbitda": 56200000}, {"date": "1986-12-31", "symbol": "RF", "reportedCurrency": "USD", "cik": "0001281761", "fillingDate": "1986-12-31", "acceptedDate": "1986-12-30 19:00:00", "calendarYear": "1986", "period": "FY", "revenue": 0, "costOfRevenue": 0, "grossProfit": 0, "grossProfitRatio": 0, "researchAndDevelopmentExpenses": 0, "generalAndAdministrativeExpenses": 0, "sellingAndMarketingExpenses": 0, "sellingGeneralAndAdministrativeExpenses": 0, "otherExpenses": 54100000, "operatingExpenses": 54100000, "costAndExpenses": 54100000, "interestIncome": 0, "interestExpense": 0, "depreciationAndAmortization": 0, "ebitda": 54100000, "ebitdaratio": 0, "operatingIncome": 54100000, "operatingIncomeRatio": 0, "totalOtherIncomeExpensesNet": 0, "incomeBeforeTax": 0, "incomeBeforeTaxRatio": 0, "incomeTaxExpense": -54100000, "netIncome": 54100000, "netIncomeRatio": 0, "eps": 0.76, "epsdiluted": 0.76, "weightedAverageShsOut": 71184211, "weightedAverageShsOutDil": 71184211, "link": "", "finalLink": "", "calculatedOtherExpenses": -54100000, "calculatedOperatingExpenses": -54100000, "calculatedNetInterest": 0, "calculatedOtherIncome": -54100000, "calculatedIncomeNonControlling": 0, "calculatedEbitda": 54100000}, {"date": "1985-12-31", "symbol": "RF", "reportedCurrency": "USD", "cik": "0001281761", "fillingDate": "1985-12-31", "acceptedDate": "1985-12-30 19:00:00", "calendarYear": "1985", "period": "FY", "revenue": 0, "costOfRevenue": 0, "grossProfit": 0, "grossProfitRatio": 0, "researchAndDevelopmentExpenses": 0, "generalAndAdministrativeExpenses": 0, "sellingAndMarketingExpenses": 0, "sellingGeneralAndAdministrativeExpenses": 0, "otherExpenses": 51100000, "operatingExpenses": 51100000, "costAndExpenses": 51100000, "interestIncome": 0, "interestExpense": 0, "depreciationAndAmortization": 0, "ebitda": 51100000, "ebitdaratio": 0, "operatingIncome": 51100000, "operatingIncomeRatio": 0, "totalOtherIncomeExpensesNet": 0, "incomeBeforeTax": 0, "incomeBeforeTaxRatio": 0, "incomeTaxExpense": -51100000, "netIncome": 51100000, "netIncomeRatio": 0, "eps": 0.76, "epsdiluted": 0.76, "weightedAverageShsOut": 67236842, "weightedAverageShsOutDil": 67236842, "link": "", "finalLink": "", "calculatedOtherExpenses": -51100000, "calculatedOperatingExpenses": -51100000, "calculatedNetInterest": 0, "calculatedOtherIncome": -51100000, "calculatedIncomeNonControlling": 0, "calculatedEbitda": 51100000}]}