{"originalCurrency": "USD", "convertedCurrency": "USD", "report": [{"date": "2023-12-31", "symbol": "RGA", "reportedCurrency": "USD", "cik": "0000898174", "fillingDate": "2024-02-26", "acceptedDate": "2024-02-26 16:23:27", "calendarYear": "2023", "period": "FY", "revenue": 18577000000, "costOfRevenue": 1089000000, "grossProfit": 17488000000, "grossProfitRatio": 0.9413791247, "researchAndDevelopmentExpenses": 0, "generalAndAdministrativeExpenses": 0, "sellingAndMarketingExpenses": 0, "sellingGeneralAndAdministrativeExpenses": 46000000, "otherExpenses": -2486000000, "operatingExpenses": 2486000000, "costAndExpenses": -17160000000, "interestIncome": 0, "interestExpense": 257000000, "depreciationAndAmortization": 41000000, "ebitda": -7000000, "ebitdaratio": -0.00037681, "operatingIncome": -7000000, "operatingIncomeRatio": -0.00037681, "totalOtherIncomeExpensesNet": 1160000000, "incomeBeforeTax": 1160000000, "incomeBeforeTaxRatio": 0.0624428056, "incomeTaxExpense": 251000000, "netIncome": 902000000, "netIncomeRatio": 0.0485546644, "eps": 13.6, "epsdiluted": 13.44, "weightedAverageShsOut": 66300000, "weightedAverageShsOutDil": 67099999, "link": "https://www.sec.gov/Archives/edgar/data/898174/000089817424000048/0000898174-24-000048-index.htm", "finalLink": "https://www.sec.gov/Archives/edgar/data/898174/000089817424000048/rga-20231231.htm", "calculatedOtherExpenses": 17449000000, "calculatedOperatingExpenses": 17495000000, "calculatedNetInterest": -257000000, "calculatedOtherIncome": 1424000000, "calculatedIncomeNonControlling": 7000000, "calculatedEbitda": 34000000}, {"date": "2022-12-31", "symbol": "RGA", "reportedCurrency": "USD", "cik": "0000898174", "fillingDate": "2023-02-24", "acceptedDate": "2023-02-24 15:30:47", "calendarYear": "2022", "period": "FY", "revenue": 16258000000, "costOfRevenue": 1009000000, "grossProfit": 15249000000, "grossProfitRatio": 0.9379382458, "researchAndDevelopmentExpenses": 0, "generalAndAdministrativeExpenses": 0, "sellingAndMarketingExpenses": 0, "sellingGeneralAndAdministrativeExpenses": 45000000, "otherExpenses": 1009000000, "operatingExpenses": 1009000000, "costAndExpenses": 15427000000, "interestIncome": 184000000, "interestExpense": 184000000, "depreciationAndAmortization": 38000000, "ebitda": 978000000, "ebitdaratio": 0.0601550006, "operatingIncome": 940000000, "operatingIncomeRatio": 0.0578176898, "totalOtherIncomeExpensesNet": -109000000, "incomeBeforeTax": 831000000, "incomeBeforeTaxRatio": 0.0511132981, "incomeTaxExpense": 204000000, "netIncome": 517000000, "netIncomeRatio": 0.0317997294, "eps": 7.73, "epsdiluted": 7.64, "weightedAverageShsOut": 66900000, "weightedAverageShsOutDil": 67700000, "link": "https://www.sec.gov/Archives/edgar/data/898174/000089817423000046/0000898174-23-000046-index.htm", "finalLink": "https://www.sec.gov/Archives/edgar/data/898174/000089817423000046/rga-20221231.htm", "calculatedOtherExpenses": 14264000000, "calculatedOperatingExpenses": 14309000000, "calculatedNetInterest": 0, "calculatedOtherIncome": -109000000, "calculatedIncomeNonControlling": 110000000, "calculatedEbitda": 978000000}, {"date": "2021-12-31", "symbol": "RGA", "reportedCurrency": "USD", "cik": "0000898174", "fillingDate": "2022-02-25", "acceptedDate": "2022-02-25 15:44:56", "calendarYear": "2021", "period": "FY", "revenue": 16658000000, "costOfRevenue": 936000000, "grossProfit": 15722000000, "grossProfitRatio": 0.9438107816, "researchAndDevelopmentExpenses": 0, "generalAndAdministrativeExpenses": 0, "sellingAndMarketingExpenses": 0, "sellingGeneralAndAdministrativeExpenses": 55000000, "otherExpenses": -16414000000, "operatingExpenses": -16414000000, "costAndExpenses": 15967000000, "interestIncome": 127000000, "interestExpense": 127000000, "depreciationAndAmortization": 43000000, "ebitda": 287000000, "ebitdaratio": 0.0172289591, "operatingIncome": 244000000, "operatingIncomeRatio": 0.0146476168, "totalOtherIncomeExpensesNet": 447000000, "incomeBeforeTax": 691000000, "incomeBeforeTaxRatio": 0.0414815704, "incomeTaxExpense": 74000000, "netIncome": 617000000, "netIncomeRatio": 0.0370392604, "eps": 9.1, "epsdiluted": 9.03, "weightedAverageShsOut": 67800000, "weightedAverageShsOutDil": 68300000, "link": "https://www.sec.gov/Archives/edgar/data/898174/000089817422000005/0000898174-22-000005-index.htm", "finalLink": "https://www.sec.gov/Archives/edgar/data/898174/000089817422000005/rga-20211231.htm", "calculatedOtherExpenses": 15423000000, "calculatedOperatingExpenses": 15478000000, "calculatedNetInterest": 0, "calculatedOtherIncome": 447000000, "calculatedIncomeNonControlling": 0, "calculatedEbitda": 287000000}, {"date": "2020-12-31", "symbol": "RGA", "reportedCurrency": "USD", "cik": "0000898174", "fillingDate": "2021-02-26", "acceptedDate": "2021-02-26 13:29:14", "calendarYear": "2020", "period": "FY", "revenue": 14596000000, "costOfRevenue": 816000000, "grossProfit": 13780000000, "grossProfitRatio": 0.9440942724, "researchAndDevelopmentExpenses": 0, "generalAndAdministrativeExpenses": 0, "sellingAndMarketingExpenses": 0, "sellingGeneralAndAdministrativeExpenses": 12000000, "otherExpenses": -14403000000, "operatingExpenses": -14403000000, "costAndExpenses": 14043000000, "interestIncome": 170000000, "interestExpense": 170000000, "depreciationAndAmortization": 49000000, "ebitda": 242000000, "ebitdaratio": 0.0165798849, "operatingIncome": 193000000, "operatingIncomeRatio": 0.0132228008, "totalOtherIncomeExpensesNet": 360000000, "incomeBeforeTax": 553000000, "incomeBeforeTaxRatio": 0.0378870924, "incomeTaxExpense": 138000000, "netIncome": 415000000, "netIncomeRatio": 0.0284324472, "eps": 6.35, "epsdiluted": 6.31, "weightedAverageShsOut": 65400000, "weightedAverageShsOutDil": 65800000, "link": "https://www.sec.gov/Archives/edgar/data/898174/000089817421000006/0000898174-21-000006-index.htm", "finalLink": "https://www.sec.gov/Archives/edgar/data/898174/000089817421000006/rga-20201231.htm", "calculatedOtherExpenses": 13575000000, "calculatedOperatingExpenses": 13587000000, "calculatedNetInterest": 0, "calculatedOtherIncome": 360000000, "calculatedIncomeNonControlling": 0, "calculatedEbitda": 242000000}, {"date": "2019-12-31", "symbol": "RGA", "reportedCurrency": "USD", "cik": "0000898174", "fillingDate": "2020-02-27", "acceptedDate": "2020-02-27 15:38:16", "calendarYear": "2019", "period": "FY", "revenue": 14300000000, "costOfRevenue": 868000000, "grossProfit": 13432000000, "grossProfitRatio": 0.9393006993, "researchAndDevelopmentExpenses": 0, "generalAndAdministrativeExpenses": 0, "sellingAndMarketingExpenses": 0, "sellingGeneralAndAdministrativeExpenses": 39000000, "otherExpenses": -13560000000, "operatingExpenses": -13560000000, "costAndExpenses": 13168000000, "interestIncome": 173000000, "interestExpense": 173000000, "depreciationAndAmortization": 49000000, "ebitda": 789000000, "ebitdaratio": 0.0551748252, "operatingIncome": 740000000, "operatingIncomeRatio": 0.0517482517, "totalOtherIncomeExpensesNet": 392000000, "incomeBeforeTax": 1132000000, "incomeBeforeTaxRatio": 0.0791608392, "incomeTaxExpense": 262000000, "netIncome": 870000000, "netIncomeRatio": 0.0608391608, "eps": 13.88, "epsdiluted": 13.88, "weightedAverageShsOut": 62684000, "weightedAverageShsOutDil": 63882000, "link": "https://www.sec.gov/Archives/edgar/data/898174/000089817420000005/0000898174-20-000005-index.htm", "finalLink": "https://www.sec.gov/Archives/edgar/data/898174/000089817420000005/a201910-k.htm", "calculatedOtherExpenses": 12653000000, "calculatedOperatingExpenses": 12692000000, "calculatedNetInterest": 0, "calculatedOtherIncome": 392000000, "calculatedIncomeNonControlling": 0, "calculatedEbitda": 789000000}, {"date": "2018-12-31", "symbol": "RGA", "reportedCurrency": "USD", "cik": "0000898174", "fillingDate": "2019-02-27", "acceptedDate": "2019-02-27 15:49:13", "calendarYear": "2018", "period": "FY", "revenue": 12875664000, "costOfRevenue": 786000, "grossProfit": 12874878000, "grossProfitRatio": 0.9999389546, "researchAndDevelopmentExpenses": 0, "generalAndAdministrativeExpenses": 0, "sellingAndMarketingExpenses": 0, "sellingGeneralAndAdministrativeExpenses": 30000000, "otherExpenses": 11853000000, "operatingExpenses": 11853000000, "costAndExpenses": 12029844000, "interestIncome": 0, "interestExpense": 147355000, "depreciationAndAmortization": 45127000, "ebitda": 1038302000, "ebitdaratio": 0.0806406567, "operatingIncome": 993175000, "operatingIncomeRatio": 0.0771358277, "totalOtherIncomeExpensesNet": 363451000, "incomeBeforeTax": 845820000, "incomeBeforeTaxRatio": 0.0656913694, "incomeTaxExpense": 129978000, "netIncome": 715842000, "netIncomeRatio": 0.0555965114, "eps": 11.24, "epsdiluted": 11, "weightedAverageShsOut": 63700000, "weightedAverageShsOutDil": 65100000, "link": "https://www.sec.gov/Archives/edgar/data/898174/000089817419000011/0000898174-19-000011-index.htm", "finalLink": "https://www.sec.gov/Archives/edgar/data/898174/000089817419000011/a201810-k.htm", "calculatedOtherExpenses": 11851703000, "calculatedOperatingExpenses": 11881703000, "calculatedNetInterest": -147355000, "calculatedOtherIncome": 0, "calculatedIncomeNonControlling": 0, "calculatedEbitda": 1038302000}, {"date": "2017-12-31", "symbol": "RGA", "reportedCurrency": "USD", "cik": "0000898174", "fillingDate": "2018-02-27", "acceptedDate": "2018-02-27 16:00:46", "calendarYear": "2017", "period": "FY", "revenue": 12515769000, "costOfRevenue": 710700, "grossProfit": 12515058300, "grossProfitRatio": 0.9999432156, "researchAndDevelopmentExpenses": 0, "generalAndAdministrativeExpenses": 0, "sellingAndMarketingExpenses": 0, "sellingGeneralAndAdministrativeExpenses": 22000000, "otherExpenses": 11198000000, "operatingExpenses": 11198000000, "costAndExpenses": 11372954000, "interestIncome": 0, "interestExpense": 146025000, "depreciationAndAmortization": 52902000, "ebitda": 1341742000, "ebitdaratio": 0.1072041199, "operatingIncome": 1288840000, "operatingIncomeRatio": 0.1029772921, "totalOtherIncomeExpensesNet": 352108000, "incomeBeforeTax": 1142815000, "incomeBeforeTaxRatio": 0.0913100106, "incomeTaxExpense": -679366000, "netIncome": 1822181000, "netIncomeRatio": 0.1455908143, "eps": 28.28, "epsdiluted": 27.71, "weightedAverageShsOut": 64427000, "weightedAverageShsOutDil": 65753000, "link": "https://www.sec.gov/Archives/edgar/data/898174/000089817418000006/0000898174-18-000006-index.htm", "finalLink": "https://www.sec.gov/Archives/edgar/data/898174/000089817418000006/a201710-k.htm", "calculatedOtherExpenses": 11204218300, "calculatedOperatingExpenses": 11226218300, "calculatedNetInterest": -146025000, "calculatedOtherIncome": 0, "calculatedIncomeNonControlling": 0, "calculatedEbitda": 1341742000}, {"date": "2016-12-31", "symbol": "RGA", "reportedCurrency": "USD", "cik": "0000898174", "fillingDate": "2017-02-28", "acceptedDate": "2017-02-28 16:13:24", "calendarYear": "2016", "period": "FY", "revenue": 11521511000, "costOfRevenue": 645500, "grossProfit": 11520865500, "grossProfitRatio": 0.9999439744, "researchAndDevelopmentExpenses": 0, "generalAndAdministrativeExpenses": 0, "sellingAndMarketingExpenses": 0, "sellingGeneralAndAdministrativeExpenses": 33100000, "otherExpenses": 10314000000, "operatingExpenses": 10314000000, "costAndExpenses": 10477565000, "interestIncome": 0, "interestExpense": 137623000, "depreciationAndAmortization": 26853000, "ebitda": 1208422000, "ebitdaratio": 0.1048839861, "operatingIncome": 1181569000, "operatingIncomeRatio": 0.1025533023, "totalOtherIncomeExpensesNet": 266559000, "incomeBeforeTax": 1043946000, "incomeBeforeTaxRatio": 0.090608428, "incomeTaxExpense": 342503000, "netIncome": 701443000, "netIncomeRatio": 0.0608811639, "eps": 10.91, "epsdiluted": 10.79, "weightedAverageShsOut": 64274000, "weightedAverageShsOutDil": 64989000, "link": "https://www.sec.gov/Archives/edgar/data/898174/000089817417000008/0000898174-17-000008-index.htm", "finalLink": "https://www.sec.gov/Archives/edgar/data/898174/000089817417000008/a201610-k.htm", "calculatedOtherExpenses": 10306196500, "calculatedOperatingExpenses": 10339296500, "calculatedNetInterest": -137623000, "calculatedOtherIncome": 0, "calculatedIncomeNonControlling": 0, "calculatedEbitda": 1208422000}, {"date": "2015-12-31", "symbol": "RGA", "reportedCurrency": "USD", "cik": "0000898174", "fillingDate": "2016-02-29", "acceptedDate": "2016-02-29 15:05:26", "calendarYear": "2015", "period": "FY", "revenue": 10418178000, "costOfRevenue": 554000, "grossProfit": 10417624000, "grossProfitRatio": 0.9999468237, "researchAndDevelopmentExpenses": 0, "generalAndAdministrativeExpenses": 0, "sellingAndMarketingExpenses": 0, "sellingGeneralAndAdministrativeExpenses": 16000000, "otherExpenses": 9508000000, "operatingExpenses": 9508000000, "costAndExpenses": 9673383000, "interestIncome": 0, "interestExpense": 142863000, "depreciationAndAmortization": -910302000, "ebitda": 887658000, "ebitdaratio": 0.0852028061, "operatingIncome": 887658000, "operatingIncomeRatio": 0.0852028061, "totalOtherIncomeExpensesNet": 277692000, "incomeBeforeTax": 744795000, "incomeBeforeTaxRatio": 0.0714899477, "incomeTaxExpense": 242629000, "netIncome": 502166000, "netIncomeRatio": 0.0482009426, "eps": 7.55, "epsdiluted": 7.46, "weightedAverageShsOut": 66553000, "weightedAverageShsOutDil": 67292000, "link": "https://www.sec.gov/Archives/edgar/data/898174/000089817416000044/0000898174-16-000044-index.htm", "finalLink": "https://www.sec.gov/Archives/edgar/data/898174/000089817416000044/a201510-k.htm", "calculatedOtherExpenses": 9513966000, "calculatedOperatingExpenses": 9529966000, "calculatedNetInterest": -142863000, "calculatedOtherIncome": 0, "calculatedIncomeNonControlling": 0, "calculatedEbitda": -22644000}, {"date": "2014-12-31", "symbol": "RGA", "reportedCurrency": "USD", "cik": "0000898174", "fillingDate": "2015-03-02", "acceptedDate": "2015-03-02 16:09:21", "calendarYear": "2014", "period": "FY", "revenue": 10904194000, "costOfRevenue": 538400, "grossProfit": 10903655600, "grossProfitRatio": 0.9999506245, "researchAndDevelopmentExpenses": 0, "generalAndAdministrativeExpenses": 0, "sellingAndMarketingExpenses": 0, "sellingGeneralAndAdministrativeExpenses": 24400000, "otherExpenses": 9788000000, "operatingExpenses": 9788000000, "costAndExpenses": 9895661000, "interestIncome": 0, "interestExpense": 96700000, "depreciationAndAmortization": -1116674000, "ebitda": 1105233000, "ebitdaratio": 0.1013585232, "operatingIncome": 1105233000, "operatingIncomeRatio": 0.1013585232, "totalOtherIncomeExpensesNet": 334456000, "incomeBeforeTax": 1008533000, "incomeBeforeTaxRatio": 0.0924903757, "incomeTaxExpense": 324486000, "netIncome": 684047000, "netIncomeRatio": 0.0627324679, "eps": 9.88, "epsdiluted": 9.78, "weightedAverageShsOut": 69248000, "weightedAverageShsOutDil": 69962000, "link": "https://www.sec.gov/Archives/edgar/data/898174/000089817415000010/0000898174-15-000010-index.htm", "finalLink": "https://www.sec.gov/Archives/edgar/data/898174/000089817415000010/a201410-k.htm", "calculatedOtherExpenses": 9774022600, "calculatedOperatingExpenses": 9798422600, "calculatedNetInterest": -96700000, "calculatedOtherIncome": 0, "calculatedIncomeNonControlling": 0, "calculatedEbitda": -11441000}, {"date": "2013-12-31", "symbol": "RGA", "reportedCurrency": "USD", "cik": "0000898174", "fillingDate": "2014-02-27", "acceptedDate": "2014-02-27 17:02:37", "calendarYear": "2013", "period": "FY", "revenue": 10318353000, "costOfRevenue": 466700, "grossProfit": 10317886300, "grossProfitRatio": 0.9999547699, "researchAndDevelopmentExpenses": 0, "generalAndAdministrativeExpenses": 0, "sellingAndMarketingExpenses": 0, "sellingGeneralAndAdministrativeExpenses": 20300000, "otherExpenses": 9548000000, "operatingExpenses": 9548000000, "costAndExpenses": 9683099000, "interestIncome": 0, "interestExpense": 124307000, "depreciationAndAmortization": -723504000, "ebitda": 759561000, "ebitdaratio": 0.0736126202, "operatingIncome": 759561000, "operatingIncomeRatio": 0.0736126202, "totalOtherIncomeExpensesNet": 300471000, "incomeBeforeTax": 635254000, "incomeBeforeTaxRatio": 0.0615654456, "incomeTaxExpense": 216417000, "netIncome": 418837000, "netIncomeRatio": 0.0405914587, "eps": 5.82, "epsdiluted": 5.78, "weightedAverageShsOut": 71917000, "weightedAverageShsOutDil": 72461000, "link": "https://www.sec.gov/Archives/edgar/data/898174/000089817414000003/0000898174-14-000003-index.htm", "finalLink": "https://www.sec.gov/Archives/edgar/data/898174/000089817414000003/a201310-k.htm", "calculatedOtherExpenses": 9538025300, "calculatedOperatingExpenses": 9558325300, "calculatedNetInterest": -124307000, "calculatedOtherIncome": 0, "calculatedIncomeNonControlling": 0, "calculatedEbitda": 36057000}, {"date": "2012-12-31", "symbol": "RGA", "reportedCurrency": "USD", "cik": "0000898174", "fillingDate": "2013-03-01", "acceptedDate": "2013-02-28 19:35:46", "calendarYear": "2012", "period": "FY", "revenue": 9840911000, "costOfRevenue": 451800, "grossProfit": 9840459200, "grossProfitRatio": 0.9999540896, "researchAndDevelopmentExpenses": 0, "generalAndAdministrativeExpenses": 0, "sellingAndMarketingExpenses": 0, "sellingGeneralAndAdministrativeExpenses": 28500000, "otherExpenses": 8804000000, "operatingExpenses": 8804000000, "costAndExpenses": 8921688000, "interestIncome": 0, "interestExpense": 105348000, "depreciationAndAmortization": 1023939100, "ebitda": 1024571000, "ebitdaratio": 0.1041134301, "operatingIncome": 631900, "operatingIncomeRatio": 6.42115e-05, "totalOtherIncomeExpensesNet": 243973000, "incomeBeforeTax": 919223000, "incomeBeforeTaxRatio": 0.0934083237, "incomeTaxExpense": 287330000, "netIncome": 631893000, "netIncomeRatio": 0.0642108236, "eps": 8.57, "epsdiluted": 8.52, "weightedAverageShsOut": 73737000, "weightedAverageShsOutDil": 74153000, "link": "https://www.sec.gov/Archives/edgar/data/898174/000119312513085281/0001193125-13-085281-index.htm", "finalLink": "https://www.sec.gov/Archives/edgar/data/898174/000119312513085281/d493525d10k.htm", "calculatedOtherExpenses": 9811327300, "calculatedOperatingExpenses": 9839827300, "calculatedNetInterest": -105348000, "calculatedOtherIncome": 1023939100, "calculatedIncomeNonControlling": 0, "calculatedEbitda": 1024571000}, {"date": "2011-12-31", "symbol": "RGA", "reportedCurrency": "USD", "cik": "0000898174", "fillingDate": "2012-02-29", "acceptedDate": "2012-02-28 17:46:03", "calendarYear": "2011", "period": "FY", "revenue": 8829538000, "costOfRevenue": 419340000, "grossProfit": 8410198000, "grossProfitRatio": 0.9525071414, "researchAndDevelopmentExpenses": 0, "generalAndAdministrativeExpenses": 0, "sellingAndMarketingExpenses": 0, "sellingGeneralAndAdministrativeExpenses": 12391000, "otherExpenses": 7938609000, "operatingExpenses": 7951000000, "costAndExpenses": 7995158000, "interestIncome": 0, "interestExpense": 102638000, "depreciationAndAmortization": 0, "ebitda": 937018000, "ebitdaratio": 0.1061231063, "operatingIncome": 937018000, "operatingIncomeRatio": 0.1061231063, "totalOtherIncomeExpensesNet": 248710000, "incomeBeforeTax": 834380000, "incomeBeforeTaxRatio": 0.0944987156, "incomeTaxExpense": 234760000, "netIncome": 599620000, "netIncomeRatio": 0.067910688, "eps": 8.15, "epsdiluted": 8.09, "weightedAverageShsOut": 73586000, "weightedAverageShsOutDil": 74108000, "link": "https://www.sec.gov/Archives/edgar/data/898174/000119312512085927/0001193125-12-085927-index.htm", "finalLink": "https://www.sec.gov/Archives/edgar/data/898174/000119312512085927/d306903d10k.htm", "calculatedOtherExpenses": 7460789000, "calculatedOperatingExpenses": 7473180000, "calculatedNetInterest": -102638000, "calculatedOtherIncome": 0, "calculatedIncomeNonControlling": 0, "calculatedEbitda": 937018000}, {"date": "2010-12-31", "symbol": "RGA", "reportedCurrency": "USD", "cik": "0000898174", "fillingDate": "2011-02-28", "acceptedDate": "2011-02-28 17:05:30", "calendarYear": "2010", "period": "FY", "revenue": 8261730000, "costOfRevenue": 362000, "grossProfit": 8261368000, "grossProfitRatio": 0.9999561835, "researchAndDevelopmentExpenses": 0, "generalAndAdministrativeExpenses": 0, "sellingAndMarketingExpenses": 0, "sellingGeneralAndAdministrativeExpenses": 369827000, "otherExpenses": 7349144000, "operatingExpenses": 7357000000, "costAndExpenses": 7397913000, "interestIncome": 0, "interestExpense": 90996000, "depreciationAndAmortization": 954238600, "ebitda": 954813000, "ebitdaratio": 0.1155705887, "operatingIncome": 574400, "operatingIncomeRatio": 6.95254e-05, "totalOtherIncomeExpensesNet": 151360000, "incomeBeforeTax": 863817000, "incomeBeforeTaxRatio": 0.1045564307, "incomeTaxExpense": 289415000, "netIncome": 574402000, "netIncomeRatio": 0.069525632, "eps": 7.69, "epsdiluted": 7.69, "weightedAverageShsOut": 74694000, "weightedAverageShsOutDil": 74694668, "link": "https://www.sec.gov/Archives/edgar/data/898174/000095012311019862/0000950123-11-019862-index.htm", "finalLink": "https://www.sec.gov/Archives/edgar/data/898174/000095012311019862/c62390e10vk.htm", "calculatedOtherExpenses": 7890966600, "calculatedOperatingExpenses": 8260793600, "calculatedNetInterest": -90996000, "calculatedOtherIncome": 954238600, "calculatedIncomeNonControlling": 0, "calculatedEbitda": 954813000}, {"date": "2009-12-31", "symbol": "RGA", "reportedCurrency": "USD", "cik": "0000898174", "fillingDate": "2010-02-26", "acceptedDate": "2010-02-26 16:37:52", "calendarYear": "2009", "period": "FY", "revenue": 7066822000, "costOfRevenue": 242917000, "grossProfit": 6823905000, "grossProfitRatio": 0.9656257084, "researchAndDevelopmentExpenses": 0, "generalAndAdministrativeExpenses": 0, "sellingAndMarketingExpenses": 0, "sellingGeneralAndAdministrativeExpenses": 303047000, "otherExpenses": 6092953000, "operatingExpenses": 6396000000, "costAndExpenses": 6474477000, "interestIncome": 0, "interestExpense": 69940000, "depreciationAndAmortization": 474470000, "ebitda": 662285000, "ebitdaratio": 0.0937175155, "operatingIncome": 187815000, "operatingIncomeRatio": 0.0265770101, "totalOtherIncomeExpensesNet": 185051000, "incomeBeforeTax": 592345000, "incomeBeforeTaxRatio": 0.0838205632, "incomeTaxExpense": 185259000, "netIncome": 407086000, "netIncomeRatio": 0.0576052432, "eps": 5.55, "epsdiluted": 5.55, "weightedAverageShsOut": 73327000, "weightedAverageShsOutDil": 73348829, "link": "https://www.sec.gov/Archives/edgar/data/898174/000095012310018205/0000950123-10-018205-index.htm", "finalLink": "https://www.sec.gov/Archives/edgar/data/898174/000095012310018205/c55940e10vk.htm", "calculatedOtherExpenses": 6333043000, "calculatedOperatingExpenses": 6636090000, "calculatedNetInterest": -69940000, "calculatedOtherIncome": 474470000, "calculatedIncomeNonControlling": 0, "calculatedEbitda": 662285000}, {"date": "2008-12-31", "symbol": "RGA", "reportedCurrency": "USD", "cik": "0000898174", "fillingDate": "2009-03-02", "acceptedDate": "2009-03-02 06:15:25", "calendarYear": "2008", "period": "FY", "revenue": 5681203000, "costOfRevenue": 242917000, "grossProfit": 5438286000, "grossProfitRatio": 0.9572419785, "researchAndDevelopmentExpenses": 0, "generalAndAdministrativeExpenses": 0, "sellingAndMarketingExpenses": 0, "sellingGeneralAndAdministrativeExpenses": 28723000, "otherExpenses": 5267277000, "operatingExpenses": 5296000000, "costAndExpenses": 5400811000, "interestIncome": 0, "interestExpense": 76161000, "depreciationAndAmortization": 157719000, "ebitda": 345534000, "ebitdaratio": 0.0608205692, "operatingIncome": 187815000, "operatingIncomeRatio": 0.0330590194, "totalOtherIncomeExpensesNet": 107831000, "incomeBeforeTax": 280392000, "incomeBeforeTaxRatio": 0.0493543357, "incomeTaxExpense": 92577000, "netIncome": 176796000, "netIncomeRatio": 0.0311194654, "eps": 2.84, "epsdiluted": 2.77, "weightedAverageShsOut": 62243494, "weightedAverageShsOutDil": 63906489, "link": "https://www.sec.gov/Archives/edgar/data/898174/000095012309003732/0000950123-09-003732-index.htm", "finalLink": "https://www.sec.gov/Archives/edgar/data/898174/000095012309003732/c48793e10vk.htm", "calculatedOtherExpenses": 5221748000, "calculatedOperatingExpenses": 5250471000, "calculatedNetInterest": -76161000, "calculatedOtherIncome": 168738000, "calculatedIncomeNonControlling": 11019000, "calculatedEbitda": 345534000}, {"date": "2007-12-31", "symbol": "RGA", "reportedCurrency": "USD", "cik": "0000898174", "fillingDate": "2008-02-28", "acceptedDate": "2008-02-28 12:50:39", "calendarYear": "2007", "period": "FY", "revenue": 5718361000, "costOfRevenue": 236612000, "grossProfit": 5481749000, "grossProfitRatio": 0.9586224095, "researchAndDevelopmentExpenses": 0, "generalAndAdministrativeExpenses": 0, "sellingAndMarketingExpenses": 0, "sellingGeneralAndAdministrativeExpenses": 0, "otherExpenses": 5115000000, "operatingExpenses": 5115000000, "costAndExpenses": 5243443000, "interestIncome": 0, "interestExpense": 322972000, "depreciationAndAmortization": -75655000, "ebitda": 707796000, "ebitdaratio": 0.123776026, "operatingIncome": 308273000, "operatingIncomeRatio": 0.0539093282, "totalOtherIncomeExpensesNet": -98569000, "incomeBeforeTax": 474918000, "incomeBeforeTaxRatio": 0.0830514198, "incomeTaxExpense": 166645000, "netIncome": 293834000, "netIncomeRatio": 0.051384304, "eps": 4.75, "epsdiluted": 4.57, "weightedAverageShsOut": 61857000, "weightedAverageShsOutDil": 64231000, "link": "https://www.sec.gov/Archives/edgar/data/898174/000095013708002920/0000950137-08-002920-index.htm", "finalLink": "https://www.sec.gov/Archives/edgar/data/898174/000095013708002920/c24020e10vk.htm", "calculatedOtherExpenses": 5173476000, "calculatedOperatingExpenses": 5173476000, "calculatedNetInterest": -322972000, "calculatedOtherIncome": 489617000, "calculatedIncomeNonControlling": 14439000, "calculatedEbitda": 232618000}, {"date": "2006-12-31", "symbol": "RGA", "reportedCurrency": "USD", "cik": "0000898174", "fillingDate": "2007-02-27", "acceptedDate": "2007-02-26 18:40:00", "calendarYear": "2006", "period": "FY", "revenue": 5193691000, "costOfRevenue": 204380000, "grossProfit": 4989311000, "grossProfitRatio": 0.9606484098, "researchAndDevelopmentExpenses": 0, "generalAndAdministrativeExpenses": 0, "sellingAndMarketingExpenses": 0, "sellingGeneralAndAdministrativeExpenses": 0, "otherExpenses": 4654000000, "operatingExpenses": 4654000000, "costAndExpenses": 4742303000, "interestIncome": 0, "interestExpense": 306804000, "depreciationAndAmortization": -53344000, "ebitda": 699797000, "ebitdaratio": 0.1347398218, "operatingIncome": 293261000, "operatingIncomeRatio": 0.0564648532, "totalOtherIncomeExpensesNet": 68067000, "incomeBeforeTax": 451388000, "incomeBeforeTaxRatio": 0.0869108309, "incomeTaxExpense": 158127000, "netIncome": 288210000, "netIncomeRatio": 0.0554923271, "eps": 4.71, "epsdiluted": 4.57, "weightedAverageShsOut": 61191083, "weightedAverageShsOutDil": 63065646, "link": "https://www.sec.gov/Archives/edgar/data/898174/000095013707002797/0000950137-07-002797-index.htm", "finalLink": "https://www.sec.gov/Archives/edgar/data/898174/000095013707002797/c12679e10vk.htm", "calculatedOtherExpenses": 4696050000, "calculatedOperatingExpenses": 4696050000, "calculatedNetInterest": -306804000, "calculatedOtherIncome": 464931000, "calculatedIncomeNonControlling": 5051000, "calculatedEbitda": 239917000}, {"date": "2005-12-31", "symbol": "RGA", "reportedCurrency": "USD", "cik": "0000898174", "fillingDate": "2006-02-27", "acceptedDate": "2006-02-27 17:29:47", "calendarYear": "2005", "period": "FY", "revenue": 4584765000, "costOfRevenue": 0, "grossProfit": 4584765000, "grossProfitRatio": 1, "researchAndDevelopmentExpenses": 0, "generalAndAdministrativeExpenses": 0, "sellingAndMarketingExpenses": 0, "sellingGeneralAndAdministrativeExpenses": 0, "otherExpenses": 4187000000, "operatingExpenses": 4187000000, "costAndExpenses": 4228419000, "interestIncome": 0, "interestExpense": 249804000, "depreciationAndAmortization": -40288000, "ebitda": 554434000, "ebitdaratio": 0.1209296442, "operatingIncome": 594722000, "operatingIncomeRatio": 0.1297170084, "totalOtherIncomeExpensesNet": 65235000, "incomeBeforeTax": 356346000, "incomeBeforeTaxRatio": 0.07772394, "incomeTaxExpense": 120738000, "netIncome": 224180000, "netIncomeRatio": 0.0488967264, "eps": 3.58, "epsdiluted": 3.52, "weightedAverageShsOut": 62620112, "weightedAverageShsOutDil": 63687500, "link": "https://www.sec.gov/Archives/edgar/data/898174/000095013706002287/0000950137-06-002287-index.htm", "finalLink": "https://www.sec.gov/Archives/edgar/data/898174/000095013706002287/c02878e10vk.txt", "calculatedOtherExpenses": 3990043000, "calculatedOperatingExpenses": 3990043000, "calculatedNetInterest": -249804000, "calculatedOtherIncome": 11428000, "calculatedIncomeNonControlling": 11428000, "calculatedEbitda": 554434000}, {"date": "2004-12-31", "symbol": "RGA", "reportedCurrency": "USD", "cik": "0000898174", "fillingDate": "2005-03-03", "acceptedDate": "2005-03-02 20:49:12", "calendarYear": "2004", "period": "FY", "revenue": 4038919000, "costOfRevenue": 0, "grossProfit": 4038919000, "grossProfitRatio": 1, "researchAndDevelopmentExpenses": 0, "generalAndAdministrativeExpenses": 0, "sellingAndMarketingExpenses": 0, "sellingGeneralAndAdministrativeExpenses": 0, "otherExpenses": -3455767000, "operatingExpenses": -3455767000, "costAndExpenses": 3669726000, "interestIncome": 0, "interestExpense": 237368000, "depreciationAndAmortization": -32580000, "ebitda": 550572000, "ebitdaratio": 0.1363166729, "operatingIncome": 583152000, "operatingIncomeRatio": 0.1443831877, "totalOtherIncomeExpensesNet": 81470000, "incomeBeforeTax": 369193000, "incomeBeforeTaxRatio": 0.0914088646, "incomeTaxExpense": 123893000, "netIncome": 221891000, "netIncomeRatio": 0.0549382149, "eps": 3.56, "epsdiluted": 3.52, "weightedAverageShsOut": 62328933, "weightedAverageShsOutDil": 63037216, "link": "https://www.sec.gov/Archives/edgar/data/898174/000095013705002539/0000950137-05-002539-index.htm", "finalLink": "https://www.sec.gov/Archives/edgar/data/898174/000095013705002539/c92597e10vk.txt", "calculatedOtherExpenses": 3455767000, "calculatedOperatingExpenses": 3455767000, "calculatedNetInterest": -237368000, "calculatedOtherIncome": 23409000, "calculatedIncomeNonControlling": 23409000, "calculatedEbitda": 550572000}, {"date": "2003-12-31", "symbol": "RGA", "reportedCurrency": "USD", "cik": "0000898174", "fillingDate": "2004-03-12", "acceptedDate": "2004-03-12 17:20:04", "calendarYear": "2003", "period": "FY", "revenue": 3174333000, "costOfRevenue": 0, "grossProfit": 3174333000, "grossProfitRatio": 1, "researchAndDevelopmentExpenses": 0, "generalAndAdministrativeExpenses": 0, "sellingAndMarketingExpenses": 0, "sellingGeneralAndAdministrativeExpenses": 0, "otherExpenses": -2691410000, "operatingExpenses": -2691410000, "costAndExpenses": 2902723000, "interestIncome": 0, "interestExpense": 216491000, "depreciationAndAmortization": -40227000, "ebitda": 442696000, "ebitdaratio": 0.1394611088, "operatingIncome": 482923000, "operatingIncomeRatio": 0.1521336923, "totalOtherIncomeExpensesNet": 60231000, "incomeBeforeTax": 271610000, "incomeBeforeTaxRatio": 0.085564432, "incomeTaxExpense": 93291000, "netIncome": 173141000, "netIncomeRatio": 0.054544057, "eps": 3.37, "epsdiluted": 3.36, "weightedAverageShsOut": 51377151, "weightedAverageShsOutDil": 51530060, "link": "https://www.sec.gov/Archives/edgar/data/898174/000095013704001813/0000950137-04-001813-index.htm", "finalLink": "https://www.sec.gov/Archives/edgar/data/898174/000095013704001813/c83678e10vk.txt", "calculatedOtherExpenses": 2691410000, "calculatedOperatingExpenses": 2691410000, "calculatedNetInterest": -216491000, "calculatedOtherIncome": 5178000, "calculatedIncomeNonControlling": 5178000, "calculatedEbitda": 442696000}, {"date": "2002-12-31", "symbol": "RGA", "reportedCurrency": "USD", "cik": "0000898174", "fillingDate": "2003-03-20", "acceptedDate": "2003-03-19 17:54:50", "calendarYear": "2002", "period": "FY", "revenue": 2381963000, "costOfRevenue": 0, "grossProfit": 2381963000, "grossProfitRatio": 1, "researchAndDevelopmentExpenses": 0, "generalAndAdministrativeExpenses": 0, "sellingAndMarketingExpenses": 0, "sellingGeneralAndAdministrativeExpenses": 0, "otherExpenses": -2031411000, "operatingExpenses": -2031411000, "costAndExpenses": 2187985000, "interestIncome": 0, "interestExpense": 162231000, "depreciationAndAmortization": -35902000, "ebitda": 314650000, "ebitdaratio": 0.1320969301, "operatingIncome": 350552000, "operatingIncomeRatio": 0.1471693725, "totalOtherIncomeExpensesNet": 41436000, "incomeBeforeTax": 193978000, "incomeBeforeTaxRatio": 0.0814361936, "incomeTaxExpense": 65515000, "netIncome": 122806000, "netIncomeRatio": 0.0515566363, "eps": 2.49, "epsdiluted": 2.47, "weightedAverageShsOut": 49319679, "weightedAverageShsOutDil": 49719028, "link": "https://www.sec.gov/Archives/edgar/data/898174/000095013403004187/0000950134-03-004187-index.htm", "finalLink": "https://www.sec.gov/Archives/edgar/data/898174/000095013403004187/c75554e10vk.txt", "calculatedOtherExpenses": 2031411000, "calculatedOperatingExpenses": 2031411000, "calculatedNetInterest": -162231000, "calculatedOtherIncome": 5657000, "calculatedIncomeNonControlling": 5657000, "calculatedEbitda": 314650000}, {"date": "2001-12-31", "symbol": "RGA", "reportedCurrency": "USD", "cik": "0000898174", "fillingDate": "2002-03-20", "acceptedDate": "2002-03-20 00:00:00", "calendarYear": "2001", "period": "FY", "revenue": 1968284000, "costOfRevenue": 0, "grossProfit": 1968284000, "grossProfitRatio": 1, "researchAndDevelopmentExpenses": 0, "generalAndAdministrativeExpenses": 0, "sellingAndMarketingExpenses": 0, "sellingGeneralAndAdministrativeExpenses": 0, "otherExpenses": -1779180000, "operatingExpenses": -1779180000, "costAndExpenses": 1902134000, "interestIncome": 0, "interestExpense": 129809000, "depreciationAndAmortization": -38985000, "ebitda": 150119000, "ebitdaratio": 0.0762689734, "operatingIncome": 189104000, "operatingIncomeRatio": 0.0960755663, "totalOtherIncomeExpensesNet": 34394000, "incomeBeforeTax": 66150000, "incomeBeforeTaxRatio": 0.0336079549, "incomeTaxExpense": 26249000, "netIncome": 33046000, "netIncomeRatio": 0.0167892438, "eps": 0.67, "epsdiluted": 0.66, "weightedAverageShsOut": 49253731, "weightedAverageShsOutDil": 50000000, "link": "https://www.sec.gov/Archives/edgar/data/898174/000095013402002354/0000950134-02-002354-index.htm", "finalLink": "https://www.sec.gov/Archives/edgar/data/898174/000095013402002354/c67813e10-k405.txt", "calculatedOtherExpenses": 1779180000, "calculatedOperatingExpenses": 1779180000, "calculatedNetInterest": -129809000, "calculatedOtherIncome": 6855000, "calculatedIncomeNonControlling": 6855000, "calculatedEbitda": 150119000}, {"date": "2000-12-31", "symbol": "RGA", "reportedCurrency": "USD", "cik": "0000898174", "fillingDate": "2001-03-16", "acceptedDate": "2001-03-16 00:00:00", "calendarYear": "2000", "period": "FY", "revenue": 1725735000, "costOfRevenue": 0, "grossProfit": 1725735000, "grossProfitRatio": 1, "researchAndDevelopmentExpenses": 0, "generalAndAdministrativeExpenses": 0, "sellingAndMarketingExpenses": 0, "sellingGeneralAndAdministrativeExpenses": 0, "otherExpenses": -1456417000, "operatingExpenses": -1456417000, "costAndExpenses": 1550390000, "interestIncome": 0, "interestExpense": 122378000, "depreciationAndAmortization": -35884000, "ebitda": 233434000, "ebitdaratio": 0.1352664227, "operatingIncome": 269318000, "operatingIncomeRatio": 0.1560598817, "totalOtherIncomeExpensesNet": 23815000, "incomeBeforeTax": 175345000, "incomeBeforeTaxRatio": 0.1016059824, "incomeTaxExpense": 69271000, "netIncome": 77669000, "netIncomeRatio": 0.0450063306, "eps": 1.57, "epsdiluted": 1.56, "weightedAverageShsOut": 49490446, "weightedAverageShsOutDil": 49807692, "link": "https://www.sec.gov/Archives/edgar/data/898174/000095012401001356/0000950124-01-001356-index.htm", "finalLink": "https://www.sec.gov/Archives/edgar/data/898174/000095012401001356/c60815e10-k.txt", "calculatedOtherExpenses": 1456417000, "calculatedOperatingExpenses": 1456417000, "calculatedNetInterest": -122378000, "calculatedOtherIncome": 28405000, "calculatedIncomeNonControlling": 28405000, "calculatedEbitda": 233434000}, {"date": "1999-12-31", "symbol": "RGA", "reportedCurrency": "USD", "cik": "0000898174", "fillingDate": "2000-03-24", "acceptedDate": "2000-03-24 00:00:00", "calendarYear": "1999", "period": "FY", "revenue": 1607082000, "costOfRevenue": 0, "grossProfit": 1607082000, "grossProfitRatio": 1, "researchAndDevelopmentExpenses": 0, "generalAndAdministrativeExpenses": 0, "sellingAndMarketingExpenses": 0, "sellingGeneralAndAdministrativeExpenses": 0, "otherExpenses": -1363027000, "operatingExpenses": -1363027000, "costAndExpenses": 1514010000, "interestIncome": 0, "interestExpense": 164138000, "depreciationAndAmortization": -26700000, "ebitda": 217355000, "ebitdaratio": 0.1352482325, "operatingIncome": 244055000, "operatingIncomeRatio": 0.151862195, "totalOtherIncomeExpensesNet": 26472000, "incomeBeforeTax": 93072000, "incomeBeforeTaxRatio": 0.0579136597, "incomeTaxExpense": 39059000, "netIncome": 40858000, "netIncomeRatio": 0.0254237183, "eps": 0.89, "epsdiluted": 0.88, "weightedAverageShsOut": 45907865, "weightedAverageShsOutDil": 46246000, "link": "https://www.sec.gov/Archives/edgar/data/898174/000095012400001546/0000950124-00-001546-index.html", "finalLink": "https://www.sec.gov/Archives/edgar/data/898174/000095012400001546/", "calculatedOtherExpenses": 1363027000, "calculatedOperatingExpenses": 1363027000, "calculatedNetInterest": -164138000, "calculatedOtherIncome": 13155000, "calculatedIncomeNonControlling": 13155000, "calculatedEbitda": 217355000}, {"date": "1998-12-31", "symbol": "RGA", "reportedCurrency": "USD", "cik": "0000898174", "fillingDate": "1999-03-30", "acceptedDate": "1999-03-30 00:00:00", "calendarYear": "1998", "period": "FY", "revenue": 1344492000, "costOfRevenue": 0, "grossProfit": 1344492000, "grossProfitRatio": 1, "researchAndDevelopmentExpenses": 0, "generalAndAdministrativeExpenses": 0, "sellingAndMarketingExpenses": 0, "sellingGeneralAndAdministrativeExpenses": 0, "otherExpenses": -1071304000, "operatingExpenses": -1071304000, "costAndExpenses": 1206445000, "interestIncome": 0, "interestExpense": 162052000, "depreciationAndAmortization": -19100000, "ebitda": 254088000, "ebitdaratio": 0.1889843896, "operatingIncome": 273188000, "operatingIncomeRatio": 0.2031904987, "totalOtherIncomeExpensesNet": 23200000, "incomeBeforeTax": 138047000, "incomeBeforeTaxRatio": 0.1026759549, "incomeTaxExpense": 49055000, "netIncome": 62081000, "netIncomeRatio": 0.0461743171, "eps": 1.5, "epsdiluted": 1.46, "weightedAverageShsOut": 41387333, "weightedAverageShsOutDil": 42559000, "link": "https://www.sec.gov/Archives/edgar/data/898174/000095012499002214/0000950124-99-002214-index.html", "finalLink": "https://www.sec.gov/Archives/edgar/data/898174/", "calculatedOtherExpenses": 1071304000, "calculatedOperatingExpenses": 1071304000, "calculatedNetInterest": -162052000, "calculatedOtherIncome": 26911000, "calculatedIncomeNonControlling": 26911000, "calculatedEbitda": 254088000}, {"date": "1997-12-31", "symbol": "RGA", "reportedCurrency": "USD", "cik": "0000898174", "fillingDate": "1998-03-25", "acceptedDate": "1998-03-25 00:00:00", "calendarYear": "1997", "period": "FY", "revenue": 1071515000, "costOfRevenue": 0, "grossProfit": 1071515000, "grossProfitRatio": 1, "researchAndDevelopmentExpenses": 0, "generalAndAdministrativeExpenses": 0, "sellingAndMarketingExpenses": 0, "sellingGeneralAndAdministrativeExpenses": 0, "otherExpenses": -888304000, "operatingExpenses": -888304000, "costAndExpenses": 987444000, "interestIncome": 0, "interestExpense": 99842000, "depreciationAndAmortization": -14100000, "ebitda": 169111000, "ebitdaratio": 0.1578242022, "operatingIncome": 183211000, "operatingIncomeRatio": 0.1709831407, "totalOtherIncomeExpensesNet": 47388000, "incomeBeforeTax": 84071000, "incomeBeforeTaxRatio": 0.0784599376, "incomeTaxExpense": 28750000, "netIncome": 54619000, "netIncomeRatio": 0.0509736215, "eps": 1.44, "epsdiluted": 1.42, "weightedAverageShsOut": 37916667, "weightedAverageShsOutDil": 38450704, "link": "https://www.sec.gov/Archives/edgar/data/898174/000095011498000150/0000950114-98-000150-index.html", "finalLink": "https://www.sec.gov/Archives/edgar/data/898174/", "calculatedOtherExpenses": 888304000, "calculatedOperatingExpenses": 888304000, "calculatedNetInterest": -99842000, "calculatedOtherIncome": 702000, "calculatedIncomeNonControlling": 702000, "calculatedEbitda": 169111000}, {"date": "1996-12-31", "symbol": "RGA", "reportedCurrency": "USD", "cik": "0000898174", "fillingDate": "1997-03-24", "acceptedDate": "1997-03-24 00:00:00", "calendarYear": "1996", "period": "FY", "revenue": 830029000, "costOfRevenue": 0, "grossProfit": 830029000, "grossProfitRatio": 1, "researchAndDevelopmentExpenses": 0, "generalAndAdministrativeExpenses": 0, "sellingAndMarketingExpenses": 0, "sellingGeneralAndAdministrativeExpenses": 0, "otherExpenses": -737101000, "operatingExpenses": -737101000, "costAndExpenses": 742968000, "interestIncome": 0, "interestExpense": 6169000, "depreciationAndAmortization": -7900000, "ebitda": 85028000, "ebitdaratio": 0.1024397943, "operatingIncome": 92928000, "operatingIncomeRatio": 0.111957534, "totalOtherIncomeExpensesNet": 17386000, "incomeBeforeTax": 87061000, "incomeBeforeTaxRatio": 0.1048891063, "incomeTaxExpense": 31687000, "netIncome": 55072000, "netIncomeRatio": 0.066349489, "eps": 1.45, "epsdiluted": 1.44, "weightedAverageShsOut": 38000000, "weightedAverageShsOutDil": 38263889, "link": "https://www.sec.gov/Archives/edgar/data/898174/000095011497000159/0000950114-97-000159-index.html", "finalLink": "https://www.sec.gov/Archives/edgar/data/898174/", "calculatedOtherExpenses": 737101000, "calculatedOperatingExpenses": 737101000, "calculatedNetInterest": -6169000, "calculatedOtherIncome": 302000, "calculatedIncomeNonControlling": 302000, "calculatedEbitda": 85028000}, {"date": "1995-12-31", "symbol": "RGA", "reportedCurrency": "USD", "cik": "0000898174", "fillingDate": "1995-12-31", "acceptedDate": "1995-12-30 19:00:00", "calendarYear": "1995", "period": "FY", "revenue": 668100000, "costOfRevenue": 0, "grossProfit": 668100000, "grossProfitRatio": 1, "researchAndDevelopmentExpenses": 0, "generalAndAdministrativeExpenses": 0, "sellingAndMarketingExpenses": 0, "sellingGeneralAndAdministrativeExpenses": 0, "otherExpenses": -593700000, "operatingExpenses": -593700000, "costAndExpenses": 98100000, "interestIncome": 0, "interestExpense": 0, "depreciationAndAmortization": -7300000, "ebitda": 67100000, "ebitdaratio": 0.1004340668, "operatingIncome": 74400000, "operatingIncomeRatio": 0.1113605748, "totalOtherIncomeExpensesNet": 98100000, "incomeBeforeTax": 172500000, "incomeBeforeTaxRatio": 0.258194881, "incomeTaxExpense": 27100000, "netIncome": 47300000, "netIncomeRatio": 0.0707977848, "eps": 1.25, "epsdiluted": 1.25, "weightedAverageShsOut": 37840000, "weightedAverageShsOutDil": 37840000, "link": "", "finalLink": "", "calculatedOtherExpenses": 593700000, "calculatedOperatingExpenses": 593700000, "calculatedNetInterest": 0, "calculatedOtherIncome": 98100000, "calculatedIncomeNonControlling": 98100000, "calculatedEbitda": 67100000}, {"date": "1994-12-31", "symbol": "RGA", "reportedCurrency": "USD", "cik": "0000898174", "fillingDate": "1994-12-31", "acceptedDate": "1994-12-30 19:00:00", "calendarYear": "1994", "period": "FY", "revenue": 525800000, "costOfRevenue": 0, "grossProfit": 525800000, "grossProfitRatio": 1, "researchAndDevelopmentExpenses": 0, "generalAndAdministrativeExpenses": 0, "sellingAndMarketingExpenses": 0, "sellingGeneralAndAdministrativeExpenses": 0, "otherExpenses": -461800000, "operatingExpenses": -461800000, "costAndExpenses": 78600000, "interestIncome": 0, "interestExpense": 0, "depreciationAndAmortization": -1800000, "ebitda": 62200000, "ebitdaratio": 0.11829593, "operatingIncome": 64000000, "operatingIncomeRatio": 0.1217192849, "totalOtherIncomeExpensesNet": 74100000, "incomeBeforeTax": 138100000, "incomeBeforeTaxRatio": 0.2626473944, "incomeTaxExpense": 23600000, "netIncome": 40400000, "netIncomeRatio": 0.0768352986, "eps": 1.05, "epsdiluted": 1.05, "weightedAverageShsOut": 38476190, "weightedAverageShsOutDil": 38476190, "link": "", "finalLink": "", "calculatedOtherExpenses": 461800000, "calculatedOperatingExpenses": 461800000, "calculatedNetInterest": 0, "calculatedOtherIncome": 74100000, "calculatedIncomeNonControlling": 74100000, "calculatedEbitda": 62200000}, {"date": "1993-12-31", "symbol": "RGA", "reportedCurrency": "USD", "cik": "0000898174", "fillingDate": "1993-12-31", "acceptedDate": "1993-12-30 19:00:00", "calendarYear": "1993", "period": "FY", "revenue": 441400000, "costOfRevenue": 0, "grossProfit": 441400000, "grossProfitRatio": 1, "researchAndDevelopmentExpenses": 0, "generalAndAdministrativeExpenses": 0, "sellingAndMarketingExpenses": 0, "sellingGeneralAndAdministrativeExpenses": 0, "otherExpenses": -387100000, "operatingExpenses": -387100000, "costAndExpenses": 70900000, "interestIncome": 0, "interestExpense": 0, "depreciationAndAmortization": -1300000, "ebitda": 53000000, "ebitdaratio": 0.1200724966, "operatingIncome": 54300000, "operatingIncomeRatio": 0.123017671, "totalOtherIncomeExpensesNet": 61500000, "incomeBeforeTax": 115800000, "incomeBeforeTaxRatio": 0.2623470775, "incomeTaxExpense": 20200000, "netIncome": 34100000, "netIncomeRatio": 0.0772541912, "eps": 1, "epsdiluted": 1, "weightedAverageShsOut": 34100000, "weightedAverageShsOutDil": 34100000, "link": "", "finalLink": "", "calculatedOtherExpenses": 387100000, "calculatedOperatingExpenses": 387100000, "calculatedNetInterest": 0, "calculatedOtherIncome": 61500000, "calculatedIncomeNonControlling": 61500000, "calculatedEbitda": 53000000}]}