{"originalCurrency": "USD", "convertedCurrency": "USD", "report": [{"date": "2023-12-31", "symbol": "RGEN", "reportedCurrency": "USD", "cik": "0000730272", "fillingDate": "2024-02-22", "acceptedDate": "2024-02-22 16:26:07", "calendarYear": "2023", "period": "FY", "revenue": 638764000, "costOfRevenue": 354517000, "grossProfit": 284247000, "grossProfitRatio": 0.4449953347, "researchAndDevelopmentExpenses": 42606000, "generalAndAdministrativeExpenses": 0, "sellingAndMarketingExpenses": 0, "sellingGeneralAndAdministrativeExpenses": 178335000, "otherExpenses": 8123000, "operatingExpenses": 220941000, "costAndExpenses": 575458000, "interestIncome": 24135000, "interestExpense": 10026000, "depreciationAndAmortization": 68085000, "ebitda": 131390999, "ebitdaratio": 0.2056956857, "operatingIncome": 63306000, "operatingIncomeRatio": 0.0991070254, "totalOtherIncomeExpensesNet": 826000, "incomeBeforeTax": 64132000, "incomeBeforeTaxRatio": 0.1004001478, "incomeTaxExpense": 22555000, "netIncome": 41577000, "netIncomeRatio": 0.0650897671, "eps": 0.75, "epsdiluted": 0.74, "weightedAverageShsOut": 55720000, "weightedAverageShsOutDil": 56377000, "link": "https://www.sec.gov/Archives/edgar/data/730272/000095017024018809/0000950170-24-018809-index.htm", "finalLink": "https://www.sec.gov/Archives/edgar/data/730272/000095017024018809/rgen-20231231.htm", "calculatedOtherExpenses": 0, "calculatedOperatingExpenses": 220941000, "calculatedNetInterest": 14109000, "calculatedOtherIncome": -13283000, "calculatedIncomeNonControlling": 0, "calculatedEbitda": 131391000}, {"date": "2022-12-31", "symbol": "RGEN", "reportedCurrency": "USD", "cik": "0000730272", "fillingDate": "2023-02-22", "acceptedDate": "2023-02-22 16:47:17", "calendarYear": "2022", "period": "FY", "revenue": 801536000, "costOfRevenue": 345830000, "grossProfit": 455706000, "grossProfitRatio": 0.5685409015, "researchAndDevelopmentExpenses": 43936000, "generalAndAdministrativeExpenses": 0, "sellingAndMarketingExpenses": 0, "sellingGeneralAndAdministrativeExpenses": 215829000, "otherExpenses": -9531000, "operatingExpenses": 259765000, "costAndExpenses": 605595000, "interestIncome": 6978000, "interestExpense": 1162000, "depreciationAndAmortization": 50985000, "ebitda": 184595000, "ebitdaratio": 0.230301571, "operatingIncome": 133610000, "operatingIncomeRatio": 0.1666924505, "totalOtherIncomeExpensesNet": 85530000, "incomeBeforeTax": 219140000, "incomeBeforeTaxRatio": 0.2734000719, "incomeTaxExpense": 33181000, "netIncome": 185959000, "netIncomeRatio": 0.2320033037, "eps": 3.35, "epsdiluted": 3.24, "weightedAverageShsOut": 55460000, "weightedAverageShsOutDil": 57455000, "link": "https://www.sec.gov/Archives/edgar/data/730272/000095017023003793/0000950170-23-003793-index.htm", "finalLink": "https://www.sec.gov/Archives/edgar/data/730272/000095017023003793/rgen-20221231.htm", "calculatedOtherExpenses": 62331000, "calculatedOperatingExpenses": 322096000, "calculatedNetInterest": 5816000, "calculatedOtherIncome": 79714000, "calculatedIncomeNonControlling": 0, "calculatedEbitda": 184595000}, {"date": "2021-12-31", "symbol": "RGEN", "reportedCurrency": "USD", "cik": "0000730272", "fillingDate": "2022-02-17", "acceptedDate": "2022-02-17 16:32:17", "calendarYear": "2021", "period": "FY", "revenue": 670534000, "costOfRevenue": 279280000, "grossProfit": 391254000, "grossProfitRatio": 0.5834961389, "researchAndDevelopmentExpenses": 34274000, "generalAndAdministrativeExpenses": 0, "sellingAndMarketingExpenses": 0, "sellingGeneralAndAdministrativeExpenses": 183866000, "otherExpenses": -1168000, "operatingExpenses": 218140000, "costAndExpenses": 497420000, "interestIncome": 176000, "interestExpense": 12714000, "depreciationAndAmortization": 38447000, "ebitda": 171946000, "ebitdaratio": 0.2564314412, "operatingIncome": 133499000, "operatingIncomeRatio": 0.1990935583, "totalOtherIncomeExpensesNet": 20044000, "incomeBeforeTax": 153543000, "incomeBeforeTaxRatio": 0.2289861513, "incomeTaxExpense": 25252000, "netIncome": 128291000, "netIncomeRatio": 0.1913266143, "eps": 2.33, "epsdiluted": 2.24, "weightedAverageShsOut": 55015000, "weightedAverageShsOutDil": 57264000, "link": "https://www.sec.gov/Archives/edgar/data/730272/000095017022001430/0000950170-22-001430-index.htm", "finalLink": "https://www.sec.gov/Archives/edgar/data/730272/000095017022001430/rgen-20211231.htm", "calculatedOtherExpenses": 39615000, "calculatedOperatingExpenses": 257755000, "calculatedNetInterest": -12538000, "calculatedOtherIncome": 32582000, "calculatedIncomeNonControlling": 0, "calculatedEbitda": 171946000}, {"date": "2020-12-31", "symbol": "RGEN", "reportedCurrency": "USD", "cik": "0000730272", "fillingDate": "2021-02-24", "acceptedDate": "2021-02-24 16:22:42", "calendarYear": "2020", "period": "FY", "revenue": 366260000, "costOfRevenue": 156634000, "grossProfit": 209626000, "grossProfitRatio": 0.5723420521, "researchAndDevelopmentExpenses": 20182000, "generalAndAdministrativeExpenses": 0, "sellingAndMarketingExpenses": 0, "sellingGeneralAndAdministrativeExpenses": 119621000, "otherExpenses": -214000, "operatingExpenses": 139803000, "costAndExpenses": 296437000, "interestIncome": 1741000, "interestExpense": 12133000, "depreciationAndAmortization": 27067000, "ebitda": 69609000, "ebitdaratio": 0.1900535139, "operatingIncome": 42542000, "operatingIncomeRatio": 0.11615246, "totalOtherIncomeExpensesNet": 16675000, "incomeBeforeTax": 59217000, "incomeBeforeTaxRatio": 0.1616802272, "incomeTaxExpense": -709000, "netIncome": 59926000, "netIncomeRatio": 0.1636160105, "eps": 1.14, "epsdiluted": 1.11, "weightedAverageShsOut": 52554000, "weightedAverageShsOutDil": 53892000, "link": "https://www.sec.gov/Archives/edgar/data/730272/000119312521054675/0001193125-21-054675-index.htm", "finalLink": "https://www.sec.gov/Archives/edgar/data/730272/000119312521054675/d105808d10k.htm", "calculatedOtherExpenses": 27281000, "calculatedOperatingExpenses": 167084000, "calculatedNetInterest": -10392000, "calculatedOtherIncome": 27067000, "calculatedIncomeNonControlling": 0, "calculatedEbitda": 69609000}, {"date": "2019-12-31", "symbol": "RGEN", "reportedCurrency": "USD", "cik": "0000730272", "fillingDate": "2020-02-26", "acceptedDate": "2020-02-26 16:40:08", "calendarYear": "2019", "period": "FY", "revenue": 270245000, "costOfRevenue": 119099000, "grossProfit": 151146000, "grossProfitRatio": 0.5592924938, "researchAndDevelopmentExpenses": 19450000, "generalAndAdministrativeExpenses": 0, "sellingAndMarketingExpenses": 0, "sellingGeneralAndAdministrativeExpenses": 95613000, "otherExpenses": -314000, "operatingExpenses": 115063000, "costAndExpenses": 234162000, "interestIncome": 5324000, "interestExpense": 9292000, "depreciationAndAmortization": 20868000, "ebitda": 35769000, "ebitdaratio": 0.1323576754, "operatingIncome": 14901000, "operatingIncomeRatio": 0.0551388555, "totalOtherIncomeExpensesNet": 11250000, "incomeBeforeTax": 26151000, "incomeBeforeTaxRatio": 0.0967677478, "incomeTaxExpense": 4740000, "netIncome": 21411000, "netIncomeRatio": 0.0792281078, "eps": 0.44, "epsdiluted": 0.44, "weightedAverageShsOut": 48343000, "weightedAverageShsOutDil": 49206000, "link": "https://www.sec.gov/Archives/edgar/data/730272/000119312520050136/0001193125-20-050136-index.htm", "finalLink": "https://www.sec.gov/Archives/edgar/data/730272/000119312520050136/d862842d10k.htm", "calculatedOtherExpenses": 21182000, "calculatedOperatingExpenses": 136245000, "calculatedNetInterest": -3968000, "calculatedOtherIncome": 15218000, "calculatedIncomeNonControlling": 0, "calculatedEbitda": 35769000}, {"date": "2018-12-31", "symbol": "RGEN", "reportedCurrency": "USD", "cik": "0000730272", "fillingDate": "2019-03-01", "acceptedDate": "2019-03-01 15:23:08", "calendarYear": "2018", "period": "FY", "revenue": 194032000, "costOfRevenue": 85953000, "grossProfit": 108079000, "grossProfitRatio": 0.5570163684, "researchAndDevelopmentExpenses": 15768000, "generalAndAdministrativeExpenses": 65692000, "sellingAndMarketingExpenses": 631000, "sellingGeneralAndAdministrativeExpenses": 66323000, "otherExpenses": 262000, "operatingExpenses": 82091000, "costAndExpenses": 168044000, "interestIncome": 0, "interestExpense": 6709000, "depreciationAndAmortization": 15778000, "ebitda": 26250000, "ebitdaratio": 0.135286963, "operatingIncome": 25988000, "operatingIncomeRatio": 0.1339366702, "totalOtherIncomeExpensesNet": 2157000, "incomeBeforeTax": 21436000, "incomeBeforeTaxRatio": 0.1104766224, "incomeTaxExpense": 4819000, "netIncome": 16617000, "netIncomeRatio": 0.0856405129, "eps": 0.38, "epsdiluted": 0.37, "weightedAverageShsOut": 43767000, "weightedAverageShsOutDil": 45471000, "link": "https://www.sec.gov/Archives/edgar/data/730272/000119312519060645/0001193125-19-060645-index.htm", "finalLink": "https://www.sec.gov/Archives/edgar/data/730272/000119312519060645/d682580d10k.htm", "calculatedOtherExpenses": 0, "calculatedOperatingExpenses": 82091000, "calculatedNetInterest": -6709000, "calculatedOtherIncome": 2157000, "calculatedIncomeNonControlling": 0, "calculatedEbitda": 41766000}, {"date": "2017-12-31", "symbol": "RGEN", "reportedCurrency": "USD", "cik": "0000730272", "fillingDate": "2018-02-22", "acceptedDate": "2018-02-22 17:07:14", "calendarYear": "2017", "period": "FY", "revenue": 141236000, "costOfRevenue": 67050000, "grossProfit": 74186000, "grossProfitRatio": 0.5252626809, "researchAndDevelopmentExpenses": 8672000, "generalAndAdministrativeExpenses": 51509000, "sellingAndMarketingExpenses": 0, "sellingGeneralAndAdministrativeExpenses": 51509000, "otherExpenses": -687000, "operatingExpenses": 60181000, "costAndExpenses": 127231000, "interestIncome": 0, "interestExpense": 6441000, "depreciationAndAmortization": 10507000, "ebitda": 13318000, "ebitdaratio": 0.0942960718, "operatingIncome": 14005000, "operatingIncomeRatio": 0.0991602708, "totalOtherIncomeExpensesNet": -316000, "incomeBeforeTax": 7248000, "incomeBeforeTaxRatio": 0.0513183608, "incomeTaxExpense": -21105000, "netIncome": 28353000, "netIncomeRatio": 0.2007491008, "eps": 0.74, "epsdiluted": 0.72, "weightedAverageShsOut": 38234000, "weightedAverageShsOutDil": 39150000, "link": "https://www.sec.gov/Archives/edgar/data/730272/000119312518054262/0001193125-18-054262-index.htm", "finalLink": "https://www.sec.gov/Archives/edgar/data/730272/000119312518054262/d516591d10k.htm", "calculatedOtherExpenses": 0, "calculatedOperatingExpenses": 60181000, "calculatedNetInterest": -6441000, "calculatedOtherIncome": -316000, "calculatedIncomeNonControlling": 0, "calculatedEbitda": 24512000}, {"date": "2016-12-31", "symbol": "RGEN", "reportedCurrency": "USD", "cik": "0000730272", "fillingDate": "2017-02-23", "acceptedDate": "2017-02-23 17:30:19", "calendarYear": "2016", "period": "FY", "revenue": 104541000, "costOfRevenue": 47117000, "grossProfit": 57424000, "grossProfitRatio": 0.5492964483, "researchAndDevelopmentExpenses": 7355000, "generalAndAdministrativeExpenses": 30853000, "sellingAndMarketingExpenses": 0, "sellingGeneralAndAdministrativeExpenses": 30853000, "otherExpenses": -860000, "operatingExpenses": 38208000, "costAndExpenses": 85325000, "interestIncome": 0, "interestExpense": 3768000, "depreciationAndAmortization": 5334000, "ebitda": 18356000, "ebitdaratio": 0.175586612, "operatingIncome": 15974000, "operatingIncomeRatio": 0.1528012933, "totalOtherIncomeExpensesNet": -3756000, "incomeBeforeTax": 11692000, "incomeBeforeTaxRatio": 0.1118412872, "incomeTaxExpense": 11000, "netIncome": 11681000, "netIncomeRatio": 0.1117360653, "eps": 0.35, "epsdiluted": 0.34, "weightedAverageShsOut": 33573000, "weightedAverageShsOutDil": 34099000, "link": "https://www.sec.gov/Archives/edgar/data/730272/000119312517054220/0001193125-17-054220-index.htm", "finalLink": "https://www.sec.gov/Archives/edgar/data/730272/000119312517054220/d319578d10k.htm", "calculatedOtherExpenses": 3242000, "calculatedOperatingExpenses": 41450000, "calculatedNetInterest": -3768000, "calculatedOtherIncome": -514000, "calculatedIncomeNonControlling": 0, "calculatedEbitda": 21308000}, {"date": "2015-12-31", "symbol": "RGEN", "reportedCurrency": "USD", "cik": "0000730272", "fillingDate": "2016-02-25", "acceptedDate": "2016-02-25 17:01:32", "calendarYear": "2015", "period": "FY", "revenue": 83537000, "costOfRevenue": 35251000, "grossProfit": 48286000, "grossProfitRatio": 0.5780193208, "researchAndDevelopmentExpenses": 5740000, "generalAndAdministrativeExpenses": 24699000, "sellingAndMarketingExpenses": 0, "sellingGeneralAndAdministrativeExpenses": 24699000, "otherExpenses": -445000, "operatingExpenses": 30439000, "costAndExpenses": 65690000, "interestIncome": 0, "interestExpense": 32000, "depreciationAndAmortization": 4594000, "ebitda": 17402000, "ebitdaratio": 0.2083148784, "operatingIncome": 13764000, "operatingIncomeRatio": 0.1647653136, "totalOtherIncomeExpensesNet": -4392000, "incomeBeforeTax": 13423000, "incomeBeforeTaxRatio": 0.16068329, "incomeTaxExpense": 4078000, "netIncome": 9345000, "netIncomeRatio": 0.111866598, "eps": 0.28, "epsdiluted": 0.28, "weightedAverageShsOut": 32881940, "weightedAverageShsOutDil": 33577091, "link": "https://www.sec.gov/Archives/edgar/data/730272/000119312516478518/0001193125-16-478518-index.htm", "finalLink": "https://www.sec.gov/Archives/edgar/data/730272/000119312516478518/d115476d10k.htm", "calculatedOtherExpenses": 4083000, "calculatedOperatingExpenses": 34522000, "calculatedNetInterest": -32000, "calculatedOtherIncome": -309000, "calculatedIncomeNonControlling": 0, "calculatedEbitda": 18358000}, {"date": "2014-12-31", "symbol": "RGEN", "reportedCurrency": "USD", "cik": "0000730272", "fillingDate": "2015-03-17", "acceptedDate": "2015-03-17 17:19:09", "calendarYear": "2014", "period": "FY", "revenue": 63548349, "costOfRevenue": 28022034, "grossProfit": 35526315, "grossProfitRatio": 0.5590438707, "researchAndDevelopmentExpenses": 5608693, "generalAndAdministrativeExpenses": 17154555, "sellingAndMarketingExpenses": 0, "sellingGeneralAndAdministrativeExpenses": 17154555, "otherExpenses": 188000, "operatingExpenses": 22763248, "costAndExpenses": 50785282, "interestIncome": 0, "interestExpense": 49957, "depreciationAndAmortization": 4019387, "ebitda": 12951067, "ebitdaratio": 0.2037986384, "operatingIncome": 10691073, "operatingIncomeRatio": 0.1682352597, "totalOtherIncomeExpensesNet": -1574527, "incomeBeforeTax": 11138583, "incomeBeforeTaxRatio": 0.1752772995, "incomeTaxExpense": 2968369, "netIncome": 8170214, "netIncomeRatio": 0.1285668964, "eps": 0.25, "epsdiluted": 0.25, "weightedAverageShsOut": 32497657, "weightedAverageShsOutDil": 33263667, "link": "https://www.sec.gov/Archives/edgar/data/730272/000119312515095569/0001193125-15-095569-index.htm", "finalLink": "https://www.sec.gov/Archives/edgar/data/730272/000119312515095569/d854858d10k.htm", "calculatedOtherExpenses": 2071994, "calculatedOperatingExpenses": 24835242, "calculatedNetInterest": -49957, "calculatedOtherIncome": 497467, "calculatedIncomeNonControlling": 0, "calculatedEbitda": 14710460}, {"date": "2013-12-31", "symbol": "RGEN", "reportedCurrency": "USD", "cik": "0000730272", "fillingDate": "2014-03-14", "acceptedDate": "2014-03-14 11:50:29", "calendarYear": "2013", "period": "FY", "revenue": 68169623, "costOfRevenue": 25163299, "grossProfit": 43006324, "grossProfitRatio": 0.6308722582, "researchAndDevelopmentExpenses": 7340698, "generalAndAdministrativeExpenses": 12701195, "sellingAndMarketingExpenses": 0, "sellingGeneralAndAdministrativeExpenses": 12701195, "otherExpenses": -110648, "operatingExpenses": 20041893, "costAndExpenses": 45205192, "interestIncome": -49849, "interestExpense": 49849, "depreciationAndAmortization": 3113892, "ebitda": 22853783, "ebitdaratio": 0.3352487808, "operatingIncome": 22873240, "operatingIncomeRatio": 0.3355342012, "totalOtherIncomeExpensesNet": 99239, "incomeBeforeTax": 23013821, "incomeBeforeTaxRatio": 0.3375964247, "incomeTaxExpense": 6920666, "netIncome": 16093155, "netIncomeRatio": 0.236075165, "eps": 0.51, "epsdiluted": 0.5, "weightedAverageShsOut": 31667015, "weightedAverageShsOutDil": 32406641, "link": "https://www.sec.gov/Archives/edgar/data/730272/000119312514099241/0001193125-14-099241-index.htm", "finalLink": "https://www.sec.gov/Archives/edgar/data/730272/000119312514099241/d644889d10k.htm", "calculatedOtherExpenses": 91191, "calculatedOperatingExpenses": 20133084, "calculatedNetInterest": -99698, "calculatedOtherIncome": 240279, "calculatedIncomeNonControlling": 0, "calculatedEbitda": 25987132}, {"date": "2012-12-31", "symbol": "RGEN", "reportedCurrency": "USD", "cik": "0000730272", "fillingDate": "2013-03-15", "acceptedDate": "2013-03-15 10:15:56", "calendarYear": "2012", "period": "FY", "revenue": 62266536, "costOfRevenue": 27170247, "grossProfit": 35096289, "grossProfitRatio": 0.5636460811, "researchAndDevelopmentExpenses": 10489811, "generalAndAdministrativeExpenses": 0, "sellingAndMarketingExpenses": 0, "sellingGeneralAndAdministrativeExpenses": 13226732, "otherExpenses": 26403, "operatingExpenses": 23716543, "costAndExpenses": 50886790, "interestIncome": 0, "interestExpense": 56714, "depreciationAndAmortization": 3508592, "ebitda": 11406149, "ebitdaratio": 0.1831826489, "operatingIncome": 11083113, "operatingIncomeRatio": 0.1779946937, "totalOtherIncomeExpensesNet": -51626, "incomeBeforeTax": 11271406, "incomeBeforeTaxRatio": 0.1810186775, "incomeTaxExpense": -2884631, "netIncome": 14156037, "netIncomeRatio": 0.2273458251, "eps": 0.46, "epsdiluted": 0.45, "weightedAverageShsOut": 30914424, "weightedAverageShsOutDil": 31253434, "link": "https://www.sec.gov/Archives/edgar/data/730272/000119312513109050/0001193125-13-109050-index.htm", "finalLink": "https://www.sec.gov/Archives/edgar/data/730272/000119312513109050/d453782d10k.htm", "calculatedOtherExpenses": 296633, "calculatedOperatingExpenses": 24013176, "calculatedNetInterest": -56714, "calculatedOtherIncome": 245007, "calculatedIncomeNonControlling": 0, "calculatedEbitda": 14591705}, {"date": "2011-03-31", "symbol": "RGEN", "reportedCurrency": "USD", "cik": "0000730272", "fillingDate": "2011-06-09", "acceptedDate": "2011-06-09 15:25:14", "calendarYear": "2011", "period": "FY", "revenue": 27291024, "costOfRevenue": 7117425, "grossProfit": 20173599, "grossProfitRatio": 0.7392027137, "researchAndDevelopmentExpenses": 12528819, "generalAndAdministrativeExpenses": 8018851, "sellingAndMarketingExpenses": 0, "sellingGeneralAndAdministrativeExpenses": 8018851, "otherExpenses": 1537666000, "operatingExpenses": 20547670, "costAndExpenses": 27665095, "interestIncome": 0, "interestExpense": 26167, "depreciationAndAmortization": 1674528, "ebitda": 1300457, "ebitdaratio": 0.0476514549, "operatingIncome": -374071, "operatingIncomeRatio": -0.0137067411, "totalOtherIncomeExpensesNet": 356729, "incomeBeforeTax": -43509, "incomeBeforeTaxRatio": -0.0015942604, "incomeTaxExpense": -330562, "netIncome": -43509, "netIncomeRatio": -0.0015942604, "eps": -0.0014, "epsdiluted": -0.0014, "weightedAverageShsOut": 30781881, "weightedAverageShsOutDil": 30781881, "link": "https://www.sec.gov/Archives/edgar/data/730272/000119312511161972/0001193125-11-161972-index.htm", "finalLink": "https://www.sec.gov/Archives/edgar/data/730272/000119312511161972/d10k.htm", "calculatedOtherExpenses": 0, "calculatedOperatingExpenses": 20547670, "calculatedNetInterest": -26167, "calculatedOtherIncome": 356729, "calculatedIncomeNonControlling": 330562, "calculatedEbitda": 1300457}, {"date": "2010-03-31", "symbol": "RGEN", "reportedCurrency": "USD", "cik": "0000730272", "fillingDate": "2010-06-10", "acceptedDate": "2010-06-10 13:06:37", "calendarYear": "2010", "period": "FY", "revenue": 20971069, "costOfRevenue": 5506170, "grossProfit": 15464899, "grossProfitRatio": 0.737439708, "researchAndDevelopmentExpenses": 14159721, "generalAndAdministrativeExpenses": 7071859, "sellingAndMarketingExpenses": 0, "sellingGeneralAndAdministrativeExpenses": 7071859, "otherExpenses": 1347000, "operatingExpenses": 21231580, "costAndExpenses": 26737750, "interestIncome": 0, "interestExpense": 1972, "depreciationAndAmortization": 1378999, "ebitda": -4387682, "ebitdaratio": -0.2092254811, "operatingIncome": -5766681, "operatingIncomeRatio": -0.2749826916, "totalOtherIncomeExpensesNet": 870043, "incomeBeforeTax": -4898610, "incomeBeforeTaxRatio": -0.2335889506, "incomeTaxExpense": -834766, "netIncome": -4063844, "netIncomeRatio": -0.1937833498, "eps": -0.13, "epsdiluted": -0.13, "weightedAverageShsOut": 30752041, "weightedAverageShsOutDil": 30752041, "link": "https://www.sec.gov/Archives/edgar/data/730272/000119312510136879/0001193125-10-136879-index.htm", "finalLink": "https://www.sec.gov/Archives/edgar/data/730272/000119312510136879/d10k.htm", "calculatedOtherExpenses": 0, "calculatedOperatingExpenses": 21231580, "calculatedNetInterest": -1972, "calculatedOtherIncome": 870043, "calculatedIncomeNonControlling": 0, "calculatedEbitda": -4387682}, {"date": "2009-03-31", "symbol": "RGEN", "reportedCurrency": "USD", "cik": "0000730272", "fillingDate": "2009-06-11", "acceptedDate": "2009-06-11 13:59:16", "calendarYear": "2009", "period": "FY", "revenue": 29361521, "costOfRevenue": 6776874, "grossProfit": 22584647, "grossProfitRatio": 0.7691919979, "researchAndDevelopmentExpenses": 12771573, "generalAndAdministrativeExpenses": 5933090, "sellingAndMarketingExpenses": 0, "sellingGeneralAndAdministrativeExpenses": 5933090, "otherExpenses": 1091000, "operatingExpenses": 18704663, "costAndExpenses": 25481537, "interestIncome": 0, "interestExpense": 2963, "depreciationAndAmortization": 1077347, "ebitda": 4957331, "ebitdaratio": 0.168837677, "operatingIncome": 3879984, "operatingIncomeRatio": 0.1321451978, "totalOtherIncomeExpensesNet": 1895706, "incomeBeforeTax": 5772727, "incomeBeforeTaxRatio": 0.1966085817, "incomeTaxExpense": 26699, "netIncome": 5746028, "netIncomeRatio": 0.1956992623, "eps": 0.19, "epsdiluted": 0.18, "weightedAverageShsOut": 30957957, "weightedAverageShsOutDil": 31290233, "link": "https://www.sec.gov/Archives/edgar/data/730272/000119312509129275/0001193125-09-129275-index.htm", "finalLink": "https://www.sec.gov/Archives/edgar/data/730272/000119312509129275/d10k.htm", "calculatedOtherExpenses": 0, "calculatedOperatingExpenses": 18704663, "calculatedNetInterest": -2963, "calculatedOtherIncome": 1895706, "calculatedIncomeNonControlling": 0, "calculatedEbitda": 4957331}, {"date": "2008-03-31", "symbol": "RGEN", "reportedCurrency": "USD", "cik": "0000730272", "fillingDate": "2008-06-13", "acceptedDate": "2008-06-13 17:19:02", "calendarYear": "2008", "period": "FY", "revenue": 19296281, "costOfRevenue": 6160245, "grossProfit": 13136036, "grossProfitRatio": 0.6807548045, "researchAndDevelopmentExpenses": 7240812, "generalAndAdministrativeExpenses": 10173400, "sellingAndMarketingExpenses": 0, "sellingGeneralAndAdministrativeExpenses": 10173400, "otherExpenses": -40170000, "operatingExpenses": -22755788, "costAndExpenses": -16595543, "interestIncome": 0, "interestExpense": -2042161, "depreciationAndAmortization": 824626, "ebitda": -5504808, "ebitdaratio": -0.2852781839, "operatingIncome": 35891824, "operatingIncomeRatio": 1.8600384188, "totalOtherIncomeExpensesNet": 42221258, "incomeBeforeTax": 37933985, "incomeBeforeTaxRatio": 1.9658702628, "incomeTaxExpense": 827471, "netIncome": 37106514, "netIncomeRatio": 1.9229878545, "eps": 1.2, "epsdiluted": 1.18, "weightedAverageShsOut": 30834491, "weightedAverageShsOutDil": 31320997, "link": "https://www.sec.gov/Archives/edgar/data/730272/000119312508133668/0001193125-08-133668-index.htm", "finalLink": "https://www.sec.gov/Archives/edgar/data/730272/000119312508133668/d10k.htm", "calculatedOtherExpenses": -40170000, "calculatedOperatingExpenses": -22755788, "calculatedNetInterest": 2042161, "calculatedOtherIncome": 0, "calculatedIncomeNonControlling": 0, "calculatedEbitda": 36716450}, {"date": "2007-03-31", "symbol": "RGEN", "reportedCurrency": "USD", "cik": "0000730272", "fillingDate": "2007-06-08", "acceptedDate": "2007-06-08 13:28:21", "calendarYear": "2007", "period": "FY", "revenue": 14074239, "costOfRevenue": 3614837, "grossProfit": 10459402, "grossProfitRatio": 0.7431593282, "researchAndDevelopmentExpenses": 5924439, "generalAndAdministrativeExpenses": 6360292, "sellingAndMarketingExpenses": 0, "sellingGeneralAndAdministrativeExpenses": 6360292, "otherExpenses": 0, "operatingExpenses": 12284731, "costAndExpenses": 15899568, "interestIncome": 0, "interestExpense": -889263, "depreciationAndAmortization": 539032, "ebitda": -2233844, "ebitdaratio": -0.1587186348, "operatingIncome": -1825329, "operatingIncomeRatio": -0.1296929092, "totalOtherIncomeExpensesNet": 947547, "incomeBeforeTax": -889263, "incomeBeforeTaxRatio": -0.0631837359, "incomeTaxExpense": 889263, "netIncome": -889263, "netIncomeRatio": -0.0631837359, "eps": -0.0293, "epsdiluted": -0.0293, "weightedAverageShsOut": 30379350, "weightedAverageShsOutDil": 30379350, "link": "https://www.sec.gov/Archives/edgar/data/730272/000119312507132409/0001193125-07-132409-index.htm", "finalLink": "https://www.sec.gov/Archives/edgar/data/730272/000119312507132409/d10k.htm", "calculatedOtherExpenses": 0, "calculatedOperatingExpenses": 12284731, "calculatedNetInterest": 889263, "calculatedOtherIncome": 46803, "calculatedIncomeNonControlling": -889263, "calculatedEbitda": -1286297}, {"date": "2006-03-31", "symbol": "RGEN", "reportedCurrency": "USD", "cik": "0000730272", "fillingDate": "2006-06-09", "acceptedDate": "2006-06-09 17:07:59", "calendarYear": "2006", "period": "FY", "revenue": 12911404, "costOfRevenue": 3550861, "grossProfit": 9360543, "grossProfitRatio": 0.7249825813, "researchAndDevelopmentExpenses": 5163098, "generalAndAdministrativeExpenses": 5417339, "sellingAndMarketingExpenses": 0, "sellingGeneralAndAdministrativeExpenses": 5417339, "otherExpenses": 0, "operatingExpenses": 10580437, "costAndExpenses": 14131298, "interestIncome": 0, "interestExpense": 696860, "depreciationAndAmortization": 398434, "ebitda": -1991068, "ebitdaratio": -0.1542100301, "operatingIncome": -1219894, "operatingIncomeRatio": -0.0944819014, "totalOtherIncomeExpensesNet": 1169608, "incomeBeforeTax": 696860, "incomeBeforeTaxRatio": 0.0539724417, "incomeTaxExpense": -696860, "netIncome": 696860, "netIncomeRatio": 0.0539724417, "eps": 0.02, "epsdiluted": 0.02, "weightedAverageShsOut": 30125041, "weightedAverageShsOutDil": 30690941, "link": "https://www.sec.gov/Archives/edgar/data/730272/000119312506127642/0001193125-06-127642-index.htm", "finalLink": "https://www.sec.gov/Archives/edgar/data/730272/000119312506127642/d10k.htm", "calculatedOtherExpenses": 0, "calculatedOperatingExpenses": 10580437, "calculatedNetInterest": -696860, "calculatedOtherIncome": 2613614, "calculatedIncomeNonControlling": 696860, "calculatedEbitda": -821460}, {"date": "2005-03-31", "symbol": "RGEN", "reportedCurrency": "USD", "cik": "0000730272", "fillingDate": "2005-06-14", "acceptedDate": "2005-06-14 12:22:27", "calendarYear": "2005", "period": "FY", "revenue": 9360309, "costOfRevenue": 3887802, "grossProfit": 5472507, "grossProfitRatio": 0.5846502503, "researchAndDevelopmentExpenses": 5036766, "generalAndAdministrativeExpenses": 4597085, "sellingAndMarketingExpenses": 0, "sellingGeneralAndAdministrativeExpenses": 4597085, "otherExpenses": 0, "operatingExpenses": 9633851, "costAndExpenses": 13521653, "interestIncome": 0, "interestExpense": -2983574, "depreciationAndAmortization": 756258, "ebitda": -4582856, "ebitdaratio": -0.4896052043, "operatingIncome": -4161344, "operatingIncomeRatio": -0.4445733576, "totalOtherIncomeExpensesNet": 1177770, "incomeBeforeTax": -2983574, "incomeBeforeTaxRatio": -0.3187473832, "incomeTaxExpense": 2983574, "netIncome": -2983574, "netIncomeRatio": -0.3187473832, "eps": -0.0992, "epsdiluted": -0.0992, "weightedAverageShsOut": 30061812, "weightedAverageShsOutDil": 30061812, "link": "https://www.sec.gov/Archives/edgar/data/730272/000119312505124977/0001193125-05-124977-index.htm", "finalLink": "https://www.sec.gov/Archives/edgar/data/730272/000119312505124977/d10k.htm", "calculatedOtherExpenses": 0, "calculatedOperatingExpenses": 9633851, "calculatedNetInterest": 2983574, "calculatedOtherIncome": -1805804, "calculatedIncomeNonControlling": -2983574, "calculatedEbitda": -3405086}, {"date": "2004-03-31", "symbol": "RGEN", "reportedCurrency": "USD", "cik": "0000730272", "fillingDate": "2004-06-14", "acceptedDate": "2004-06-14 14:44:18", "calendarYear": "2004", "period": "FY", "revenue": 6914341, "costOfRevenue": 3248377, "grossProfit": 3665964, "grossProfitRatio": 0.5301971656, "researchAndDevelopmentExpenses": 6483925, "generalAndAdministrativeExpenses": 0, "sellingAndMarketingExpenses": 0, "sellingGeneralAndAdministrativeExpenses": 4709703, "otherExpenses": 2413244, "operatingExpenses": 13606872, "costAndExpenses": 16855249, "interestIncome": 0, "interestExpense": -9550860, "depreciationAndAmortization": 886705, "ebitda": -7031007, "ebitdaratio": -1.0168730469, "operatingIncome": -9940908, "operatingIncomeRatio": -1.4377231323, "totalOtherIncomeExpensesNet": -2023196, "incomeBeforeTax": -9550860, "incomeBeforeTaxRatio": -1.3813116825, "incomeTaxExpense": 9550860, "netIncome": -9550860, "netIncomeRatio": -1.3813116825, "eps": -0.32, "epsdiluted": -0.32, "weightedAverageShsOut": 29686000, "weightedAverageShsOutDil": 29686000, "link": "https://www.sec.gov/Archives/edgar/data/730272/000116923204003330/0001169232-04-003330-index.htm", "finalLink": "https://www.sec.gov/Archives/edgar/data/730272/000116923204003330/d59904_10-k.txt", "calculatedOtherExpenses": 2413244, "calculatedOperatingExpenses": 13606872, "calculatedNetInterest": 9550860, "calculatedOtherIncome": -9160812, "calculatedIncomeNonControlling": -9550860, "calculatedEbitda": -9054203}, {"date": "2003-03-31", "symbol": "RGEN", "reportedCurrency": "USD", "cik": "0000730272", "fillingDate": "2003-06-27", "acceptedDate": "2003-06-27 15:43:12", "calendarYear": "2003", "period": "FY", "revenue": 7771781, "costOfRevenue": 3480441, "grossProfit": 4291340, "grossProfitRatio": 0.5521694448, "researchAndDevelopmentExpenses": 5226524, "generalAndAdministrativeExpenses": 0, "sellingAndMarketingExpenses": 0, "sellingGeneralAndAdministrativeExpenses": 4159220, "otherExpenses": 0, "operatingExpenses": 9385744, "costAndExpenses": 12866185, "interestIncome": 0, "interestExpense": -4537072, "depreciationAndAmortization": 802228, "ebitda": -4849508, "ebitdaratio": -0.6239892761, "operatingIncome": -5094404, "operatingIncomeRatio": -0.6555002, "totalOtherIncomeExpensesNet": 557332, "incomeBeforeTax": -4537072, "incomeBeforeTaxRatio": -0.5837879374, "incomeTaxExpense": 4537072, "netIncome": -4537072, "netIncomeRatio": -0.5837879374, "eps": -0.17, "epsdiluted": -0.17, "weightedAverageShsOut": 26812981, "weightedAverageShsOutDil": 26812981, "link": "https://www.sec.gov/Archives/edgar/data/730272/000116923203004385/0001169232-03-004385-index.htm", "finalLink": "https://www.sec.gov/Archives/edgar/data/730272/000116923203004385/d56127_10-k.txt", "calculatedOtherExpenses": 0, "calculatedOperatingExpenses": 9385744, "calculatedNetInterest": 4537072, "calculatedOtherIncome": -3979740, "calculatedIncomeNonControlling": -4537072, "calculatedEbitda": -4292176}, {"date": "2002-03-31", "symbol": "RGEN", "reportedCurrency": "USD", "cik": "0000730272", "fillingDate": "2002-05-24", "acceptedDate": "2002-05-24 16:09:20", "calendarYear": "2002", "period": "FY", "revenue": 4301565, "costOfRevenue": 1992734, "grossProfit": 2308831, "grossProfitRatio": 0.5367420927, "researchAndDevelopmentExpenses": 5360720, "generalAndAdministrativeExpenses": 0, "sellingAndMarketingExpenses": 0, "sellingGeneralAndAdministrativeExpenses": 2525827, "otherExpenses": 0, "operatingExpenses": 7886547, "costAndExpenses": 9879281, "interestIncome": 0, "interestExpense": -4460617, "depreciationAndAmortization": 257537, "ebitda": -6437278, "ebitdaratio": -1.4964967401, "operatingIncome": -5577716, "operatingIncomeRatio": -1.2966713278, "totalOtherIncomeExpensesNet": 1117099, "incomeBeforeTax": -4460617, "incomeBeforeTaxRatio": -1.0369753799, "incomeTaxExpense": 4460617, "netIncome": -4460617, "netIncomeRatio": -1.0369753799, "eps": -0.17, "epsdiluted": -0.17, "weightedAverageShsOut": 26639525, "weightedAverageShsOutDil": 26639525, "link": "https://www.sec.gov/Archives/edgar/data/730272/000089155402003661/0000891554-02-003661-index.htm", "finalLink": "https://www.sec.gov/Archives/edgar/data/730272/000089155402003661/d50741_10-k.txt", "calculatedOtherExpenses": 0, "calculatedOperatingExpenses": 7886547, "calculatedNetInterest": 4460617, "calculatedOtherIncome": -3343518, "calculatedIncomeNonControlling": -4460617, "calculatedEbitda": -5320179}, {"date": "2001-03-31", "symbol": "RGEN", "reportedCurrency": "USD", "cik": "0000730272", "fillingDate": "2001-06-29", "acceptedDate": "2001-06-29 00:00:00", "calendarYear": "2001", "period": "FY", "revenue": 2346698, "costOfRevenue": 1122997, "grossProfit": 1223701, "grossProfitRatio": 0.5214565317, "researchAndDevelopmentExpenses": 5786392, "generalAndAdministrativeExpenses": 0, "sellingAndMarketingExpenses": 0, "sellingGeneralAndAdministrativeExpenses": 2493014, "otherExpenses": 276852, "operatingExpenses": 8556258, "costAndExpenses": 9679255, "interestIncome": 0, "interestExpense": -5278867, "depreciationAndAmortization": 276852, "ebitda": -9109395, "ebitdaratio": -3.8817926295, "operatingIncome": -7332557, "operatingIncomeRatio": -3.1246274553, "totalOtherIncomeExpensesNet": 2053690, "incomeBeforeTax": -5278867, "incomeBeforeTaxRatio": -2.2494871517, "incomeTaxExpense": 5278867, "netIncome": -5278867, "netIncomeRatio": -2.2494871517, "eps": -0.2, "epsdiluted": -0.2, "weightedAverageShsOut": 26547238, "weightedAverageShsOutDil": 26547238, "link": "https://www.sec.gov/Archives/edgar/data/730272/000089155401503269/0000891554-01-503269-index.htm", "finalLink": "https://www.sec.gov/Archives/edgar/data/730272/000089155401503269/d26103_10-k.txt", "calculatedOtherExpenses": 276852, "calculatedOperatingExpenses": 8556258, "calculatedNetInterest": 5278867, "calculatedOtherIncome": -3225177, "calculatedIncomeNonControlling": -5278867, "calculatedEbitda": -7055705}, {"date": "2000-03-31", "symbol": "RGEN", "reportedCurrency": "USD", "cik": "0000730272", "fillingDate": "2000-06-23", "acceptedDate": "2000-06-23 00:00:00", "calendarYear": "2000", "period": "FY", "revenue": 3450596, "costOfRevenue": 782233, "grossProfit": 2668363, "grossProfitRatio": 0.7733049595, "researchAndDevelopmentExpenses": 3753908, "generalAndAdministrativeExpenses": 0, "sellingAndMarketingExpenses": 0, "sellingGeneralAndAdministrativeExpenses": 2480398, "otherExpenses": 324409, "operatingExpenses": 6558715, "costAndExpenses": 7340948, "interestIncome": 0, "interestExpense": -3816383, "depreciationAndAmortization": 324409, "ebitda": -3639912, "ebitdaratio": -1.0548647248, "operatingIncome": -3890352, "operatingIncomeRatio": -1.1274434909, "totalOtherIncomeExpensesNet": 73969, "incomeBeforeTax": -3816383, "incomeBeforeTaxRatio": -1.1060069043, "incomeTaxExpense": 3816383, "netIncome": -3816383, "netIncomeRatio": -1.1060069043, "eps": -0.18, "epsdiluted": -0.18, "weightedAverageShsOut": 21537584, "weightedAverageShsOutDil": 21537584, "link": "https://www.sec.gov/Archives/edgar/data/730272/000091205700029560/0000912057-00-029560-index.htm", "finalLink": "https://www.sec.gov/Archives/edgar/data/730272/000091205700029560/a10-k.txt", "calculatedOtherExpenses": 324409, "calculatedOperatingExpenses": 6558715, "calculatedNetInterest": 3816383, "calculatedOtherIncome": -3742414, "calculatedIncomeNonControlling": -3816383, "calculatedEbitda": -3565943}, {"date": "1999-03-31", "symbol": "RGEN", "reportedCurrency": "USD", "cik": "0000730272", "fillingDate": "1999-06-29", "acceptedDate": "1999-06-29 00:00:00", "calendarYear": "1999", "period": "FY", "revenue": 2600000, "costOfRevenue": 400000, "grossProfit": 2200000, "grossProfitRatio": 0.8461538462, "researchAndDevelopmentExpenses": 1800000, "generalAndAdministrativeExpenses": 0, "sellingAndMarketingExpenses": 0, "sellingGeneralAndAdministrativeExpenses": 1600000, "otherExpenses": 300000, "operatingExpenses": 3700000, "costAndExpenses": 4100000, "interestIncome": 0, "interestExpense": -2500000, "depreciationAndAmortization": 300000, "ebitda": -200000, "ebitdaratio": -0.0769230769, "operatingIncome": -1500000, "operatingIncomeRatio": -0.5769230769, "totalOtherIncomeExpensesNet": -1000000, "incomeBeforeTax": -2500000, "incomeBeforeTaxRatio": -0.9615384615, "incomeTaxExpense": 2500000, "netIncome": -2500000, "netIncomeRatio": -0.9615384615, "eps": -0.14, "epsdiluted": -0.14, "weightedAverageShsOut": 18017650, "weightedAverageShsOutDil": 18017650, "link": "https://www.sec.gov/Archives/edgar/data/730272/000104746999025861/0001047469-99-025861-index.html", "finalLink": "https://www.sec.gov/Archives/edgar/data/730272/000104746999025861/", "calculatedOtherExpenses": 300000, "calculatedOperatingExpenses": 3700000, "calculatedNetInterest": 2500000, "calculatedOtherIncome": -3500000, "calculatedIncomeNonControlling": -2500000, "calculatedEbitda": -1200000}, {"date": "1998-03-31", "symbol": "RGEN", "reportedCurrency": "USD", "cik": "0000730272", "fillingDate": "1998-06-26", "acceptedDate": "1998-06-26 00:00:00", "calendarYear": "1998", "period": "FY", "revenue": 2400000, "costOfRevenue": 300000, "grossProfit": 2100000, "grossProfitRatio": 0.875, "researchAndDevelopmentExpenses": 1400000, "generalAndAdministrativeExpenses": 0, "sellingAndMarketingExpenses": 0, "sellingGeneralAndAdministrativeExpenses": 1300000, "otherExpenses": 200000, "operatingExpenses": 2900000, "costAndExpenses": 3200000, "interestIncome": 0, "interestExpense": -800000, "depreciationAndAmortization": 200000, "ebitda": -600000, "ebitdaratio": -0.25, "operatingIncome": -800000, "operatingIncomeRatio": -0.3333333333, "totalOtherIncomeExpensesNet": 0, "incomeBeforeTax": -800000, "incomeBeforeTaxRatio": -0.3333333333, "incomeTaxExpense": 800000, "netIncome": -800000, "netIncomeRatio": -0.3333333333, "eps": -0.0485, "epsdiluted": -0.0485, "weightedAverageShsOut": 16501785, "weightedAverageShsOutDil": 16501785, "link": "https://www.sec.gov/Archives/edgar/data/730272/000104746998025477/0001047469-98-025477-index.html", "finalLink": "https://www.sec.gov/Archives/edgar/data/730272/", "calculatedOtherExpenses": 200000, "calculatedOperatingExpenses": 2900000, "calculatedNetInterest": 800000, "calculatedOtherIncome": -800000, "calculatedIncomeNonControlling": -800000, "calculatedEbitda": -600000}, {"date": "1997-03-31", "symbol": "RGEN", "reportedCurrency": "USD", "cik": "0000730272", "fillingDate": "1997-06-02", "acceptedDate": "1997-06-02 00:00:00", "calendarYear": "1997", "period": "FY", "revenue": 3800000, "costOfRevenue": 300000, "grossProfit": 3500000, "grossProfitRatio": 0.9210526316, "researchAndDevelopmentExpenses": 1400000, "generalAndAdministrativeExpenses": 0, "sellingAndMarketingExpenses": 0, "sellingGeneralAndAdministrativeExpenses": 2400000, "otherExpenses": 200000, "operatingExpenses": 4000000, "costAndExpenses": 4300000, "interestIncome": 0, "interestExpense": -500000, "depreciationAndAmortization": 200000, "ebitda": -400000, "ebitdaratio": -0.1052631579, "operatingIncome": -500000, "operatingIncomeRatio": -0.1315789474, "totalOtherIncomeExpensesNet": 100000, "incomeBeforeTax": -500000, "incomeBeforeTaxRatio": -0.1315789474, "incomeTaxExpense": 500000, "netIncome": -500000, "netIncomeRatio": -0.1315789474, "eps": -0.03, "epsdiluted": -0.03, "weightedAverageShsOut": 16666667, "weightedAverageShsOutDil": 16666667, "link": "https://www.sec.gov/Archives/edgar/data/730272/000095014697000879/0000950146-97-000879-index.html", "finalLink": "https://www.sec.gov/Archives/edgar/data/730272/", "calculatedOtherExpenses": 200000, "calculatedOperatingExpenses": 4000000, "calculatedNetInterest": 500000, "calculatedOtherIncome": -500000, "calculatedIncomeNonControlling": -500000, "calculatedEbitda": -300000}, {"date": "1996-03-31", "symbol": "RGEN", "reportedCurrency": "USD", "cik": "0000730272", "fillingDate": "1996-06-27", "acceptedDate": "1996-06-27 00:00:00", "calendarYear": "1996", "period": "FY", "revenue": 10900000, "costOfRevenue": 100000, "grossProfit": 10800000, "grossProfitRatio": 0.9908256881, "researchAndDevelopmentExpenses": 12300000, "generalAndAdministrativeExpenses": 0, "sellingAndMarketingExpenses": 0, "sellingGeneralAndAdministrativeExpenses": 4900000, "otherExpenses": 1400000, "operatingExpenses": 18600000, "costAndExpenses": 18700000, "interestIncome": 0, "interestExpense": -11500000, "depreciationAndAmortization": 1400000, "ebitda": -2800000, "ebitdaratio": -0.2568807339, "operatingIncome": -7800000, "operatingIncomeRatio": -0.7155963303, "totalOtherIncomeExpensesNet": -3600000, "incomeBeforeTax": -11500000, "incomeBeforeTaxRatio": -1.0550458716, "incomeTaxExpense": 11500000, "netIncome": -11500000, "netIncomeRatio": -1.0550458716, "eps": -0.75, "epsdiluted": -0.74, "weightedAverageShsOut": 15370252, "weightedAverageShsOutDil": 15526316, "link": "https://www.sec.gov/Archives/edgar/data/730272/000095014696001052/0000950146-96-001052-index.html", "finalLink": "https://www.sec.gov/Archives/edgar/data/730272/", "calculatedOtherExpenses": 1400000, "calculatedOperatingExpenses": 18600000, "calculatedNetInterest": 11500000, "calculatedOtherIncome": -15200000, "calculatedIncomeNonControlling": -11500000, "calculatedEbitda": -6400000}, {"date": "1995-03-31", "symbol": "RGEN", "reportedCurrency": "USD", "cik": "0000730272", "fillingDate": "1995-07-17", "acceptedDate": "1995-07-17 00:00:00", "calendarYear": "1995", "period": "FY", "revenue": 16900000, "costOfRevenue": -1100000, "grossProfit": 18000000, "grossProfitRatio": 1.0650887574, "researchAndDevelopmentExpenses": 31000000, "generalAndAdministrativeExpenses": 0, "sellingAndMarketingExpenses": 0, "sellingGeneralAndAdministrativeExpenses": 4700000, "otherExpenses": 2600000, "operatingExpenses": 38300000, "costAndExpenses": 37200000, "interestIncome": 0, "interestExpense": -32000000, "depreciationAndAmortization": 2600000, "ebitda": -6400000, "ebitdaratio": -0.3786982249, "operatingIncome": -20300000, "operatingIncomeRatio": -1.201183432, "totalOtherIncomeExpensesNet": -11300000, "incomeBeforeTax": -32000000, "incomeBeforeTaxRatio": -1.8934911243, "incomeTaxExpense": 32000000, "netIncome": -32000000, "netIncomeRatio": -1.8934911243, "eps": -2.08, "epsdiluted": -2.08, "weightedAverageShsOut": 15356136, "weightedAverageShsOutDil": 15356136, "link": "https://www.sec.gov/Archives/edgar/data/730272/000095013895000166/0000950138-95-000166-index.html", "finalLink": "https://www.sec.gov/Archives/edgar/data/730272/", "calculatedOtherExpenses": 2600000, "calculatedOperatingExpenses": 38300000, "calculatedNetInterest": 32000000, "calculatedOtherIncome": -43700000, "calculatedIncomeNonControlling": -32000000, "calculatedEbitda": -17700000}, {"date": "1994-03-31", "symbol": "RGEN", "reportedCurrency": "USD", "cik": "0000730272", "fillingDate": "1994-03-31", "acceptedDate": "1994-03-31 00:00:00", "calendarYear": "1994", "period": "FY", "revenue": 26800000, "costOfRevenue": 1500000, "grossProfit": 25300000, "grossProfitRatio": 0.9440298507, "researchAndDevelopmentExpenses": 0, "generalAndAdministrativeExpenses": 0, "sellingAndMarketingExpenses": 0, "sellingGeneralAndAdministrativeExpenses": 42100000, "otherExpenses": 2400000, "operatingExpenses": 44500000, "costAndExpenses": 46000000, "interestIncome": 0, "interestExpense": -19500000, "depreciationAndAmortization": 2400000, "ebitda": -16800000, "ebitdaratio": -0.6268656716, "operatingIncome": -19200000, "operatingIncomeRatio": -0.7164179104, "totalOtherIncomeExpensesNet": -300000, "incomeBeforeTax": -19500000, "incomeBeforeTaxRatio": -0.7276119403, "incomeTaxExpense": 19500000, "netIncome": -19500000, "netIncomeRatio": -0.7276119403, "eps": -1.53, "epsdiluted": -1.53, "weightedAverageShsOut": 12745098, "weightedAverageShsOutDil": 12745098, "link": null, "finalLink": null, "calculatedOtherExpenses": 2400000, "calculatedOperatingExpenses": 44500000, "calculatedNetInterest": 19500000, "calculatedOtherIncome": -19800000, "calculatedIncomeNonControlling": -19500000, "calculatedEbitda": -16800000}, {"date": "1993-03-31", "symbol": "RGEN", "reportedCurrency": "USD", "cik": "0000730272", "fillingDate": "1993-03-31", "acceptedDate": "1993-03-31 00:00:00", "calendarYear": "1993", "period": "FY", "revenue": 27300000, "costOfRevenue": -500000, "grossProfit": 27800000, "grossProfitRatio": 1.0183150183, "researchAndDevelopmentExpenses": 0, "generalAndAdministrativeExpenses": 0, "sellingAndMarketingExpenses": 0, "sellingGeneralAndAdministrativeExpenses": 37400000, "otherExpenses": 1700000, "operatingExpenses": 39100000, "costAndExpenses": 38600000, "interestIncome": 0, "interestExpense": -11300000, "depreciationAndAmortization": 1700000, "ebitda": -9600000, "ebitdaratio": -0.3516483516, "operatingIncome": -11300000, "operatingIncomeRatio": -0.4139194139, "totalOtherIncomeExpensesNet": 0, "incomeBeforeTax": -11300000, "incomeBeforeTaxRatio": -0.4139194139, "incomeTaxExpense": 11300000, "netIncome": -11300000, "netIncomeRatio": -0.4139194139, "eps": -0.93, "epsdiluted": -0.93, "weightedAverageShsOut": 12150538, "weightedAverageShsOutDil": 12150538, "link": null, "finalLink": null, "calculatedOtherExpenses": 1700000, "calculatedOperatingExpenses": 39100000, "calculatedNetInterest": 11300000, "calculatedOtherIncome": -11300000, "calculatedIncomeNonControlling": -11300000, "calculatedEbitda": -9600000}, {"date": "1992-03-31", "symbol": "RGEN", "reportedCurrency": "USD", "cik": "0000730272", "fillingDate": "1992-03-31", "acceptedDate": "1992-03-31 00:00:00", "calendarYear": "1992", "period": "FY", "revenue": 11700000, "costOfRevenue": -200000, "grossProfit": 11900000, "grossProfitRatio": 1.0170940171, "researchAndDevelopmentExpenses": 0, "generalAndAdministrativeExpenses": 0, "sellingAndMarketingExpenses": 0, "sellingGeneralAndAdministrativeExpenses": 23600000, "otherExpenses": 1100000, "operatingExpenses": 24700000, "costAndExpenses": 24500000, "interestIncome": 0, "interestExpense": -12800000, "depreciationAndAmortization": 1100000, "ebitda": -11700000, "ebitdaratio": -1, "operatingIncome": -12800000, "operatingIncomeRatio": -1.094017094, "totalOtherIncomeExpensesNet": 0, "incomeBeforeTax": -12800000, "incomeBeforeTaxRatio": -1.094017094, "incomeTaxExpense": 12800000, "netIncome": -12800000, "netIncomeRatio": -1.094017094, "eps": -1.14, "epsdiluted": -1.14, "weightedAverageShsOut": 11228070, "weightedAverageShsOutDil": 11228070, "link": null, "finalLink": null, "calculatedOtherExpenses": 1100000, "calculatedOperatingExpenses": 24700000, "calculatedNetInterest": 12800000, "calculatedOtherIncome": -12800000, "calculatedIncomeNonControlling": -12800000, "calculatedEbitda": -11700000}, {"date": "1991-03-31", "symbol": "RGEN", "reportedCurrency": "USD", "cik": "0000730272", "fillingDate": "1991-03-31", "acceptedDate": "1991-03-31 00:00:00", "calendarYear": "1991", "period": "FY", "revenue": 7600000, "costOfRevenue": -600000, "grossProfit": 8200000, "grossProfitRatio": 1.0789473684, "researchAndDevelopmentExpenses": 0, "generalAndAdministrativeExpenses": 0, "sellingAndMarketingExpenses": 0, "sellingGeneralAndAdministrativeExpenses": 15600000, "otherExpenses": 900000, "operatingExpenses": 16500000, "costAndExpenses": 15900000, "interestIncome": 0, "interestExpense": -5700000, "depreciationAndAmortization": 900000, "ebitda": -10100000, "ebitdaratio": -1.3289473684, "operatingIncome": -8300000, "operatingIncomeRatio": -1.0921052632, "totalOtherIncomeExpensesNet": 2700000, "incomeBeforeTax": -5700000, "incomeBeforeTaxRatio": -0.75, "incomeTaxExpense": 5700000, "netIncome": -5700000, "netIncomeRatio": -0.75, "eps": -0.63, "epsdiluted": -0.63, "weightedAverageShsOut": 9047619, "weightedAverageShsOutDil": 9047619, "link": null, "finalLink": null, "calculatedOtherExpenses": 900000, "calculatedOperatingExpenses": 16500000, "calculatedNetInterest": 5700000, "calculatedOtherIncome": -3100000, "calculatedIncomeNonControlling": -5700000, "calculatedEbitda": -7400000}, {"date": "1990-03-31", "symbol": "RGEN", "reportedCurrency": "USD", "cik": "0000730272", "fillingDate": "1990-03-31", "acceptedDate": "1990-03-31 00:00:00", "calendarYear": "1990", "period": "FY", "revenue": 12700000, "costOfRevenue": 10500000, "grossProfit": 2200000, "grossProfitRatio": 0.1732283465, "researchAndDevelopmentExpenses": 0, "generalAndAdministrativeExpenses": 0, "sellingAndMarketingExpenses": 0, "sellingGeneralAndAdministrativeExpenses": 3900000, "otherExpenses": 800000, "operatingExpenses": 4700000, "costAndExpenses": 15200000, "interestIncome": 0, "interestExpense": -2400000, "depreciationAndAmortization": 800000, "ebitda": -1800000, "ebitdaratio": -0.1417322835, "operatingIncome": -2500000, "operatingIncomeRatio": -0.1968503937, "totalOtherIncomeExpensesNet": 100000, "incomeBeforeTax": -2400000, "incomeBeforeTaxRatio": -0.188976378, "incomeTaxExpense": 2400000, "netIncome": -2400000, "netIncomeRatio": -0.188976378, "eps": -0.31, "epsdiluted": -0.31, "weightedAverageShsOut": 7741935, "weightedAverageShsOutDil": 7741935, "link": null, "finalLink": null, "calculatedOtherExpenses": 800000, "calculatedOperatingExpenses": 4700000, "calculatedNetInterest": 2400000, "calculatedOtherIncome": -2300000, "calculatedIncomeNonControlling": -2400000, "calculatedEbitda": -1700000}, {"date": "1989-03-31", "symbol": "RGEN", "reportedCurrency": "USD", "cik": "0000730272", "fillingDate": "1989-03-31", "acceptedDate": "1989-03-31 00:00:00", "calendarYear": "1989", "period": "FY", "revenue": 8500000, "costOfRevenue": 7600000, "grossProfit": 900000, "grossProfitRatio": 0.1058823529, "researchAndDevelopmentExpenses": 0, "generalAndAdministrativeExpenses": 0, "sellingAndMarketingExpenses": 0, "sellingGeneralAndAdministrativeExpenses": 3700000, "otherExpenses": 600000, "operatingExpenses": 4300000, "costAndExpenses": 11900000, "interestIncome": 0, "interestExpense": -3300000, "depreciationAndAmortization": 600000, "ebitda": -2800000, "ebitdaratio": -0.3294117647, "operatingIncome": -3400000, "operatingIncomeRatio": -0.4, "totalOtherIncomeExpensesNet": 100000, "incomeBeforeTax": -3300000, "incomeBeforeTaxRatio": -0.3882352941, "incomeTaxExpense": 3300000, "netIncome": -3300000, "netIncomeRatio": -0.3882352941, "eps": -0.46, "epsdiluted": -0.46, "weightedAverageShsOut": 7173913, "weightedAverageShsOutDil": 7173913, "link": null, "finalLink": null, "calculatedOtherExpenses": 600000, "calculatedOperatingExpenses": 4300000, "calculatedNetInterest": 3300000, "calculatedOtherIncome": -3200000, "calculatedIncomeNonControlling": -3300000, "calculatedEbitda": -2800000}, {"date": "1988-03-31", "symbol": "RGEN", "reportedCurrency": "USD", "cik": "0000730272", "fillingDate": "1988-03-31", "acceptedDate": "1988-03-31 00:00:00", "calendarYear": "1988", "period": "FY", "revenue": 10200000, "costOfRevenue": 7200000, "grossProfit": 3000000, "grossProfitRatio": 0.2941176471, "researchAndDevelopmentExpenses": 0, "generalAndAdministrativeExpenses": 0, "sellingAndMarketingExpenses": 0, "sellingGeneralAndAdministrativeExpenses": 3600000, "otherExpenses": 500000, "operatingExpenses": 4100000, "costAndExpenses": 11300000, "interestIncome": 0, "interestExpense": 300000, "depreciationAndAmortization": 500000, "ebitda": -2200000, "ebitdaratio": -0.2156862745, "operatingIncome": -1100000, "operatingIncomeRatio": -0.1078431373, "totalOtherIncomeExpensesNet": 1600000, "incomeBeforeTax": 300000, "incomeBeforeTaxRatio": 0.0294117647, "incomeTaxExpense": -300000, "netIncome": 300000, "netIncomeRatio": 0.0294117647, "eps": 0.03, "epsdiluted": 0.03, "weightedAverageShsOut": 7298000, "weightedAverageShsOutDil": 7298000, "link": null, "finalLink": null, "calculatedOtherExpenses": 500000, "calculatedOperatingExpenses": 4100000, "calculatedNetInterest": -300000, "calculatedOtherIncome": 1700000, "calculatedIncomeNonControlling": 300000, "calculatedEbitda": -600000}, {"date": "1987-03-31", "symbol": "RGEN", "reportedCurrency": "USD", "cik": "0000730272", "fillingDate": "1987-03-31", "acceptedDate": "1987-03-31 00:00:00", "calendarYear": "1987", "period": "FY", "revenue": 3700000, "costOfRevenue": 4400000, "grossProfit": -700000, "grossProfitRatio": -0.1891891892, "researchAndDevelopmentExpenses": 0, "generalAndAdministrativeExpenses": 0, "sellingAndMarketingExpenses": 0, "sellingGeneralAndAdministrativeExpenses": 3600000, "otherExpenses": 600000, "operatingExpenses": 4200000, "costAndExpenses": 8600000, "interestIncome": 0, "interestExpense": -20700000, "depreciationAndAmortization": 600000, "ebitda": 11500000, "ebitdaratio": 3.1081081081, "operatingIncome": -4900000, "operatingIncomeRatio": -1.3243243243, "totalOtherIncomeExpensesNet": -15800000, "incomeBeforeTax": -20700000, "incomeBeforeTaxRatio": -5.5945945946, "incomeTaxExpense": 20700000, "netIncome": -20700000, "netIncomeRatio": -5.5945945946, "eps": -3.59, "epsdiluted": -3.59, "weightedAverageShsOut": 5766017, "weightedAverageShsOutDil": 5766017, "link": null, "finalLink": null, "calculatedOtherExpenses": 600000, "calculatedOperatingExpenses": 4200000, "calculatedNetInterest": 20700000, "calculatedOtherIncome": -36500000, "calculatedIncomeNonControlling": -20700000, "calculatedEbitda": -4300000}, {"date": "1986-03-31", "symbol": "RGEN", "reportedCurrency": "USD", "cik": "0000730272", "fillingDate": "1986-03-31", "acceptedDate": "1986-03-31 00:00:00", "calendarYear": "1986", "period": "FY", "revenue": 3600000, "costOfRevenue": 2600000, "grossProfit": 1000000, "grossProfitRatio": 0.2777777778, "researchAndDevelopmentExpenses": 0, "generalAndAdministrativeExpenses": 0, "sellingAndMarketingExpenses": 0, "sellingGeneralAndAdministrativeExpenses": 3000000, "otherExpenses": 500000, "operatingExpenses": 3500000, "costAndExpenses": 6100000, "interestIncome": 0, "interestExpense": -1400000, "depreciationAndAmortization": 500000, "ebitda": -3100000, "ebitdaratio": -0.8611111111, "operatingIncome": -2500000, "operatingIncomeRatio": -0.6944444444, "totalOtherIncomeExpensesNet": 1100000, "incomeBeforeTax": -1400000, "incomeBeforeTaxRatio": -0.3888888889, "incomeTaxExpense": 1400000, "netIncome": -1400000, "netIncomeRatio": -0.3888888889, "eps": -0.47, "epsdiluted": -0.47, "weightedAverageShsOut": 2997000, "weightedAverageShsOutDil": 2997000, "link": null, "finalLink": null, "calculatedOtherExpenses": 500000, "calculatedOperatingExpenses": 3500000, "calculatedNetInterest": 1400000, "calculatedOtherIncome": -300000, "calculatedIncomeNonControlling": -1400000, "calculatedEbitda": -2000000}]}