{"originalCurrency": "USD", "convertedCurrency": "USD", "report": [{"date": "2024-02-03", "symbol": "RH", "reportedCurrency": "USD", "cik": "0001528849", "fillingDate": "2024-03-28", "acceptedDate": "2024-03-28 16:07:04", "calendarYear": "2023", "period": "FY", "revenue": 3029126000, "costOfRevenue": 1640107000, "grossProfit": 1389019000, "grossProfitRatio": 0.4585543817, "researchAndDevelopmentExpenses": 0, "generalAndAdministrativeExpenses": 918839999, "sellingAndMarketingExpenses": 107000000, "sellingGeneralAndAdministrativeExpenses": 1025839999, "otherExpenses": -1078000, "operatingExpenses": 1025839999, "costAndExpenses": 2665947000, "interestIncome": 39603000, "interestExpense": 237899000, "depreciationAndAmortization": 118989000, "ebitda": 482168000, "ebitdaratio": 0.1591772676, "operatingIncome": 363179000, "operatingIncomeRatio": 0.1198956399, "totalOtherIncomeExpensesNet": -196482000, "incomeBeforeTax": 166697000, "incomeBeforeTaxRatio": 0.0550313853, "incomeTaxExpense": 28261000, "netIncome": 127561000, "netIncomeRatio": 0.0421114869, "eps": 6.42, "epsdiluted": 5.91, "weightedAverageShsOut": 19880576, "weightedAverageShsOutDil": 21600478, "link": "https://www.sec.gov/Archives/edgar/data/1528849/000155837024004248/0001558370-24-004248-index.htm", "finalLink": "https://www.sec.gov/Archives/edgar/data/1528849/000155837024004248/rh-20240203x10k.htm", "calculatedOtherExpenses": 1, "calculatedOperatingExpenses": 1025840000, "calculatedNetInterest": -198296000, "calculatedOtherIncome": 1814000, "calculatedIncomeNonControlling": 10875000, "calculatedEbitda": 482168000}, {"date": "2023-01-28", "symbol": "RH", "reportedCurrency": "USD", "cik": "0001528849", "fillingDate": "2023-03-29", "acceptedDate": "2023-03-29 17:11:45", "calendarYear": "2022", "period": "FY", "revenue": 3590477000, "costOfRevenue": 1778492000, "grossProfit": 1811985000, "grossProfitRatio": 0.5046641435, "researchAndDevelopmentExpenses": 0, "generalAndAdministrativeExpenses": 1018828000, "sellingAndMarketingExpenses": 71000000, "sellingGeneralAndAdministrativeExpenses": 1089828000, "otherExpenses": -30000, "operatingExpenses": 1089828000, "costAndExpenses": 2868320000, "interestIncome": 38520000, "interestExpense": 113210000, "depreciationAndAmortization": 108558000, "ebitda": 830715000, "ebitdaratio": 0.2313661945, "operatingIncome": 722157000, "operatingIncomeRatio": 0.2011312146, "totalOtherIncomeExpensesNet": -282818000, "incomeBeforeTax": 439339000, "incomeBeforeTaxRatio": 0.1223622934, "incomeTaxExpense": -91358000, "netIncome": 528642000, "netIncomeRatio": 0.1472344761, "eps": 22.47, "epsdiluted": 19.9, "weightedAverageShsOut": 23523065, "weightedAverageShsOutDil": 26561988, "link": "https://www.sec.gov/Archives/edgar/data/1528849/000155837023004942/0001558370-23-004942-index.htm", "finalLink": "https://www.sec.gov/Archives/edgar/data/1528849/000155837023004942/rh-20230128x10k.htm", "calculatedOtherExpenses": 0, "calculatedOperatingExpenses": 1089828000, "calculatedNetInterest": -74690000, "calculatedOtherIncome": -208128000, "calculatedIncomeNonControlling": 2055000, "calculatedEbitda": 830715000}, {"date": "2022-01-29", "symbol": "RH", "reportedCurrency": "USD", "cik": "0001528849", "fillingDate": "2022-03-30", "acceptedDate": "2022-03-30 16:26:53", "calendarYear": "2021", "period": "FY", "revenue": 3758820000, "costOfRevenue": 1903409000, "grossProfit": 1855411000, "grossProfitRatio": 0.4936152835, "researchAndDevelopmentExpenses": 0, "generalAndAdministrativeExpenses": 888230000, "sellingAndMarketingExpenses": 40000000, "sellingGeneralAndAdministrativeExpenses": 928230000, "otherExpenses": -2778000, "operatingExpenses": 928230000, "costAndExpenses": 2831639000, "interestIncome": 1936000, "interestExpense": 64947000, "depreciationAndAmortization": 93244000, "ebitda": 1020425000, "ebitdaratio": 0.2714748245, "operatingIncome": 927181000, "operatingIncomeRatio": 0.2466681033, "totalOtherIncomeExpensesNet": -96863000, "incomeBeforeTax": 830318000, "incomeBeforeTaxRatio": 0.2208985799, "incomeTaxExpense": 133558000, "netIncome": 688546000, "netIncomeRatio": 0.183181424, "eps": 32.37, "epsdiluted": 22.13, "weightedAverageShsOut": 21270448, "weightedAverageShsOutDil": 31113395, "link": "https://www.sec.gov/Archives/edgar/data/1528849/000155837022004753/0001558370-22-004753-index.htm", "finalLink": "https://www.sec.gov/Archives/edgar/data/1528849/000155837022004753/rh-20220129x10k.htm", "calculatedOtherExpenses": 0, "calculatedOperatingExpenses": 928230000, "calculatedNetInterest": -63011000, "calculatedOtherIncome": -33852000, "calculatedIncomeNonControlling": 8214000, "calculatedEbitda": 1020425000}, {"date": "2021-01-30", "symbol": "RH", "reportedCurrency": "USD", "cik": "0001528849", "fillingDate": "2021-03-30", "acceptedDate": "2021-03-30 17:04:55", "calendarYear": "2020", "period": "FY", "revenue": 2848626000, "costOfRevenue": 1523095000, "grossProfit": 1325531000, "grossProfitRatio": 0.4653229311, "researchAndDevelopmentExpenses": 0, "generalAndAdministrativeExpenses": 799673000, "sellingAndMarketingExpenses": 59000000, "sellingGeneralAndAdministrativeExpenses": 858673000, "otherExpenses": 0, "operatingExpenses": 858673000, "costAndExpenses": 2381768000, "interestIncome": 1398000, "interestExpense": 67212000, "depreciationAndAmortization": 120347000, "ebitda": 587205000, "ebitdaratio": 0.2061362215, "operatingIncome": 466858000, "operatingIncomeRatio": 0.1638888362, "totalOtherIncomeExpensesNet": -89557000, "incomeBeforeTax": 377301000, "incomeBeforeTaxRatio": 0.1324501707, "incomeTaxExpense": 104598000, "netIncome": 271815000, "netIncomeRatio": 0.0954196865, "eps": 13.82, "epsdiluted": 9.96, "weightedAverageShsOut": 19668976, "weightedAverageShsOutDil": 27302268, "link": "https://www.sec.gov/Archives/edgar/data/1528849/000155837021003728/0001558370-21-003728-index.htm", "finalLink": "https://www.sec.gov/Archives/edgar/data/1528849/000155837021003728/rh-20210130x10k.htm", "calculatedOtherExpenses": 0, "calculatedOperatingExpenses": 858673000, "calculatedNetInterest": -65814000, "calculatedOtherIncome": -23743000, "calculatedIncomeNonControlling": 888000, "calculatedEbitda": 587205000}, {"date": "2020-02-01", "symbol": "RH", "reportedCurrency": "USD", "cik": "0001528849", "fillingDate": "2020-03-30", "acceptedDate": "2020-03-30 17:17:58", "calendarYear": "2019", "period": "FY", "revenue": 2647437000, "costOfRevenue": 1552426000, "grossProfit": 1095011000, "grossProfitRatio": 0.4136117309, "researchAndDevelopmentExpenses": 0, "generalAndAdministrativeExpenses": 624180000, "sellingAndMarketingExpenses": 108000000, "sellingGeneralAndAdministrativeExpenses": 732180000, "otherExpenses": 0, "operatingExpenses": 732180000, "costAndExpenses": 2284606000, "interestIncome": 1332000, "interestExpense": 84168000, "depreciationAndAmortization": 107211000, "ebitda": 470042000, "ebitdaratio": 0.1775460568, "operatingIncome": 362831000, "operatingIncomeRatio": 0.137049909, "totalOtherIncomeExpensesNet": -93649000, "incomeBeforeTax": 269182000, "incomeBeforeTaxRatio": 0.1016764516, "incomeTaxExpense": 48807000, "netIncome": 220375000, "netIncomeRatio": 0.0832408854, "eps": 11.55, "epsdiluted": 9.07, "weightedAverageShsOut": 19082303, "weightedAverageShsOutDil": 24299034, "link": "https://www.sec.gov/Archives/edgar/data/1528849/000155837020003383/0001558370-20-003383-index.htm", "finalLink": "https://www.sec.gov/Archives/edgar/data/1528849/000155837020003383/rh-20200201x10k54063e.htm", "calculatedOtherExpenses": 0, "calculatedOperatingExpenses": 732180000, "calculatedNetInterest": -82836000, "calculatedOtherIncome": -10813000, "calculatedIncomeNonControlling": 0, "calculatedEbitda": 470042000}, {"date": "2019-02-02", "symbol": "RH", "reportedCurrency": "USD", "cik": "0001528849", "fillingDate": "2019-03-29", "acceptedDate": "2019-03-29 16:02:58", "calendarYear": "2018", "period": "FY", "revenue": 2505653000, "costOfRevenue": 1504806000, "grossProfit": 1000847000, "grossProfitRatio": 0.3994355962, "researchAndDevelopmentExpenses": 0, "generalAndAdministrativeExpenses": 0, "sellingAndMarketingExpenses": 0, "sellingGeneralAndAdministrativeExpenses": 711617000, "otherExpenses": 0, "operatingExpenses": 711617000, "costAndExpenses": 2216423000, "interestIncome": 834000, "interestExpense": 49601000, "depreciationAndAmortization": 74346000, "ebitda": 396579000, "ebitdaratio": 0.1582737115, "operatingIncome": 289230000, "operatingIncomeRatio": 0.1154309875, "totalOtherIncomeExpensesNet": -33003000, "incomeBeforeTax": 181153000, "incomeBeforeTaxRatio": 0.0722977204, "incomeTaxExpense": 30514000, "netIncome": 150639000, "netIncomeRatio": 0.0601196574, "eps": 5.68, "epsdiluted": 5.68, "weightedAverageShsOut": 26509960, "weightedAverageShsOutDil": 26533225, "link": "https://www.sec.gov/Archives/edgar/data/1528849/000156459019010132/0001564590-19-010132-index.htm", "finalLink": "https://www.sec.gov/Archives/edgar/data/1528849/000156459019010132/rh-10k_20190202.htm", "calculatedOtherExpenses": 0, "calculatedOperatingExpenses": 711617000, "calculatedNetInterest": -48767000, "calculatedOtherIncome": -59310000, "calculatedIncomeNonControlling": 0, "calculatedEbitda": 363576000}, {"date": "2018-02-03", "symbol": "RH", "reportedCurrency": "USD", "cik": "0001528849", "fillingDate": "2018-03-29", "acceptedDate": "2018-03-29 17:24:44", "calendarYear": "2017", "period": "FY", "revenue": 2440174000, "costOfRevenue": 1591107000, "grossProfit": 849067000, "grossProfitRatio": 0.3479534656, "researchAndDevelopmentExpenses": 0, "generalAndAdministrativeExpenses": 0, "sellingAndMarketingExpenses": 0, "sellingGeneralAndAdministrativeExpenses": 717766000, "otherExpenses": 0, "operatingExpenses": 717766000, "costAndExpenses": 2308873000, "interestIncome": 514000, "interestExpense": 41598000, "depreciationAndAmortization": 70135000, "ebitda": 240016000, "ebitdaratio": 0.0983601989, "operatingIncome": 131301000, "operatingIncomeRatio": 0.0538080481, "totalOtherIncomeExpensesNet": -38580000, "incomeBeforeTax": 30151000, "incomeBeforeTaxRatio": 0.0123560861, "incomeTaxExpense": 27971000, "netIncome": 2180000, "netIncomeRatio": 0.0008933789, "eps": 0.08, "epsdiluted": 0.07, "weightedAverageShsOut": 27053616, "weightedAverageShsOutDil": 29253208, "link": "https://www.sec.gov/Archives/edgar/data/1528849/000156459018007158/0001564590-18-007158-index.htm", "finalLink": "https://www.sec.gov/Archives/edgar/data/1528849/000156459018007158/rh-10k_20180203.htm", "calculatedOtherExpenses": 0, "calculatedOperatingExpenses": 717766000, "calculatedNetInterest": -41084000, "calculatedOtherIncome": -60066000, "calculatedIncomeNonControlling": 0, "calculatedEbitda": 201436000}, {"date": "2017-01-28", "symbol": "RH", "reportedCurrency": "USD", "cik": "0001528849", "fillingDate": "2017-03-29", "acceptedDate": "2017-03-29 14:30:17", "calendarYear": "2016", "period": "FY", "revenue": 2134871000, "costOfRevenue": 1455084000, "grossProfit": 679787000, "grossProfitRatio": 0.3184206446, "researchAndDevelopmentExpenses": 0, "generalAndAdministrativeExpenses": 0, "sellingAndMarketingExpenses": 0, "sellingGeneralAndAdministrativeExpenses": 626751000, "otherExpenses": 0, "operatingExpenses": 626751000, "costAndExpenses": 2081835000, "interestIncome": 2989000, "interestExpense": 34024000, "depreciationAndAmortization": 56995000, "ebitda": 110031000, "ebitdaratio": 0.0515398823, "operatingIncome": 53036000, "operatingIncomeRatio": 0.0248427188, "totalOtherIncomeExpensesNet": -44482000, "incomeBeforeTax": 8554000, "incomeBeforeTaxRatio": 0.0040067995, "incomeTaxExpense": 3153000, "netIncome": 5401000, "netIncomeRatio": 0.0025298952, "eps": 0.13, "epsdiluted": 0.13, "weightedAverageShsOut": 40691483, "weightedAverageShsOutDil": 40926840, "link": "https://www.sec.gov/Archives/edgar/data/1528849/000156459017005503/0001564590-17-005503-index.htm", "finalLink": "https://www.sec.gov/Archives/edgar/data/1528849/000156459017005503/rh-10k_20170128.htm", "calculatedOtherExpenses": 0, "calculatedOperatingExpenses": 626751000, "calculatedNetInterest": -31035000, "calculatedOtherIncome": -13447000, "calculatedIncomeNonControlling": 0, "calculatedEbitda": 110031000}, {"date": "2016-01-30", "symbol": "RH", "reportedCurrency": "USD", "cik": "0001528849", "fillingDate": "2016-03-30", "acceptedDate": "2016-03-30 16:30:41", "calendarYear": "2015", "period": "FY", "revenue": 2109006000, "costOfRevenue": 1356314000, "grossProfit": 752692000, "grossProfitRatio": 0.3568941957, "researchAndDevelopmentExpenses": 0, "generalAndAdministrativeExpenses": 566524000, "sellingAndMarketingExpenses": 607000, "sellingGeneralAndAdministrativeExpenses": 567131000, "otherExpenses": 0, "operatingExpenses": 567131000, "costAndExpenses": 1923445000, "interestIncome": 1944000, "interestExpense": 35677000, "depreciationAndAmortization": 44595000, "ebitda": 230156000, "ebitdaratio": 0.1091300831, "operatingIncome": 185561000, "operatingIncomeRatio": 0.0879850508, "totalOtherIncomeExpensesNet": -35677000, "incomeBeforeTax": 149884000, "incomeBeforeTaxRatio": 0.0710685508, "incomeTaxExpense": 58781000, "netIncome": 91103000, "netIncomeRatio": 0.043197127, "eps": 2.27, "epsdiluted": 2.16, "weightedAverageShsOut": 40190448, "weightedAverageShsOutDil": 42256559, "link": "https://www.sec.gov/Archives/edgar/data/1528849/000156459016015660/0001564590-16-015660-index.htm", "finalLink": "https://www.sec.gov/Archives/edgar/data/1528849/000156459016015660/rh-10k_20160130.htm", "calculatedOtherExpenses": 0, "calculatedOperatingExpenses": 567131000, "calculatedNetInterest": -33733000, "calculatedOtherIncome": -1944000, "calculatedIncomeNonControlling": 0, "calculatedEbitda": 230156000}, {"date": "2015-01-31", "symbol": "RH", "reportedCurrency": "USD", "cik": "0001528849", "fillingDate": "2015-03-27", "acceptedDate": "2015-03-27 17:24:47", "calendarYear": "2014", "period": "FY", "revenue": 1867422000, "costOfRevenue": 1176648000, "grossProfit": 690774000, "grossProfitRatio": 0.3699078194, "researchAndDevelopmentExpenses": 0, "generalAndAdministrativeExpenses": 0, "sellingAndMarketingExpenses": 0, "sellingGeneralAndAdministrativeExpenses": 525048000, "otherExpenses": 0, "operatingExpenses": 525048000, "costAndExpenses": 1701696000, "interestIncome": 0, "interestExpense": 17551000, "depreciationAndAmortization": 34463000, "ebitda": 200189000, "ebitdaratio": 0.1072007291, "operatingIncome": 165726000, "operatingIncomeRatio": 0.0887458753, "totalOtherIncomeExpensesNet": -17551000, "incomeBeforeTax": 148175000, "incomeBeforeTaxRatio": 0.0793473569, "incomeTaxExpense": 57173000, "netIncome": 91002000, "netIncomeRatio": 0.0487313526, "eps": 2.31, "epsdiluted": 2.2, "weightedAverageShsOut": 39457491, "weightedAverageShsOutDil": 41378210, "link": "https://www.sec.gov/Archives/edgar/data/1528849/000119312515109678/0001193125-15-109678-index.htm", "finalLink": "https://www.sec.gov/Archives/edgar/data/1528849/000119312515109678/d853618d10k.htm", "calculatedOtherExpenses": 0, "calculatedOperatingExpenses": 525048000, "calculatedNetInterest": -17551000, "calculatedOtherIncome": 0, "calculatedIncomeNonControlling": 0, "calculatedEbitda": 200189000}, {"date": "2014-02-01", "symbol": "RH", "reportedCurrency": "USD", "cik": "0001528849", "fillingDate": "2014-03-31", "acceptedDate": "2014-03-28 19:32:09", "calendarYear": "2013", "period": "FY", "revenue": 1550961000, "costOfRevenue": 994081000, "grossProfit": 556880000, "grossProfitRatio": 0.3590548054, "researchAndDevelopmentExpenses": 0, "generalAndAdministrativeExpenses": 0, "sellingAndMarketingExpenses": 0, "sellingGeneralAndAdministrativeExpenses": 502029000, "otherExpenses": 0, "operatingExpenses": 502029000, "costAndExpenses": 1496110000, "interestIncome": 0, "interestExpense": 5733000, "depreciationAndAmortization": 27654000, "ebitda": 82505000, "ebitdaratio": 0.0531960507, "operatingIncome": 54851000, "operatingIncomeRatio": 0.0353658151, "totalOtherIncomeExpensesNet": -5733000, "incomeBeforeTax": 49118000, "incomeBeforeTaxRatio": 0.0316693972, "incomeTaxExpense": 30923000, "netIncome": 18195000, "netIncomeRatio": 0.0117314362, "eps": 0.47, "epsdiluted": 0.45, "weightedAverageShsOut": 38671564, "weightedAverageShsOutDil": 40416630, "link": "https://www.sec.gov/Archives/edgar/data/1528849/000119312514122028/0001193125-14-122028-index.htm", "finalLink": "https://www.sec.gov/Archives/edgar/data/1528849/000119312514122028/d658284d10k.htm", "calculatedOtherExpenses": 0, "calculatedOperatingExpenses": 502029000, "calculatedNetInterest": -5733000, "calculatedOtherIncome": 0, "calculatedIncomeNonControlling": 0, "calculatedEbitda": 82505000}, {"date": "2013-02-02", "symbol": "RH", "reportedCurrency": "USD", "cik": "0001528849", "fillingDate": "2013-04-29", "acceptedDate": "2013-04-26 21:38:21", "calendarYear": "2012", "period": "FY", "revenue": 1193046000, "costOfRevenue": 756597000, "grossProfit": 436449000, "grossProfitRatio": 0.3658274702, "researchAndDevelopmentExpenses": 0, "generalAndAdministrativeExpenses": 0, "sellingAndMarketingExpenses": 0, "sellingGeneralAndAdministrativeExpenses": 505485000, "otherExpenses": 0, "operatingExpenses": 505485000, "costAndExpenses": 1262082000, "interestIncome": 0, "interestExpense": 5776000, "depreciationAndAmortization": 26748000, "ebitda": -42288000, "ebitdaratio": -0.0354454061, "operatingIncome": -69036000, "operatingIncomeRatio": -0.0578653296, "totalOtherIncomeExpensesNet": -5776000, "incomeBeforeTax": -74812000, "incomeBeforeTaxRatio": -0.0627067188, "incomeTaxExpense": -62023000, "netIncome": -12789000, "netIncomeRatio": -0.0107196202, "eps": -1.36, "epsdiluted": -1.36, "weightedAverageShsOut": 9403683, "weightedAverageShsOutDil": 9428828, "link": "https://www.sec.gov/Archives/edgar/data/1528849/000119312513178723/0001193125-13-178723-index.htm", "finalLink": "https://www.sec.gov/Archives/edgar/data/1528849/000119312513178723/d462171d10k.htm", "calculatedOtherExpenses": 0, "calculatedOperatingExpenses": 505485000, "calculatedNetInterest": -5776000, "calculatedOtherIncome": 0, "calculatedIncomeNonControlling": 0, "calculatedEbitda": -42288000}, {"date": "2012-01-31", "symbol": "RH", "reportedCurrency": "USD", "cik": "0001528849", "fillingDate": "2012-01-31", "acceptedDate": "2012-01-30 19:00:00", "calendarYear": "2011", "period": "FY", "revenue": 958084000, "costOfRevenue": 601735000, "grossProfit": 356349000, "grossProfitRatio": 0.3719392037, "researchAndDevelopmentExpenses": 0, "generalAndAdministrativeExpenses": 0, "sellingAndMarketingExpenses": 0, "sellingGeneralAndAdministrativeExpenses": 329506000, "otherExpenses": 0, "operatingExpenses": 329506000, "costAndExpenses": 931241000, "interestIncome": 0, "interestExpense": 5134000, "depreciationAndAmortization": 29186000, "ebitda": 56029000, "ebitdaratio": 0.0584802585, "operatingIncome": 26843000, "operatingIncomeRatio": 0.0280173763, "totalOtherIncomeExpensesNet": -5134000, "incomeBeforeTax": 21709000, "incomeBeforeTaxRatio": 0.0226587648, "incomeTaxExpense": 1121000, "netIncome": 20588000, "netIncomeRatio": 0.0214887212, "eps": 0.64, "epsdiluted": 0.64, "weightedAverageShsOut": 32188891, "weightedAverageShsOutDil": 32188891, "link": "", "finalLink": "", "calculatedOtherExpenses": 0, "calculatedOperatingExpenses": 329506000, "calculatedNetInterest": -5134000, "calculatedOtherIncome": 0, "calculatedIncomeNonControlling": 0, "calculatedEbitda": 56029000}, {"date": "2011-01-31", "symbol": "RH", "reportedCurrency": "USD", "cik": "0001528849", "fillingDate": "2011-01-31", "acceptedDate": "2011-01-30 19:00:00", "calendarYear": "2010", "period": "FY", "revenue": 772752000, "costOfRevenue": 501132000, "grossProfit": 271620000, "grossProfitRatio": 0.3514969874, "researchAndDevelopmentExpenses": 0, "generalAndAdministrativeExpenses": 0, "sellingAndMarketingExpenses": 0, "sellingGeneralAndAdministrativeExpenses": 275859000, "otherExpenses": 0, "operatingExpenses": 275859000, "costAndExpenses": 776991000, "interestIncome": 0, "interestExpense": 3150000, "depreciationAndAmortization": 31263000, "ebitda": 27024000, "ebitdaratio": 0.0349711162, "operatingIncome": -4239000, "operatingIncomeRatio": -0.0054855892, "totalOtherIncomeExpensesNet": -3150000, "incomeBeforeTax": -7389000, "incomeBeforeTaxRatio": -0.0095619293, "incomeTaxExpense": 685000, "netIncome": -8074000, "netIncomeRatio": -0.0104483715, "eps": -0.25, "epsdiluted": -0.25, "weightedAverageShsOut": 32188891, "weightedAverageShsOutDil": 32188891, "link": "", "finalLink": "", "calculatedOtherExpenses": 0, "calculatedOperatingExpenses": 275859000, "calculatedNetInterest": -3150000, "calculatedOtherIncome": 0, "calculatedIncomeNonControlling": 0, "calculatedEbitda": 27024000}, {"date": "2010-01-31", "symbol": "RH", "reportedCurrency": "USD", "cik": "0001528849", "fillingDate": "2010-01-31", "acceptedDate": "2010-01-30 19:00:00", "calendarYear": "2009", "period": "FY", "revenue": 625685000, "costOfRevenue": 412629000, "grossProfit": 213056000, "grossProfitRatio": 0.340516394, "researchAndDevelopmentExpenses": 0, "generalAndAdministrativeExpenses": 0, "sellingAndMarketingExpenses": 0, "sellingGeneralAndAdministrativeExpenses": 238889000, "otherExpenses": 0, "operatingExpenses": 238889000, "costAndExpenses": 651518000, "interestIncome": 0, "interestExpense": 3241000, "depreciationAndAmortization": 43065000, "ebitda": 17232000, "ebitdaratio": 0.027541015, "operatingIncome": -25833000, "operatingIncomeRatio": -0.0412875488, "totalOtherIncomeExpensesNet": -3241000, "incomeBeforeTax": -29074000, "incomeBeforeTaxRatio": -0.0464674717, "incomeTaxExpense": -423000, "netIncome": -28651000, "netIncomeRatio": -0.0457914126, "eps": -0.89, "epsdiluted": -0.89, "weightedAverageShsOut": 32188891, "weightedAverageShsOutDil": 32188891, "link": "", "finalLink": "", "calculatedOtherExpenses": 0, "calculatedOperatingExpenses": 238889000, "calculatedNetInterest": -3241000, "calculatedOtherIncome": 0, "calculatedIncomeNonControlling": 0, "calculatedEbitda": 17232000}, {"date": "2008-01-31", "symbol": "RH", "reportedCurrency": "USD", "cik": "0001528849", "fillingDate": "2008-01-31", "acceptedDate": "2008-01-30 19:00:00", "calendarYear": "2007", "period": "FY", "revenue": 722243000, "costOfRevenue": 490935000, "grossProfit": 231308000, "grossProfitRatio": 0.3202634017, "researchAndDevelopmentExpenses": 0, "generalAndAdministrativeExpenses": 0, "sellingAndMarketingExpenses": 0, "sellingGeneralAndAdministrativeExpenses": 274454000, "otherExpenses": 0, "operatingExpenses": 274454000, "costAndExpenses": 765389000, "interestIncome": 0, "interestExpense": 0, "depreciationAndAmortization": 23120000, "ebitda": -20026000, "ebitdaratio": -0.02772751, "operatingIncome": -43146000, "operatingIncomeRatio": -0.0597388967, "totalOtherIncomeExpensesNet": -8663000, "incomeBeforeTax": -51809000, "incomeBeforeTaxRatio": -0.0717334747, "incomeTaxExpense": 127000, "netIncome": -51936000, "netIncomeRatio": -0.0719093158, "eps": -1.34, "epsdiluted": -1.34, "weightedAverageShsOut": 38831000, "weightedAverageShsOutDil": 38831000, "link": "", "finalLink": "", "calculatedOtherExpenses": 0, "calculatedOperatingExpenses": 274454000, "calculatedNetInterest": 0, "calculatedOtherIncome": -8663000, "calculatedIncomeNonControlling": 0, "calculatedEbitda": -20026000}, {"date": "2007-01-31", "symbol": "RH", "reportedCurrency": "USD", "cik": "0001528849", "fillingDate": "2007-01-31", "acceptedDate": "2007-01-30 19:00:00", "calendarYear": "2006", "period": "FY", "revenue": 712810000, "costOfRevenue": 463105000, "grossProfit": 249705000, "grossProfitRatio": 0.350310742, "researchAndDevelopmentExpenses": 0, "generalAndAdministrativeExpenses": 0, "sellingAndMarketingExpenses": 0, "sellingGeneralAndAdministrativeExpenses": 239077000, "otherExpenses": 0, "operatingExpenses": 239077000, "costAndExpenses": 702182000, "interestIncome": 0, "interestExpense": 0, "depreciationAndAmortization": 21696000, "ebitda": 32324000, "ebitdaratio": 0.0453472875, "operatingIncome": 10628000, "operatingIncomeRatio": 0.0149100041, "totalOtherIncomeExpensesNet": -7233000, "incomeBeforeTax": 3395000, "incomeBeforeTaxRatio": 0.00476284, "incomeTaxExpense": 143000, "netIncome": 3252000, "netIncomeRatio": 0.0045622256, "eps": 0.09, "epsdiluted": 0.08, "weightedAverageShsOut": 38184000, "weightedAverageShsOutDil": 39221000, "link": "", "finalLink": "", "calculatedOtherExpenses": 0, "calculatedOperatingExpenses": 239077000, "calculatedNetInterest": 0, "calculatedOtherIncome": -7233000, "calculatedIncomeNonControlling": 0, "calculatedEbitda": 32324000}, {"date": "2006-01-31", "symbol": "RH", "reportedCurrency": "USD", "cik": "0001528849", "fillingDate": "2006-01-31", "acceptedDate": "2006-01-30 19:00:00", "calendarYear": "2005", "period": "FY", "revenue": 581657000, "costOfRevenue": 384244000, "grossProfit": 197413000, "grossProfitRatio": 0.3393976175, "researchAndDevelopmentExpenses": 0, "generalAndAdministrativeExpenses": 0, "sellingAndMarketingExpenses": 0, "sellingGeneralAndAdministrativeExpenses": 196469000, "otherExpenses": 0, "operatingExpenses": 196469000, "costAndExpenses": 580713000, "interestIncome": 0, "interestExpense": 0, "depreciationAndAmortization": 19603000, "ebitda": 20547000, "ebitdaratio": 0.0353249424, "operatingIncome": 944000, "operatingIncomeRatio": 0.0016229496, "totalOtherIncomeExpensesNet": -4050000, "incomeBeforeTax": -3106000, "incomeBeforeTaxRatio": -0.0053399168, "incomeTaxExpense": 26201000, "netIncome": -29307000, "netIncomeRatio": -0.0503853646, "eps": -0.83, "epsdiluted": -0.83, "weightedAverageShsOut": 35441000, "weightedAverageShsOutDil": 35441000, "link": "", "finalLink": "", "calculatedOtherExpenses": 0, "calculatedOperatingExpenses": 196469000, "calculatedNetInterest": 0, "calculatedOtherIncome": -4050000, "calculatedIncomeNonControlling": 0, "calculatedEbitda": 20547000}, {"date": "2005-01-31", "symbol": "RH", "reportedCurrency": "USD", "cik": "0001528849", "fillingDate": "2005-01-31", "acceptedDate": "2005-01-30 19:00:00", "calendarYear": "2004", "period": "FY", "revenue": 525823000, "costOfRevenue": 359808000, "grossProfit": 166015000, "grossProfitRatio": 0.3157241125, "researchAndDevelopmentExpenses": 0, "generalAndAdministrativeExpenses": 0, "sellingAndMarketingExpenses": 0, "sellingGeneralAndAdministrativeExpenses": 161939000, "otherExpenses": 0, "operatingExpenses": 161939000, "costAndExpenses": 521747000, "interestIncome": 0, "interestExpense": 0, "depreciationAndAmortization": 15946000, "ebitda": 20022000, "ebitdaratio": 0.0380774519, "operatingIncome": 4076000, "operatingIncomeRatio": 0.0077516579, "totalOtherIncomeExpensesNet": -2472000, "incomeBeforeTax": 1604000, "incomeBeforeTaxRatio": 0.0030504561, "incomeTaxExpense": -100000, "netIncome": 1704000, "netIncomeRatio": 0.0032406342, "eps": 0.05, "epsdiluted": 0.04, "weightedAverageShsOut": 34080000, "weightedAverageShsOutDil": 42600000, "link": "", "finalLink": "", "calculatedOtherExpenses": 0, "calculatedOperatingExpenses": 161939000, "calculatedNetInterest": 0, "calculatedOtherIncome": -2472000, "calculatedIncomeNonControlling": 0, "calculatedEbitda": 20022000}, {"date": "2004-01-31", "symbol": "RH", "reportedCurrency": "USD", "cik": "0001528849", "fillingDate": "2004-01-31", "acceptedDate": "2004-01-30 19:00:00", "calendarYear": "2003", "period": "FY", "revenue": 438508000, "costOfRevenue": 305980000, "grossProfit": 132528000, "grossProfitRatio": 0.3022248169, "researchAndDevelopmentExpenses": 0, "generalAndAdministrativeExpenses": 0, "sellingAndMarketingExpenses": 0, "sellingGeneralAndAdministrativeExpenses": 135118000, "otherExpenses": 0, "operatingExpenses": 135118000, "costAndExpenses": 441098000, "interestIncome": 0, "interestExpense": 0, "depreciationAndAmortization": 18021000, "ebitda": 15431000, "ebitdaratio": 0.0351897799, "operatingIncome": -2590000, "operatingIncomeRatio": -0.0059063917, "totalOtherIncomeExpensesNet": -2154000, "incomeBeforeTax": -4744000, "incomeBeforeTaxRatio": -0.0108185027, "incomeTaxExpense": -1803000, "netIncome": -2941000, "netIncomeRatio": -0.0067068332, "eps": -0.0953, "epsdiluted": -0.0953, "weightedAverageShsOut": 30873000, "weightedAverageShsOutDil": 30873000, "link": "", "finalLink": "", "calculatedOtherExpenses": 0, "calculatedOperatingExpenses": 135118000, "calculatedNetInterest": 0, "calculatedOtherIncome": -2154000, "calculatedIncomeNonControlling": 0, "calculatedEbitda": 15431000}, {"date": "2003-01-31", "symbol": "RH", "reportedCurrency": "USD", "cik": "0001528849", "fillingDate": "2003-01-31", "acceptedDate": "2003-01-30 19:00:00", "calendarYear": "2002", "period": "FY", "revenue": 400337000, "costOfRevenue": 283072000, "grossProfit": 117265000, "grossProfitRatio": 0.2929157185, "researchAndDevelopmentExpenses": 0, "generalAndAdministrativeExpenses": 0, "sellingAndMarketingExpenses": 0, "sellingGeneralAndAdministrativeExpenses": 126290000, "otherExpenses": 0, "operatingExpenses": 126290000, "costAndExpenses": 409362000, "interestIncome": 0, "interestExpense": 0, "depreciationAndAmortization": 18641000, "ebitda": 9616000, "ebitdaratio": 0.0240197633, "operatingIncome": -9025000, "operatingIncomeRatio": -0.0225435071, "totalOtherIncomeExpensesNet": -3096000, "incomeBeforeTax": -12121000, "incomeBeforeTaxRatio": -0.0302769916, "incomeTaxExpense": -8518000, "netIncome": -3603000, "netIncomeRatio": -0.0089999176, "eps": -0.14, "epsdiluted": -0.14, "weightedAverageShsOut": 25863636, "weightedAverageShsOutDil": 25863636, "link": "", "finalLink": "", "calculatedOtherExpenses": 0, "calculatedOperatingExpenses": 126290000, "calculatedNetInterest": 0, "calculatedOtherIncome": -3096000, "calculatedIncomeNonControlling": 0, "calculatedEbitda": 9616000}, {"date": "2002-01-31", "symbol": "RH", "reportedCurrency": "USD", "cik": "0001528849", "fillingDate": "2002-01-31", "acceptedDate": "2002-01-30 19:00:00", "calendarYear": "2001", "period": "FY", "revenue": 366473000, "costOfRevenue": 288337000, "grossProfit": 78136000, "grossProfitRatio": 0.2132107959, "researchAndDevelopmentExpenses": 0, "generalAndAdministrativeExpenses": 0, "sellingAndMarketingExpenses": 0, "sellingGeneralAndAdministrativeExpenses": 114607000, "otherExpenses": 0, "operatingExpenses": 114607000, "costAndExpenses": 402944000, "interestIncome": 0, "interestExpense": 0, "depreciationAndAmortization": 20624000, "ebitda": -15847000, "ebitdaratio": -0.0432419305, "operatingIncome": -36471000, "operatingIncomeRatio": -0.0995189277, "totalOtherIncomeExpensesNet": -7144000, "incomeBeforeTax": -43615000, "incomeBeforeTaxRatio": -0.1190128604, "incomeTaxExpense": -9748000, "netIncome": -33867000, "netIncomeRatio": -0.0924133565, "eps": -1.57, "epsdiluted": -1.57, "weightedAverageShsOut": 21567785, "weightedAverageShsOutDil": 21567785, "link": "", "finalLink": "", "calculatedOtherExpenses": 0, "calculatedOperatingExpenses": 114607000, "calculatedNetInterest": 0, "calculatedOtherIncome": -7144000, "calculatedIncomeNonControlling": 0, "calculatedEbitda": -15847000}, {"date": "2001-01-31", "symbol": "RH", "reportedCurrency": "USD", "cik": "0001528849", "fillingDate": "2001-01-31", "acceptedDate": "2001-01-30 19:00:00", "calendarYear": "2000", "period": "FY", "revenue": 369462000, "costOfRevenue": 255923000, "grossProfit": 113539000, "grossProfitRatio": 0.3073090061, "researchAndDevelopmentExpenses": 0, "generalAndAdministrativeExpenses": 0, "sellingAndMarketingExpenses": 0, "sellingGeneralAndAdministrativeExpenses": 111632000, "otherExpenses": 1015000, "operatingExpenses": 112647000, "costAndExpenses": 368570000, "interestIncome": 0, "interestExpense": 0, "depreciationAndAmortization": 15915000, "ebitda": 16807000, "ebitdaratio": 0.0454904699, "operatingIncome": 892000, "operatingIncomeRatio": 0.0024143214, "totalOtherIncomeExpensesNet": -5804000, "incomeBeforeTax": -4912000, "incomeBeforeTaxRatio": -0.0132950073, "incomeTaxExpense": -1821000, "netIncome": -3091000, "netIncomeRatio": -0.008366219, "eps": -0.18, "epsdiluted": -0.18, "weightedAverageShsOut": 16814286, "weightedAverageShsOutDil": 16814286, "link": "", "finalLink": "", "calculatedOtherExpenses": 1015000, "calculatedOperatingExpenses": 112647000, "calculatedNetInterest": 0, "calculatedOtherIncome": -5804000, "calculatedIncomeNonControlling": 0, "calculatedEbitda": 16807000}, {"date": "2000-01-31", "symbol": "RH", "reportedCurrency": "USD", "cik": "0001528849", "fillingDate": "2000-01-31", "acceptedDate": "2000-01-30 19:00:00", "calendarYear": "1999", "period": "FY", "revenue": 294916000, "costOfRevenue": 203239000, "grossProfit": 91677000, "grossProfitRatio": 0.310858007, "researchAndDevelopmentExpenses": 0, "generalAndAdministrativeExpenses": 0, "sellingAndMarketingExpenses": 0, "sellingGeneralAndAdministrativeExpenses": 92628000, "otherExpenses": 2403000, "operatingExpenses": 95031000, "costAndExpenses": 298270000, "interestIncome": 0, "interestExpense": 0, "depreciationAndAmortization": 10788000, "ebitda": 7434000, "ebitdaratio": 0.0252071776, "operatingIncome": -3354000, "operatingIncomeRatio": -0.0113727299, "totalOtherIncomeExpensesNet": -1419000, "incomeBeforeTax": -4773000, "incomeBeforeTaxRatio": -0.0161842694, "incomeTaxExpense": -1733000, "netIncome": -3040000, "netIncomeRatio": -0.0103080199, "eps": -0.18, "epsdiluted": -0.18, "weightedAverageShsOut": 16697668, "weightedAverageShsOutDil": 16697668, "link": "", "finalLink": "", "calculatedOtherExpenses": 2403000, "calculatedOperatingExpenses": 95031000, "calculatedNetInterest": 0, "calculatedOtherIncome": -1419000, "calculatedIncomeNonControlling": 0, "calculatedEbitda": 7434000}, {"date": "1999-01-31", "symbol": "RH", "reportedCurrency": "USD", "cik": "0001528849", "fillingDate": "1999-01-31", "acceptedDate": "1999-01-30 19:00:00", "calendarYear": "1998", "period": "FY", "revenue": 209375000, "costOfRevenue": 141397000, "grossProfit": 67978000, "grossProfitRatio": 0.3246710448, "researchAndDevelopmentExpenses": 0, "generalAndAdministrativeExpenses": 0, "sellingAndMarketingExpenses": 0, "sellingGeneralAndAdministrativeExpenses": 56749000, "otherExpenses": 2064000, "operatingExpenses": 58813000, "costAndExpenses": 200210000, "interestIncome": 0, "interestExpense": 0, "depreciationAndAmortization": 6477000, "ebitda": 15642000, "ebitdaratio": 0.0747080597, "operatingIncome": 9165000, "operatingIncomeRatio": 0.0437731343, "totalOtherIncomeExpensesNet": -918000, "incomeBeforeTax": 8247000, "incomeBeforeTaxRatio": 0.0393886567, "incomeTaxExpense": 3381000, "netIncome": 4866000, "netIncomeRatio": 0.023240597, "eps": 0.33, "epsdiluted": 0.33, "weightedAverageShsOut": 11718182, "weightedAverageShsOutDil": 11718182, "link": "", "finalLink": "", "calculatedOtherExpenses": 2064000, "calculatedOperatingExpenses": 58813000, "calculatedNetInterest": 0, "calculatedOtherIncome": -918000, "calculatedIncomeNonControlling": 0, "calculatedEbitda": 15642000}, {"date": "1998-01-31", "symbol": "RH", "reportedCurrency": "USD", "cik": "0001528849", "fillingDate": "1998-01-31", "acceptedDate": "1998-01-30 19:00:00", "calendarYear": "1997", "period": "FY", "revenue": 98655000, "costOfRevenue": 0, "grossProfit": 98655000, "grossProfitRatio": 1, "researchAndDevelopmentExpenses": 0, "generalAndAdministrativeExpenses": 0, "sellingAndMarketingExpenses": 0, "sellingGeneralAndAdministrativeExpenses": 0, "otherExpenses": 0, "operatingExpenses": 0, "costAndExpenses": 0, "interestIncome": 0, "interestExpense": 0, "depreciationAndAmortization": 0, "ebitda": 98655000, "ebitdaratio": 1, "operatingIncome": 98655000, "operatingIncomeRatio": 1, "totalOtherIncomeExpensesNet": -95599000, "incomeBeforeTax": 3056000, "incomeBeforeTaxRatio": 0.0309766358, "incomeTaxExpense": 1308000, "netIncome": 1748000, "netIncomeRatio": 0.0177183113, "eps": -1.2, "epsdiluted": -1.2, "weightedAverageShsOut": 4404167, "weightedAverageShsOutDil": 4404167, "link": "", "finalLink": "", "calculatedOtherExpenses": 0, "calculatedOperatingExpenses": 0, "calculatedNetInterest": 0, "calculatedOtherIncome": -95599000, "calculatedIncomeNonControlling": 0, "calculatedEbitda": 98655000}]}