{"originalCurrency": "USD", "convertedCurrency": "USD", "report": [{"date": "2023-12-31", "symbol": "RHP", "reportedCurrency": "USD", "cik": "0001040829", "fillingDate": "2024-02-23", "acceptedDate": "2024-02-23 14:58:11", "calendarYear": "2023", "period": "FY", "revenue": 2158136000, "costOfRevenue": 1660355000, "grossProfit": 497781000, "grossProfitRatio": 0.2306532118, "researchAndDevelopmentExpenses": 0, "generalAndAdministrativeExpenses": 42789000, "sellingAndMarketingExpenses": 65000000, "sellingGeneralAndAdministrativeExpenses": 110981000, "otherExpenses": -44097000, "operatingExpenses": 44097000, "costAndExpenses": 1704452000, "interestIncome": 21423000, "interestExpense": 223547000, "depreciationAndAmortization": 211227000, "ebitda": 664911000, "ebitdaratio": 0.3080950413, "operatingIncome": 453684000, "operatingIncomeRatio": 0.2102203012, "totalOtherIncomeExpensesNet": -205586000, "incomeBeforeTax": 248098000, "incomeBeforeTaxRatio": 0.1149593909, "incomeTaxExpense": -93702000, "netIncome": 311217000, "netIncomeRatio": 0.1442063892, "eps": 5.39, "epsdiluted": 5.36, "weightedAverageShsOut": 57750000, "weightedAverageShsOutDil": 58061000, "link": "https://www.sec.gov/Archives/edgar/data/1040829/000155837024001613/0001558370-24-001613-index.htm", "finalLink": "https://www.sec.gov/Archives/edgar/data/1040829/000155837024001613/rhp-20231231x10k.htm", "calculatedOtherExpenses": -66884000, "calculatedOperatingExpenses": 44097000, "calculatedNetInterest": -202124000, "calculatedOtherIncome": -3462000, "calculatedIncomeNonControlling": 30583000, "calculatedEbitda": 664911000}, {"date": "2022-12-31", "symbol": "RHP", "reportedCurrency": "USD", "cik": "0001040829", "fillingDate": "2023-02-24", "acceptedDate": "2023-02-24 13:24:32", "calendarYear": "2022", "period": "FY", "revenue": 1805969000, "costOfRevenue": 1226220000, "grossProfit": 579749000, "grossProfitRatio": 0.3210182456, "researchAndDevelopmentExpenses": 0, "generalAndAdministrativeExpenses": 42982000, "sellingAndMarketingExpenses": 55100000, "sellingGeneralAndAdministrativeExpenses": 42982000, "otherExpenses": 209148000, "operatingExpenses": 252130000, "costAndExpenses": 1478350000, "interestIncome": 5750000, "interestExpense": 148406000, "depreciationAndAmortization": 205611000, "ebitda": 532761000, "ebitdaratio": 0.2950000803, "operatingIncome": 327150000, "operatingIncomeRatio": 0.1811492888, "totalOtherIncomeExpensesNet": -153427000, "incomeBeforeTax": 173723000, "incomeBeforeTaxRatio": 0.0961937885, "incomeTaxExpense": 38775000, "netIncome": 128993000, "netIncomeRatio": 0.0714259215, "eps": 2.34, "epsdiluted": 2.33, "weightedAverageShsOut": 55140000, "weightedAverageShsOutDil": 55377000, "link": "https://www.sec.gov/Archives/edgar/data/1040829/000155837023002012/0001558370-23-002012-index.htm", "finalLink": "https://www.sec.gov/Archives/edgar/data/1040829/000155837023002012/rhp-20221231x10k.htm", "calculatedOtherExpenses": 209617000, "calculatedOperatingExpenses": 252599000, "calculatedNetInterest": -142656000, "calculatedOtherIncome": -10771000, "calculatedIncomeNonControlling": 5955000, "calculatedEbitda": 532761000}, {"date": "2021-12-31", "symbol": "RHP", "reportedCurrency": "USD", "cik": "0001040829", "fillingDate": "2022-02-25", "acceptedDate": "2022-02-25 13:12:21", "calendarYear": "2021", "period": "FY", "revenue": 939373000, "costOfRevenue": 738674000, "grossProfit": 200699000, "grossProfitRatio": 0.213652085, "researchAndDevelopmentExpenses": 0, "generalAndAdministrativeExpenses": 38597000, "sellingAndMarketingExpenses": 36200000, "sellingGeneralAndAdministrativeExpenses": 38597000, "otherExpenses": 221094000, "operatingExpenses": 259691000, "costAndExpenses": 998365000, "interestIncome": 5685000, "interestExpense": 125347000, "depreciationAndAmortization": 220357000, "ebitda": 158492000, "ebitdaratio": 0.1687210512, "operatingIncome": -61865000, "operatingIncomeRatio": -0.0658577583, "totalOtherIncomeExpensesNet": -127979000, "incomeBeforeTax": -189844000, "incomeBeforeTaxRatio": -0.2020965048, "incomeTaxExpense": 4957000, "netIncome": -194801000, "netIncomeRatio": -0.2073734289, "eps": -3.54, "epsdiluted": -3.54, "weightedAverageShsOut": 55047000, "weightedAverageShsOutDil": 55047000, "link": "https://www.sec.gov/Archives/edgar/data/1040829/000155837022002101/0001558370-22-002101-index.htm", "finalLink": "https://www.sec.gov/Archives/edgar/data/1040829/000155837022002101/rhp-20211231x10k.htm", "calculatedOtherExpenses": 223967000, "calculatedOperatingExpenses": 262564000, "calculatedNetInterest": -119662000, "calculatedOtherIncome": -8317000, "calculatedIncomeNonControlling": 0, "calculatedEbitda": 158492000}, {"date": "2020-12-31", "symbol": "RHP", "reportedCurrency": "USD", "cik": "0001040829", "fillingDate": "2021-02-26", "acceptedDate": "2021-02-26 12:58:29", "calendarYear": "2020", "period": "FY", "revenue": 524475000, "costOfRevenue": 551141000, "grossProfit": -26666000, "grossProfitRatio": -0.0508432242, "researchAndDevelopmentExpenses": 0, "generalAndAdministrativeExpenses": 28795000, "sellingAndMarketingExpenses": 23000000, "sellingGeneralAndAdministrativeExpenses": 28795000, "otherExpenses": 215082000, "operatingExpenses": 243877000, "costAndExpenses": 795018000, "interestIncome": 7304000, "interestExpense": 115783000, "depreciationAndAmortization": 199798000, "ebitda": -104033000, "ebitdaratio": -0.1983564517, "operatingIncome": -303831000, "operatingIncomeRatio": -0.5793050193, "totalOtherIncomeExpensesNet": -129906000, "incomeBeforeTax": -433737000, "incomeBeforeTaxRatio": -0.826992707, "incomeTaxExpense": 27084000, "netIncome": -460821000, "netIncomeRatio": -0.8786329186, "eps": -8.38, "epsdiluted": -8.38, "weightedAverageShsOut": 54962000, "weightedAverageShsOutDil": 54962000, "link": "https://www.sec.gov/Archives/edgar/data/1040829/000155837021001956/0001558370-21-001956-index.htm", "finalLink": "https://www.sec.gov/Archives/edgar/data/1040829/000155837021001956/rhp-20201231x10k.htm", "calculatedOtherExpenses": 248370000, "calculatedOperatingExpenses": 277165000, "calculatedNetInterest": -108479000, "calculatedOtherIncome": -21427000, "calculatedIncomeNonControlling": 0, "calculatedEbitda": -104033000}, {"date": "2019-12-31", "symbol": "RHP", "reportedCurrency": "USD", "cik": "0001040829", "fillingDate": "2020-02-25", "acceptedDate": "2020-02-25 17:05:08", "calendarYear": "2019", "period": "FY", "revenue": 1604566000, "costOfRevenue": 1083784000, "grossProfit": 520782000, "grossProfitRatio": 0.3245625297, "researchAndDevelopmentExpenses": 0, "generalAndAdministrativeExpenses": 36282000, "sellingAndMarketingExpenses": 53200000, "sellingGeneralAndAdministrativeExpenses": 36282000, "otherExpenses": 213847000, "operatingExpenses": 250129000, "costAndExpenses": 1333913000, "interestIncome": 11769000, "interestExpense": 131620000, "depreciationAndAmortization": 225199000, "ebitda": 492730000, "ebitdaratio": 0.3070799207, "operatingIncome": 267531000, "operatingIncomeRatio": 0.1667310662, "totalOtherIncomeExpensesNet": -120762000, "incomeBeforeTax": 146769000, "incomeBeforeTaxRatio": 0.0914695936, "incomeTaxExpense": 18475000, "netIncome": 128294000, "netIncomeRatio": 0.0799555768, "eps": 2.83, "epsdiluted": 2.81, "weightedAverageShsOut": 51609000, "weightedAverageShsOutDil": 51975000, "link": "https://www.sec.gov/Archives/edgar/data/1040829/000155837020001342/0001558370-20-001342-index.htm", "finalLink": "https://www.sec.gov/Archives/edgar/data/1040829/000155837020001342/rhp-20191231x10kf1e0a6.htm", "calculatedOtherExpenses": 216969000, "calculatedOperatingExpenses": 253251000, "calculatedNetInterest": -119851000, "calculatedOtherIncome": -911000, "calculatedIncomeNonControlling": 0, "calculatedEbitda": 492730000}, {"date": "2018-12-31", "symbol": "RHP", "reportedCurrency": "USD", "cik": "0001040829", "fillingDate": "2019-02-26", "acceptedDate": "2019-02-26 17:11:34", "calendarYear": "2018", "period": "FY", "revenue": 1275118000, "costOfRevenue": 880488000, "grossProfit": 394630000, "grossProfitRatio": 0.3094850829, "researchAndDevelopmentExpenses": 0, "generalAndAdministrativeExpenses": 30833000, "sellingAndMarketingExpenses": 41200000, "sellingGeneralAndAdministrativeExpenses": 30833000, "otherExpenses": -3236000, "operatingExpenses": 151709000, "costAndExpenses": 1032197000, "interestIncome": 10469000, "interestExpense": 74961000, "depreciationAndAmortization": 120876000, "ebitda": 496035000, "ebitdaratio": 0.3890110562, "operatingIncome": 214269000, "operatingIncomeRatio": 0.1680385658, "totalOtherIncomeExpensesNet": 97986000, "incomeBeforeTax": 276415000, "incomeBeforeTaxRatio": 0.216776016, "incomeTaxExpense": 11745000, "netIncome": 264670000, "netIncomeRatio": 0.2075651038, "eps": 5.16, "epsdiluted": 5.14, "weightedAverageShsOut": 51294000, "weightedAverageShsOutDil": 51507000, "link": "https://www.sec.gov/Archives/edgar/data/1040829/000155837019001107/0001558370-19-001107-index.htm", "finalLink": "https://www.sec.gov/Archives/edgar/data/1040829/000155837019001107/rhp-20181231x10k.htm", "calculatedOtherExpenses": 149528000, "calculatedOperatingExpenses": 180361000, "calculatedNetInterest": -64492000, "calculatedOtherIncome": 126638000, "calculatedIncomeNonControlling": 0, "calculatedEbitda": 335145000}, {"date": "2017-12-31", "symbol": "RHP", "reportedCurrency": "USD", "cik": "0001040829", "fillingDate": "2018-02-27", "acceptedDate": "2018-02-27 15:53:27", "calendarYear": "2017", "period": "FY", "revenue": 1184719000, "costOfRevenue": 817269000, "grossProfit": 367450000, "grossProfitRatio": 0.3101579362, "researchAndDevelopmentExpenses": 0, "generalAndAdministrativeExpenses": 33495000, "sellingAndMarketingExpenses": 38400000, "sellingGeneralAndAdministrativeExpenses": 33495000, "otherExpenses": -998000, "operatingExpenses": 145454000, "costAndExpenses": 962723000, "interestIncome": 11818000, "interestExpense": 66051000, "depreciationAndAmortization": 111959000, "ebitda": 340373000, "ebitdaratio": 0.2873027275, "operatingIncome": 184652000, "operatingIncomeRatio": 0.1558614321, "totalOtherIncomeExpensesNet": -40818000, "incomeBeforeTax": 126945000, "incomeBeforeTaxRatio": 0.1071519913, "incomeTaxExpense": -49155000, "netIncome": 176100000, "netIncomeRatio": 0.1486428427, "eps": 3.44, "epsdiluted": 3.43, "weightedAverageShsOut": 51147000, "weightedAverageShsOutDil": 51371000, "link": "https://www.sec.gov/Archives/edgar/data/1040829/000119312518060772/0001193125-18-060772-index.htm", "finalLink": "https://www.sec.gov/Archives/edgar/data/1040829/000119312518060772/d503192d10k.htm", "calculatedOtherExpenses": 149303000, "calculatedOperatingExpenses": 182798000, "calculatedNetInterest": -54233000, "calculatedOtherIncome": -3474000, "calculatedIncomeNonControlling": 0, "calculatedEbitda": 296611000}, {"date": "2016-12-31", "symbol": "RHP", "reportedCurrency": "USD", "cik": "0001040829", "fillingDate": "2017-02-28", "acceptedDate": "2017-02-28 12:22:30", "calendarYear": "2016", "period": "FY", "revenue": 1149207000, "costOfRevenue": 796443000, "grossProfit": 352764000, "grossProfitRatio": 0.3069629753, "researchAndDevelopmentExpenses": 0, "generalAndAdministrativeExpenses": 29143000, "sellingAndMarketingExpenses": 36700000, "sellingGeneralAndAdministrativeExpenses": 29143000, "otherExpenses": 4161000, "operatingExpenses": 138959000, "costAndExpenses": 935402000, "interestIncome": 11500000, "interestExpense": 63906000, "depreciationAndAmortization": 109816000, "ebitda": 336488000, "ebitdaratio": 0.2928001657, "operatingIncome": 213805000, "operatingIncomeRatio": 0.1860456819, "totalOtherIncomeExpensesNet": 1367000, "incomeBeforeTax": 162766000, "incomeBeforeTaxRatio": 0.1416333176, "incomeTaxExpense": 3400000, "netIncome": 159366000, "netIncomeRatio": 0.1386747557, "eps": 3.12, "epsdiluted": 3.11, "weightedAverageShsOut": 51009000, "weightedAverageShsOutDil": 51312000, "link": "https://www.sec.gov/Archives/edgar/data/1040829/000119312517061161/0001193125-17-061161-index.htm", "finalLink": "https://www.sec.gov/Archives/edgar/data/1040829/000119312517061161/d285683d10k.htm", "calculatedOtherExpenses": 109816000, "calculatedOperatingExpenses": 138959000, "calculatedNetInterest": -52406000, "calculatedOtherIncome": 1367000, "calculatedIncomeNonControlling": 0, "calculatedEbitda": 323621000}, {"date": "2015-12-31", "symbol": "RHP", "reportedCurrency": "USD", "cik": "0001040829", "fillingDate": "2016-02-26", "acceptedDate": "2016-02-26 13:14:41", "calendarYear": "2015", "period": "FY", "revenue": 1092124000, "costOfRevenue": 766656000, "grossProfit": 325468000, "grossProfitRatio": 0.2980137787, "researchAndDevelopmentExpenses": 0, "generalAndAdministrativeExpenses": 28914000, "sellingAndMarketingExpenses": 36700000, "sellingGeneralAndAdministrativeExpenses": 28914000, "otherExpenses": -11798000, "operatingExpenses": 143297000, "costAndExpenses": 909953000, "interestIncome": 12384000, "interestExpense": 63901000, "depreciationAndAmortization": 114383000, "ebitda": 297140000, "ebitdaratio": 0.2720753321, "operatingIncome": 162062000, "operatingIncomeRatio": 0.1483915746, "totalOtherIncomeExpensesNet": -30998000, "incomeBeforeTax": 99656000, "incomeBeforeTaxRatio": 0.0912497116, "incomeTaxExpense": -11855000, "netIncome": 111511000, "netIncomeRatio": 0.1021047061, "eps": 2.18, "epsdiluted": 2.16, "weightedAverageShsOut": 51241000, "weightedAverageShsOutDil": 51612000, "link": "https://www.sec.gov/Archives/edgar/data/1040829/000119312516480931/0001193125-16-480931-index.htm", "finalLink": "https://www.sec.gov/Archives/edgar/data/1040829/000119312516480931/d60672d10k.htm", "calculatedOtherExpenses": 134492000, "calculatedOperatingExpenses": 163406000, "calculatedNetInterest": -51517000, "calculatedOtherIncome": -10889000, "calculatedIncomeNonControlling": 0, "calculatedEbitda": 276445000}, {"date": "2014-12-31", "symbol": "RHP", "reportedCurrency": "USD", "cik": "0001040829", "fillingDate": "2015-02-26", "acceptedDate": "2015-02-26 12:40:19", "calendarYear": "2014", "period": "FY", "revenue": 1040991000, "costOfRevenue": 748024000, "grossProfit": 292967000, "grossProfitRatio": 0.2814308673, "researchAndDevelopmentExpenses": 2300000, "generalAndAdministrativeExpenses": 27573000, "sellingAndMarketingExpenses": 33299999, "sellingGeneralAndAdministrativeExpenses": 27573000, "otherExpenses": 23404000, "operatingExpenses": 139851000, "costAndExpenses": 887875000, "interestIncome": 12075000, "interestExpense": 61447000, "depreciationAndAmortization": 112278000, "ebitda": 300873000, "ebitdaratio": 0.2890255535, "operatingIncome": 153105000, "operatingIncomeRatio": 0.1470761995, "totalOtherIncomeExpensesNet": 21256000, "incomeBeforeTax": 125000000, "incomeBeforeTaxRatio": 0.1200778873, "incomeTaxExpense": -1467000, "netIncome": 126452000, "netIncomeRatio": 0.1214727121, "eps": 2.38, "epsdiluted": 2.17, "weightedAverageShsOut": 50861000, "weightedAverageShsOutDil": 55880000, "link": "https://www.sec.gov/Archives/edgar/data/1040829/000119312515064903/0001193125-15-064903-index.htm", "finalLink": "https://www.sec.gov/Archives/edgar/data/1040829/000119312515064903/d834786d10k.htm", "calculatedOtherExpenses": 109989000, "calculatedOperatingExpenses": 139862000, "calculatedNetInterest": -49372000, "calculatedOtherIncome": 21267000, "calculatedIncomeNonControlling": 15000, "calculatedEbitda": 265383000}, {"date": "2013-12-31", "symbol": "RHP", "reportedCurrency": "USD", "cik": "0001040829", "fillingDate": "2014-02-28", "acceptedDate": "2014-02-28 11:49:45", "calendarYear": "2013", "period": "FY", "revenue": 954562000, "costOfRevenue": 710334000, "grossProfit": 244228000, "grossProfitRatio": 0.25585347, "researchAndDevelopmentExpenses": 5900000, "generalAndAdministrativeExpenses": 26292000, "sellingAndMarketingExpenses": 28800000, "sellingGeneralAndAdministrativeExpenses": 26292000, "otherExpenses": 2447000, "operatingExpenses": 165010000, "costAndExpenses": 875344000, "interestIncome": 12267000, "interestExpense": 60916000, "depreciationAndAmortization": 116528000, "ebitda": 210470000, "ebitdaratio": 0.2204885592, "operatingIncome": 76188000, "operatingIncomeRatio": 0.0798146165, "totalOtherIncomeExpensesNet": -4754000, "incomeBeforeTax": 25815000, "incomeBeforeTaxRatio": 0.027043817, "incomeTaxExpense": -92662000, "netIncome": 118352000, "netIncomeRatio": 0.1239856604, "eps": 2.22, "epsdiluted": 1.81, "weightedAverageShsOut": 51174000, "weightedAverageShsOutDil": 62810000, "link": "https://www.sec.gov/Archives/edgar/data/1040829/000119312514075712/0001193125-14-075712-index.htm", "finalLink": "https://www.sec.gov/Archives/edgar/data/1040829/000119312514075712/d648694d10k.htm", "calculatedOtherExpenses": 135848000, "calculatedOperatingExpenses": 168040000, "calculatedNetInterest": -48649000, "calculatedOtherIncome": -1724000, "calculatedIncomeNonControlling": 125000, "calculatedEbitda": 192716000}, {"date": "2012-12-31", "symbol": "RHP", "reportedCurrency": "USD", "cik": "0001040829", "fillingDate": "2013-02-27", "acceptedDate": "2013-02-27 16:03:00", "calendarYear": "2012", "period": "FY", "revenue": 986594000, "costOfRevenue": 570905000, "grossProfit": 415689000, "grossProfitRatio": 0.4213374499, "researchAndDevelopmentExpenses": 10000000, "generalAndAdministrativeExpenses": 186590000, "sellingAndMarketingExpenses": 21800000, "sellingGeneralAndAdministrativeExpenses": 186590000, "otherExpenses": 21911000, "operatingExpenses": 419245000, "costAndExpenses": 990150000, "interestIncome": 12307000, "interestExpense": 58582000, "depreciationAndAmortization": 130691000, "ebitda": 161462000, "ebitdaratio": 0.163655972, "operatingIncome": -4754000, "operatingIncomeRatio": -0.0048185981, "totalOtherIncomeExpensesNet": 21162000, "incomeBeforeTax": -28669000, "incomeBeforeTaxRatio": -0.029058559, "incomeTaxExpense": -2034000, "netIncome": -26644000, "netIncomeRatio": -0.027006043, "eps": -0.56, "epsdiluted": -0.56, "weightedAverageShsOut": 47562499, "weightedAverageShsOutDil": 47602000, "link": "https://www.sec.gov/Archives/edgar/data/1040829/000119312513079938/0001193125-13-079938-index.htm", "finalLink": "https://www.sec.gov/Archives/edgar/data/1040829/000119312513079938/d449941d10k.htm", "calculatedOtherExpenses": 223853000, "calculatedOperatingExpenses": 420443000, "calculatedNetInterest": -46275000, "calculatedOtherIncome": 22360000, "calculatedIncomeNonControlling": 9000, "calculatedEbitda": 125937000}, {"date": "2011-12-31", "symbol": "RHP", "reportedCurrency": "USD", "cik": "0001040829", "fillingDate": "2012-02-24", "acceptedDate": "2012-02-24 12:45:16", "calendarYear": "2011", "period": "FY", "revenue": 952144000, "costOfRevenue": 566798000, "grossProfit": 385346000, "grossProfitRatio": 0.4047139928, "researchAndDevelopmentExpenses": 0, "generalAndAdministrativeExpenses": 179301000, "sellingAndMarketingExpenses": 0, "sellingGeneralAndAdministrativeExpenses": 179301000, "otherExpenses": 125289000, "operatingExpenses": 304590000, "costAndExpenses": 871388000, "interestIncome": 12460000, "interestExpense": 74673000, "depreciationAndAmortization": 125289000, "ebitda": 219591000, "ebitdaratio": 0.2306279302, "operatingIncome": 79531000, "operatingIncomeRatio": 0.0835283318, "totalOtherIncomeExpensesNet": -1055000, "incomeBeforeTax": 17488000, "incomeBeforeTaxRatio": 0.0183669697, "incomeTaxExpense": 7420000, "netIncome": 10177000, "netIncomeRatio": 0.0106885093, "eps": 0.21, "epsdiluted": 0.2, "weightedAverageShsOut": 48351000, "weightedAverageShsOutDil": 49783000, "link": "https://www.sec.gov/Archives/edgar/data/1040829/000119312512077439/0001193125-12-077439-index.htm", "finalLink": "https://www.sec.gov/Archives/edgar/data/1040829/000119312512077439/d258303d10k.htm", "calculatedOtherExpenses": 126514000, "calculatedOperatingExpenses": 305815000, "calculatedNetInterest": -62213000, "calculatedOtherIncome": 170000, "calculatedIncomeNonControlling": -109000, "calculatedEbitda": 204820000}, {"date": "2010-12-31", "symbol": "RHP", "reportedCurrency": "USD", "cik": "0001040829", "fillingDate": "2011-02-25", "acceptedDate": "2011-02-25 13:40:50", "calendarYear": "2010", "period": "FY", "revenue": 769961000, "costOfRevenue": 529896000, "grossProfit": 240065000, "grossProfitRatio": 0.3117885192, "researchAndDevelopmentExpenses": 0, "generalAndAdministrativeExpenses": 200490000, "sellingAndMarketingExpenses": -42321000, "sellingGeneralAndAdministrativeExpenses": 158169000, "otherExpenses": 105561000, "operatingExpenses": 306051000, "costAndExpenses": 835947000, "interestIncome": 13124000, "interestExpense": 81426000, "depreciationAndAmortization": 105561000, "ebitda": 52699000, "ebitdaratio": 0.0684437264, "operatingIncome": -65986000, "operatingIncomeRatio": -0.0857004446, "totalOtherIncomeExpensesNet": 1372000, "incomeBeforeTax": -132916000, "incomeBeforeTaxRatio": -0.1726269253, "incomeTaxExpense": -40718000, "netIncome": -89128000, "netIncomeRatio": -0.1157565123, "eps": -1.89, "epsdiluted": -1.87, "weightedAverageShsOut": 47256000, "weightedAverageShsOutDil": 47602000, "link": "https://www.sec.gov/Archives/edgar/data/1040829/000095012311018482/0000950123-11-018482-index.htm", "finalLink": "https://www.sec.gov/Archives/edgar/data/1040829/000095012311018482/g26209e10vk.htm", "calculatedOtherExpenses": 147882000, "calculatedOperatingExpenses": 306051000, "calculatedNetInterest": -68302000, "calculatedOtherIncome": 1372000, "calculatedIncomeNonControlling": -3070000, "calculatedEbitda": 39575000}, {"date": "2009-12-31", "symbol": "RHP", "reportedCurrency": "USD", "cik": "0001040829", "fillingDate": "2010-02-26", "acceptedDate": "2010-02-26 13:13:13", "calendarYear": "2009", "period": "FY", "revenue": 879121000, "costOfRevenue": 531257000, "grossProfit": 347864000, "grossProfitRatio": 0.3956952456, "researchAndDevelopmentExpenses": 0, "generalAndAdministrativeExpenses": 175550000, "sellingAndMarketingExpenses": 0, "sellingGeneralAndAdministrativeExpenses": 175550000, "otherExpenses": 116592000, "operatingExpenses": 292142000, "costAndExpenses": 823399000, "interestIncome": 15087000, "interestExpense": 76592000, "depreciationAndAmortization": 116592000, "ebitda": 187396000, "ebitdaratio": 0.2131629207, "operatingIncome": 49136000, "operatingIncomeRatio": 0.0558921923, "totalOtherIncomeExpensesNet": 14933000, "incomeBeforeTax": 9150000, "incomeBeforeTaxRatio": 0.0104081236, "incomeTaxExpense": 9197000, "netIncome": -23000, "netIncomeRatio": -2.61625e-05, "eps": -0.0005, "epsdiluted": -0.0005, "weightedAverageShsOut": 42490000, "weightedAverageShsOutDil": 42734000, "link": "https://www.sec.gov/Archives/edgar/data/1040829/000095012310017849/0000950123-10-017849-index.htm", "finalLink": "https://www.sec.gov/Archives/edgar/data/1040829/000095012310017849/g22218e10vk.htm", "calculatedOtherExpenses": 123178000, "calculatedOperatingExpenses": 298728000, "calculatedNetInterest": -61505000, "calculatedOtherIncome": 21519000, "calculatedIncomeNonControlling": -24000, "calculatedEbitda": 165728000}, {"date": "2008-12-31", "symbol": "RHP", "reportedCurrency": "USD", "cik": "0001040829", "fillingDate": "2009-03-02", "acceptedDate": "2009-03-02 12:19:49", "calendarYear": "2008", "period": "FY", "revenue": 930869000, "costOfRevenue": 566366000, "grossProfit": 364503000, "grossProfitRatio": 0.3915728207, "researchAndDevelopmentExpenses": 0, "generalAndAdministrativeExpenses": 178809000, "sellingAndMarketingExpenses": 0, "sellingGeneralAndAdministrativeExpenses": 178809000, "otherExpenses": 148228000, "operatingExpenses": 327037000, "costAndExpenses": 893403000, "interestIncome": 12689000, "interestExpense": -64069000, "depreciationAndAmortization": 114182000, "ebitda": 170533000, "ebitdaratio": 0.1831976358, "operatingIncome": 37466000, "operatingIncomeRatio": 0.040248413, "totalOtherIncomeExpensesNet": -18885000, "incomeBeforeTax": 5655000, "incomeBeforeTaxRatio": 0.0060749687, "incomeTaxExpense": 1046000, "netIncome": 4364000, "netIncomeRatio": 0.0046880925, "eps": 0.11, "epsdiluted": 0.11, "weightedAverageShsOut": 40943000, "weightedAverageShsOutDil": 41257000, "link": "https://www.sec.gov/Archives/edgar/data/1040829/000095014409001764/0000950144-09-001764-index.htm", "finalLink": "https://www.sec.gov/Archives/edgar/data/1040829/000095014409001764/g17801e10vk.htm", "calculatedOtherExpenses": 148228000, "calculatedOperatingExpenses": 327037000, "calculatedNetInterest": 76758000, "calculatedOtherIncome": -108569000, "calculatedIncomeNonControlling": 245000, "calculatedEbitda": 151648000}, {"date": "2007-12-31", "symbol": "RHP", "reportedCurrency": "USD", "cik": "0001040829", "fillingDate": "2008-02-28", "acceptedDate": "2008-02-28 16:39:22", "calendarYear": "2007", "period": "FY", "revenue": 747723000, "costOfRevenue": 448975000, "grossProfit": 298748000, "grossProfitRatio": 0.3995436813, "researchAndDevelopmentExpenses": 0, "generalAndAdministrativeExpenses": 178217000, "sellingAndMarketingExpenses": 0, "sellingGeneralAndAdministrativeExpenses": 178217000, "otherExpenses": 77349000, "operatingExpenses": 255566000, "costAndExpenses": 704541000, "interestIncome": 3234000, "interestExpense": -38536000, "depreciationAndAmortization": 91618000, "ebitda": -21973000, "ebitdaratio": -0.0293865509, "operatingIncome": 43182000, "operatingIncomeRatio": 0.057751333, "totalOtherIncomeExpensesNet": 156773000, "incomeBeforeTax": 164653000, "incomeBeforeTaxRatio": 0.2202058784, "incomeTaxExpense": 62665000, "netIncome": 111911000, "netIncomeRatio": 0.1496690619, "eps": 2.73, "epsdiluted": 2.65, "weightedAverageShsOut": 40993040, "weightedAverageShsOutDil": 42230566, "link": "https://www.sec.gov/Archives/edgar/data/1040829/000095014408001484/0000950144-08-001484-index.htm", "finalLink": "https://www.sec.gov/Archives/edgar/data/1040829/000095014408001484/g11912e10vk.htm", "calculatedOtherExpenses": 77349000, "calculatedOperatingExpenses": 255566000, "calculatedNetInterest": 41770000, "calculatedOtherIncome": 79701000, "calculatedIncomeNonControlling": -9923000, "calculatedEbitda": 134800000}, {"date": "2006-12-31", "symbol": "RHP", "reportedCurrency": "USD", "cik": "0001040829", "fillingDate": "2007-02-28", "acceptedDate": "2007-02-28 17:16:42", "calendarYear": "2006", "period": "FY", "revenue": 947922000, "costOfRevenue": 618455000, "grossProfit": 329467000, "grossProfitRatio": 0.3475676269, "researchAndDevelopmentExpenses": 0, "generalAndAdministrativeExpenses": 201363000, "sellingAndMarketingExpenses": 0, "sellingGeneralAndAdministrativeExpenses": 201363000, "otherExpenses": 196550000, "operatingExpenses": 397913000, "costAndExpenses": 1016368000, "interestIncome": 3135000, "interestExpense": -71719000, "depreciationAndAmortization": 115809000, "ebitda": 116320000, "ebitdaratio": 0.1227105184, "operatingIncome": -68446000, "operatingIncomeRatio": -0.072206363, "totalOtherIncomeExpensesNet": -68957000, "incomeBeforeTax": -95277000, "incomeBeforeTaxRatio": -0.1005114345, "incomeTaxExpense": -12445000, "netIncome": -79435000, "netIncomeRatio": -0.083799089, "eps": -1.96, "epsdiluted": -1.91, "weightedAverageShsOut": 40528061, "weightedAverageShsOutDil": 41589005, "link": "https://www.sec.gov/Archives/edgar/data/1040829/000095014407001730/0000950144-07-001730-index.htm", "finalLink": "https://www.sec.gov/Archives/edgar/data/1040829/000095014407001730/g05688e10vk.htm", "calculatedOtherExpenses": 196550000, "calculatedOperatingExpenses": 397913000, "calculatedNetInterest": 74854000, "calculatedOtherIncome": -101685000, "calculatedIncomeNonControlling": -3397000, "calculatedEbitda": 47363000}, {"date": "2005-12-31", "symbol": "RHP", "reportedCurrency": "USD", "cik": "0001040829", "fillingDate": "2006-03-15", "acceptedDate": "2006-03-14 19:13:46", "calendarYear": "2005", "period": "FY", "revenue": 868789000, "costOfRevenue": 554860000, "grossProfit": 313929000, "grossProfitRatio": 0.361340901, "researchAndDevelopmentExpenses": 0, "generalAndAdministrativeExpenses": 209667000, "sellingAndMarketingExpenses": 0, "sellingGeneralAndAdministrativeExpenses": 209667000, "otherExpenses": 83229000, "operatingExpenses": 292896000, "costAndExpenses": 847756000, "interestIncome": 2479000, "interestExpense": -73169000, "depreciationAndAmortization": 112953000, "ebitda": 131010000, "ebitdaratio": 0.1507961081, "operatingIncome": 21033000, "operatingIncomeRatio": 0.0242095607, "totalOtherIncomeExpensesNet": 2976000, "incomeBeforeTax": -46681000, "incomeBeforeTaxRatio": -0.0537311131, "incomeTaxExpense": -15147000, "netIncome": -33950000, "netIncomeRatio": -0.0390773824, "eps": -0.85, "epsdiluted": -0.85, "weightedAverageShsOut": 39941176, "weightedAverageShsOutDil": 39941176, "link": "https://www.sec.gov/Archives/edgar/data/1040829/000095014406002242/0000950144-06-002242-index.htm", "finalLink": "https://www.sec.gov/Archives/edgar/data/1040829/000095014406002242/g00169e10vk.htm", "calculatedOtherExpenses": 83229000, "calculatedOperatingExpenses": 292896000, "calculatedNetInterest": 75648000, "calculatedOtherIncome": -143362000, "calculatedIncomeNonControlling": 2416000, "calculatedEbitda": 133986000}, {"date": "2004-12-31", "symbol": "RHP", "reportedCurrency": "USD", "cik": "0001040829", "fillingDate": "2005-03-14", "acceptedDate": "2005-03-14 17:22:39", "calendarYear": "2004", "period": "FY", "revenue": 749453000, "costOfRevenue": 479864000, "grossProfit": 269589000, "grossProfitRatio": 0.3597143517, "researchAndDevelopmentExpenses": 0, "generalAndAdministrativeExpenses": 204181000, "sellingAndMarketingExpenses": 0, "sellingGeneralAndAdministrativeExpenses": 204181000, "otherExpenses": 79215000, "operatingExpenses": 283396000, "costAndExpenses": 763260000, "interestIncome": 1521000, "interestExpense": -55064000, "depreciationAndAmortization": 107272000, "ebitda": 121340000, "ebitdaratio": 0.1619047492, "operatingIncome": -14003000, "operatingIncomeRatio": -0.0186842937, "totalOtherIncomeExpensesNet": -27875000, "incomeBeforeTax": -94013000, "incomeBeforeTaxRatio": -0.1254421558, "incomeTaxExpense": -39731000, "netIncome": -53638000, "netIncomeRatio": -0.0715695314, "eps": -1.46, "epsdiluted": -1.35, "weightedAverageShsOut": 36738356, "weightedAverageShsOutDil": 39731852, "link": "https://www.sec.gov/Archives/edgar/data/1040829/000095014405002490/0000950144-05-002490-index.htm", "finalLink": "https://www.sec.gov/Archives/edgar/data/1040829/000095014405002490/g93695e10vk.htm", "calculatedOtherExpenses": 79411000, "calculatedOperatingExpenses": 283592000, "calculatedNetInterest": 56585000, "calculatedOtherIncome": -136595000, "calculatedIncomeNonControlling": -644000, "calculatedEbitda": 93269000}, {"date": "2003-12-31", "symbol": "RHP", "reportedCurrency": "USD", "cik": "0001040829", "fillingDate": "2004-03-12", "acceptedDate": "2004-03-11 20:03:10", "calendarYear": "2003", "period": "FY", "revenue": 448800000, "costOfRevenue": 276937000, "grossProfit": 171863000, "grossProfitRatio": 0.3829389483, "researchAndDevelopmentExpenses": 0, "generalAndAdministrativeExpenses": 128740000, "sellingAndMarketingExpenses": 0, "sellingGeneralAndAdministrativeExpenses": 128740000, "otherExpenses": 59806000, "operatingExpenses": 188546000, "costAndExpenses": 465483000, "interestIncome": 2461000, "interestExpense": -52804000, "depreciationAndAmortization": 94169000, "ebitda": 69530000, "ebitdaratio": 0.1549242424, "operatingIncome": -16683000, "operatingIncomeRatio": -0.0371724599, "totalOtherIncomeExpensesNet": 7956000, "incomeBeforeTax": -58214000, "incomeBeforeTaxRatio": -0.1297103387, "incomeTaxExpense": -24669000, "netIncome": 826000, "netIncomeRatio": 0.0018404635, "eps": -0.89, "epsdiluted": -0.89, "weightedAverageShsOut": 34000000, "weightedAverageShsOutDil": 34000000, "link": "https://www.sec.gov/Archives/edgar/data/1040829/000095014404002344/0000950144-04-002344-index.htm", "finalLink": "https://www.sec.gov/Archives/edgar/data/1040829/000095014404002344/g87589e10vk.htm", "calculatedOtherExpenses": 59806000, "calculatedOperatingExpenses": 188546000, "calculatedNetInterest": 55265000, "calculatedOtherIncome": -96796000, "calculatedIncomeNonControlling": -34371000, "calculatedEbitda": 77486000}, {"date": "2002-12-31", "symbol": "RHP", "reportedCurrency": "USD", "cik": "0001040829", "fillingDate": "2003-03-31", "acceptedDate": "2003-03-31 10:32:58", "calendarYear": "2002", "period": "FY", "revenue": 414358000, "costOfRevenue": 260357000, "grossProfit": 154001000, "grossProfitRatio": 0.3716617032, "researchAndDevelopmentExpenses": 0, "generalAndAdministrativeExpenses": 119532000, "sellingAndMarketingExpenses": 0, "sellingGeneralAndAdministrativeExpenses": 119532000, "otherExpenses": 26091000, "operatingExpenses": 145623000, "costAndExpenses": 405980000, "interestIncome": 0, "interestExpense": 0, "depreciationAndAmortization": 92784000, "ebitda": 20297000, "ebitdaratio": 0.0489842117, "operatingIncome": 8375000, "operatingIncomeRatio": 0.0202119906, "totalOtherIncomeExpensesNet": 80865000, "incomeBeforeTax": 14562000, "incomeBeforeTaxRatio": 0.0351435232, "incomeTaxExpense": 1806000, "netIncome": 95144000, "netIncomeRatio": 0.2296178667, "eps": 0.41, "epsdiluted": 0.41, "weightedAverageShsOut": 33780495, "weightedAverageShsOutDil": 33780495, "link": "https://www.sec.gov/Archives/edgar/data/1040829/000095014403004173/0000950144-03-004173-index.htm", "finalLink": "https://www.sec.gov/Archives/edgar/data/1040829/000095014403004173/g81512e10vk.txt", "calculatedOtherExpenses": 26094000, "calculatedOperatingExpenses": 145626000, "calculatedNetInterest": 0, "calculatedOtherIncome": 6187000, "calculatedIncomeNonControlling": -82388000, "calculatedEbitda": 101159000}, {"date": "2001-12-31", "symbol": "RHP", "reportedCurrency": "USD", "cik": "0001040829", "fillingDate": "2002-04-01", "acceptedDate": "2002-04-01 00:00:00", "calendarYear": "2001", "period": "FY", "revenue": 325159000, "costOfRevenue": 218357000, "grossProfit": 106802000, "grossProfitRatio": 0.3284608453, "researchAndDevelopmentExpenses": 0, "generalAndAdministrativeExpenses": 86859000, "sellingAndMarketingExpenses": 0, "sellingGeneralAndAdministrativeExpenses": 86859000, "otherExpenses": 55537000, "operatingExpenses": 142396000, "costAndExpenses": 360753000, "interestIncome": 0, "interestExpense": 0, "depreciationAndAmortization": 77262000, "ebitda": -2928000, "ebitdaratio": -0.0090048253, "operatingIncome": -37776000, "operatingIncomeRatio": -0.1161770088, "totalOtherIncomeExpensesNet": 44596000, "incomeBeforeTax": -10476000, "incomeBeforeTaxRatio": -0.0322180841, "incomeTaxExpense": -3188000, "netIncome": -47743000, "netIncomeRatio": -0.1468297049, "eps": -1.42, "epsdiluted": -1.42, "weightedAverageShsOut": 33691781, "weightedAverageShsOutDil": 33691781, "link": "https://www.sec.gov/Archives/edgar/data/1040829/000095014402003186/0000950144-02-003186-index.htm", "finalLink": "https://www.sec.gov/Archives/edgar/data/1040829/000095014402003186/g74977e10-k.txt", "calculatedOtherExpenses": 57719000, "calculatedOperatingExpenses": 144578000, "calculatedNetInterest": 0, "calculatedOtherIncome": 27300000, "calculatedIncomeNonControlling": 40455000, "calculatedEbitda": 39486000}, {"date": "2000-12-31", "symbol": "RHP", "reportedCurrency": "USD", "cik": "0001040829", "fillingDate": "2001-04-02", "acceptedDate": "2001-04-02 00:00:00", "calendarYear": "2000", "period": "FY", "revenue": 514380000, "costOfRevenue": 367886000, "grossProfit": 146494000, "grossProfitRatio": 0.2847972316, "researchAndDevelopmentExpenses": 0, "generalAndAdministrativeExpenses": 161403000, "sellingAndMarketingExpenses": 0, "sellingGeneralAndAdministrativeExpenses": 161403000, "otherExpenses": 58455000, "operatingExpenses": 219858000, "costAndExpenses": 587744000, "interestIncome": 0, "interestExpense": 0, "depreciationAndAmortization": 79235000, "ebitda": 132150000, "ebitdaratio": 0.2569112329, "operatingIncome": -73364000, "operatingIncomeRatio": -0.1426260741, "totalOtherIncomeExpensesNet": -126279000, "incomeBeforeTax": -226543000, "incomeBeforeTaxRatio": -0.4404195342, "incomeTaxExpense": -73073000, "netIncome": -153470000, "netIncomeRatio": -0.2983591897, "eps": -4.62, "epsdiluted": -4.62, "weightedAverageShsOut": 33203404, "weightedAverageShsOutDil": 33203404, "link": "https://www.sec.gov/Archives/edgar/data/1040829/000095014401004631/0000950144-01-004631-index.htm", "finalLink": "https://www.sec.gov/Archives/edgar/data/1040829/000095014401004631/g68099e10-k.txt", "calculatedOtherExpenses": 58455000, "calculatedOperatingExpenses": 219858000, "calculatedNetInterest": 0, "calculatedOtherIncome": -153179000, "calculatedIncomeNonControlling": 0, "calculatedEbitda": 5871000}, {"date": "1999-12-31", "symbol": "RHP", "reportedCurrency": "USD", "cik": "0001040829", "fillingDate": "2000-03-30", "acceptedDate": "2000-03-30 00:00:00", "calendarYear": "1999", "period": "FY", "revenue": 510800000, "costOfRevenue": 324600000, "grossProfit": 186200000, "grossProfitRatio": 0.3645262334, "researchAndDevelopmentExpenses": 0, "generalAndAdministrativeExpenses": 138300000, "sellingAndMarketingExpenses": 0, "sellingGeneralAndAdministrativeExpenses": 138300000, "otherExpenses": 52600000, "operatingExpenses": 190900000, "costAndExpenses": 515500000, "interestIncome": 0, "interestExpense": 0, "depreciationAndAmortization": 52600000, "ebitda": -528100000, "ebitdaratio": -1.0338684417, "operatingIncome": -4700000, "operatingIncomeRatio": -0.0092012529, "totalOtherIncomeExpensesNet": 576000000, "incomeBeforeTax": 561500000, "incomeBeforeTaxRatio": 1.0992560689, "incomeTaxExpense": 211700000, "netIncome": 349800000, "netIncomeRatio": 0.6848081441, "eps": 11.96, "epsdiluted": 11.85, "weightedAverageShsOut": 29246823, "weightedAverageShsOutDil": 29518312, "link": "https://www.sec.gov/Archives/edgar/data/1040829/000095014400004089/0000950144-00-004089-index.html", "finalLink": "https://www.sec.gov/Archives/edgar/data/1040829/000095014400004089/", "calculatedOtherExpenses": 52600000, "calculatedOperatingExpenses": 190900000, "calculatedNetInterest": 0, "calculatedOtherIncome": 566200000, "calculatedIncomeNonControlling": 0, "calculatedEbitda": 47900000}, {"date": "1998-12-31", "symbol": "RHP", "reportedCurrency": "USD", "cik": "0001040829", "fillingDate": "1999-03-31", "acceptedDate": "1999-03-31 00:00:00", "calendarYear": "1998", "period": "FY", "revenue": 524500000, "costOfRevenue": 315100000, "grossProfit": 209400000, "grossProfitRatio": 0.3992373689, "researchAndDevelopmentExpenses": 0, "generalAndAdministrativeExpenses": 123700000, "sellingAndMarketingExpenses": 0, "sellingGeneralAndAdministrativeExpenses": 123700000, "otherExpenses": 42800000, "operatingExpenses": 166500000, "costAndExpenses": 481600000, "interestIncome": 0, "interestExpense": 0, "depreciationAndAmortization": 42800000, "ebitda": 48700000, "ebitdaratio": 0.0928503337, "operatingIncome": 42900000, "operatingIncomeRatio": 0.081792183, "totalOtherIncomeExpensesNet": 37000000, "incomeBeforeTax": 49900000, "incomeBeforeTaxRatio": 0.0951382269, "incomeTaxExpense": 18700000, "netIncome": 31200000, "netIncomeRatio": 0.059485224, "eps": 0.9, "epsdiluted": 0.89, "weightedAverageShsOut": 34666667, "weightedAverageShsOutDil": 35056180, "link": "https://www.sec.gov/Archives/edgar/data/1040829/000095014499003817/0000950144-99-003817-index.html", "finalLink": "https://www.sec.gov/Archives/edgar/data/1040829/", "calculatedOtherExpenses": 42800000, "calculatedOperatingExpenses": 166500000, "calculatedNetInterest": 0, "calculatedOtherIncome": 7000000, "calculatedIncomeNonControlling": 0, "calculatedEbitda": 85700000}, {"date": "1997-12-31", "symbol": "RHP", "reportedCurrency": "USD", "cik": "0001040829", "fillingDate": "1998-03-31", "acceptedDate": "1998-03-31 00:00:00", "calendarYear": "1997", "period": "FY", "revenue": 826000000, "costOfRevenue": 511200000, "grossProfit": 314800000, "grossProfitRatio": 0.3811138015, "researchAndDevelopmentExpenses": 0, "generalAndAdministrativeExpenses": 161300000, "sellingAndMarketingExpenses": 0, "sellingGeneralAndAdministrativeExpenses": 161300000, "otherExpenses": 53400000, "operatingExpenses": 214700000, "costAndExpenses": 725900000, "interestIncome": 0, "interestExpense": 0, "depreciationAndAmortization": 53400000, "ebitda": 64200000, "ebitdaratio": 0.0777239709, "operatingIncome": 100100000, "operatingIncomeRatio": 0.1211864407, "totalOtherIncomeExpensesNet": 89300000, "incomeBeforeTax": 162200000, "incomeBeforeTaxRatio": 0.1963680387, "incomeTaxExpense": 10800000, "netIncome": 143900000, "netIncomeRatio": 0.1742130751, "eps": 4.45, "epsdiluted": 4.41, "weightedAverageShsOut": 32337079, "weightedAverageShsOutDil": 32630385, "link": "https://www.sec.gov/Archives/edgar/data/1040829/000095014498003815/0000950144-98-003815-index.html", "finalLink": "https://www.sec.gov/Archives/edgar/data/1040829/", "calculatedOtherExpenses": 53400000, "calculatedOperatingExpenses": 214700000, "calculatedNetInterest": 0, "calculatedOtherIncome": 62100000, "calculatedIncomeNonControlling": 7500000, "calculatedEbitda": 153500000}, {"date": "1996-12-31", "symbol": "RHP", "reportedCurrency": "USD", "cik": "0001040829", "fillingDate": "1996-12-31", "acceptedDate": "1996-12-31 00:00:00", "calendarYear": "1996", "period": "FY", "revenue": 747200000, "costOfRevenue": 443200000, "grossProfit": 304000000, "grossProfitRatio": 0.4068522484, "researchAndDevelopmentExpenses": 0, "generalAndAdministrativeExpenses": 0, "sellingAndMarketingExpenses": 0, "sellingGeneralAndAdministrativeExpenses": 125500000, "otherExpenses": 48900000, "operatingExpenses": 174400000, "costAndExpenses": 617600000, "interestIncome": 0, "interestExpense": 0, "depreciationAndAmortization": 48900000, "ebitda": 83900000, "ebitdaratio": 0.1122858672, "operatingIncome": 129600000, "operatingIncomeRatio": 0.1734475375, "totalOtherIncomeExpensesNet": 94600000, "incomeBeforeTax": 204700000, "incomeBeforeTaxRatio": 0.2739561028, "incomeTaxExpense": 73500000, "netIncome": 131200000, "netIncomeRatio": 0.1755888651, "eps": 4.07, "epsdiluted": 4.07, "weightedAverageShsOut": 32235872, "weightedAverageShsOutDil": 32235872, "link": null, "finalLink": null, "calculatedOtherExpenses": 48900000, "calculatedOperatingExpenses": 174400000, "calculatedNetInterest": 0, "calculatedOtherIncome": 75100000, "calculatedIncomeNonControlling": 0, "calculatedEbitda": 178500000}]}