{"originalCurrency": "USD", "convertedCurrency": "USD", "report": [{"date": "2023-12-31", "symbol": "RITM", "reportedCurrency": "USD", "cik": "0001556593", "fillingDate": "2024-02-20", "acceptedDate": "2024-02-16 19:10:12", "calendarYear": "2023", "period": "FY", "revenue": 1294571000, "costOfRevenue": 787092000, "grossProfit": 507479000, "grossProfitRatio": 0.392005537, "researchAndDevelopmentExpenses": 0, "generalAndAdministrativeExpenses": 730752000, "sellingAndMarketingExpenses": 0, "sellingGeneralAndAdministrativeExpenses": 730752000, "otherExpenses": -1444161000, "operatingExpenses": 730752000, "costAndExpenses": 1517844000, "interestIncome": 1676324000, "interestExpense": 1421254000, "depreciationAndAmortization": 28200000, "ebitda": -223273000, "ebitdaratio": -0.1724687174, "operatingIncome": -223273000, "operatingIncomeRatio": -0.1724687174, "totalOtherIncomeExpensesNet": 976106000, "incomeBeforeTax": 752833000, "incomeBeforeTaxRatio": 0.5815308701, "incomeTaxExpense": 122159000, "netIncome": 622257000, "netIncomeRatio": 0.4806665683, "eps": 1.11, "epsdiluted": 1.1, "weightedAverageShsOut": 481934951, "weightedAverageShsOutDil": 483716715, "link": "https://www.sec.gov/Archives/edgar/data/1556593/000155659324000007/0001556593-24-000007-index.htm", "finalLink": "https://www.sec.gov/Archives/edgar/data/1556593/000155659324000007/nrz-20231231.htm", "calculatedOtherExpenses": 0, "calculatedOperatingExpenses": 730752000, "calculatedNetInterest": 255070000, "calculatedOtherIncome": 721036000, "calculatedIncomeNonControlling": 8417000, "calculatedEbitda": -195073000}, {"date": "2022-12-31", "symbol": "RITM", "reportedCurrency": "USD", "cik": "0001556593", "fillingDate": "2023-02-17", "acceptedDate": "2023-02-16 21:29:28", "calendarYear": "2022", "period": "FY", "revenue": 3815849000, "costOfRevenue": 1231446000, "grossProfit": 2584403000, "grossProfitRatio": 0.6772812551, "researchAndDevelopmentExpenses": 0, "generalAndAdministrativeExpenses": 2106874000, "sellingAndMarketingExpenses": 0, "sellingGeneralAndAdministrativeExpenses": 2106874000, "otherExpenses": 993183000, "operatingExpenses": 875428000, "costAndExpenses": 2106874000, "interestIncome": 1075981000, "interestExpense": 791001000, "depreciationAndAmortization": -91891000000, "ebitda": -90091000000, "ebitdaratio": -23.6096868613, "operatingIncome": 1800000000, "operatingIncomeRatio": 0.4717167791, "totalOtherIncomeExpensesNet": -537199000, "incomeBeforeTax": 1262801000, "incomeBeforeTaxRatio": 0.3309357891, "incomeTaxExpense": 279516000, "netIncome": 954519000, "netIncomeRatio": 0.2501459046, "eps": 1.84, "epsdiluted": 1.8, "weightedAverageShsOut": 468836718, "weightedAverageShsOutDil": 481636125, "link": "https://www.sec.gov/Archives/edgar/data/1556593/000155659323000012/0001556593-23-000012-index.htm", "finalLink": "https://www.sec.gov/Archives/edgar/data/1556593/000155659323000012/nrz-20221231.htm", "calculatedOtherExpenses": -1322471000, "calculatedOperatingExpenses": 784403000, "calculatedNetInterest": 284980000, "calculatedOtherIncome": -822179000, "calculatedIncomeNonControlling": 28766000, "calculatedEbitda": -90091000000}, {"date": "2021-12-31", "symbol": "RITM", "reportedCurrency": "USD", "cik": "0001556593", "fillingDate": "2022-02-17", "acceptedDate": "2022-02-16 21:15:32", "calendarYear": "2021", "period": "FY", "revenue": 3041029000, "costOfRevenue": 1117267000, "grossProfit": 1923762000, "grossProfitRatio": 0.6326023198, "researchAndDevelopmentExpenses": 0, "generalAndAdministrativeExpenses": 2023838000, "sellingAndMarketingExpenses": 0, "sellingGeneralAndAdministrativeExpenses": 2023838000, "otherExpenses": -4134415000, "operatingExpenses": -2110577000, "costAndExpenses": -2110577000, "interestIncome": 810896000, "interestExpense": 497308000, "depreciationAndAmortization": 6072000, "ebitda": 936524000, "ebitdaratio": 0.3079628639, "operatingIncome": 930452000, "operatingIncomeRatio": 0.3059661713, "totalOtherIncomeExpensesNet": 33356000, "incomeBeforeTax": 963808000, "incomeBeforeTaxRatio": 0.316934827, "incomeTaxExpense": 158226000, "netIncome": 772226000, "netIncomeRatio": 0.2539357566, "eps": 1.56, "epsdiluted": 1.51, "weightedAverageShsOut": 451276742, "weightedAverageShsOutDil": 467665006, "link": "https://www.sec.gov/Archives/edgar/data/1556593/000155659322000008/0001556593-22-000008-index.htm", "finalLink": "https://www.sec.gov/Archives/edgar/data/1556593/000155659322000008/nrz-20211231.htm", "calculatedOtherExpenses": -1030528000, "calculatedOperatingExpenses": 993310000, "calculatedNetInterest": 313588000, "calculatedOtherIncome": -280232000, "calculatedIncomeNonControlling": 33356000, "calculatedEbitda": 936524000}, {"date": "2020-12-31", "symbol": "RITM", "reportedCurrency": "USD", "cik": "0001556593", "fillingDate": "2021-02-16", "acceptedDate": "2021-02-16 07:45:07", "calendarYear": "2020", "period": "FY", "revenue": -21339000, "costOfRevenue": 110208000, "grossProfit": -131547000, "grossProfitRatio": 6.1646281456, "researchAndDevelopmentExpenses": 0, "generalAndAdministrativeExpenses": 1120087000, "sellingAndMarketingExpenses": 0, "sellingGeneralAndAdministrativeExpenses": 1120087000, "otherExpenses": -2797000, "operatingExpenses": 1117290000, "costAndExpenses": 1117290000, "interestIncome": 1102537000, "interestExpense": 584469000, "depreciationAndAmortization": 625000, "ebitda": -1393442000, "ebitdaratio": 65.3002483715, "operatingIncome": -1393442000, "operatingIncomeRatio": 65.3002483715, "totalOtherIncomeExpensesNet": 52674000, "incomeBeforeTax": -1340768000, "incomeBeforeTaxRatio": 62.8318103004, "incomeTaxExpense": 16916000, "netIncome": -1357684000, "netIncomeRatio": 63.6245372323, "eps": -3.27, "epsdiluted": -3.27, "weightedAverageShsOut": 415513187, "weightedAverageShsOutDil": 415513187, "link": "https://www.sec.gov/Archives/edgar/data/1556593/000155659321000004/0001556593-21-000004-index.htm", "finalLink": "https://www.sec.gov/Archives/edgar/data/1556593/000155659321000004/nrz-20201231.htm", "calculatedOtherExpenses": 141808000, "calculatedOperatingExpenses": 1261895000, "calculatedNetInterest": 518068000, "calculatedOtherIncome": -465394000, "calculatedIncomeNonControlling": 0, "calculatedEbitda": -1392817000}, {"date": "2019-12-31", "symbol": "RITM", "reportedCurrency": "USD", "cik": "0001556593", "fillingDate": "2020-02-20", "acceptedDate": "2020-02-19 20:41:08", "calendarYear": "2019", "period": "FY", "revenue": 1392675000, "costOfRevenue": 430583000, "grossProfit": 962092000, "grossProfitRatio": 0.6908230563, "researchAndDevelopmentExpenses": 0, "generalAndAdministrativeExpenses": 538035000, "sellingAndMarketingExpenses": 0, "sellingGeneralAndAdministrativeExpenses": 538035000, "otherExpenses": 44149000, "operatingExpenses": 582184000, "costAndExpenses": 582184000, "interestIncome": 1766130000, "interestExpense": 933751000, "depreciationAndAmortization": -608647000, "ebitda": 605062000, "ebitdaratio": 0.4344603012, "operatingIncome": 605062000, "operatingIncomeRatio": 0.4344603012, "totalOtherIncomeExpensesNet": 42637000, "incomeBeforeTax": 647699000, "incomeBeforeTaxRatio": 0.4650754842, "incomeTaxExpense": 41766000, "netIncome": 563296000, "netIncomeRatio": 0.4044705333, "eps": 1.35, "epsdiluted": 1.34, "weightedAverageShsOut": 408789642, "weightedAverageShsOutDil": 408990107, "link": "https://www.sec.gov/Archives/edgar/data/1556593/000155659320000004/0001556593-20-000004-index.htm", "finalLink": "https://www.sec.gov/Archives/edgar/data/1556593/000155659320000004/nrz-20191231x10xk.htm", "calculatedOtherExpenses": -181005000, "calculatedOperatingExpenses": 357030000, "calculatedNetInterest": 832379000, "calculatedOtherIncome": -789742000, "calculatedIncomeNonControlling": 42637000, "calculatedEbitda": -3585000}, {"date": "2018-12-31", "symbol": "RITM", "reportedCurrency": "USD", "cik": "0001556593", "fillingDate": "2019-02-19", "acceptedDate": "2019-02-15 18:57:42", "calendarYear": "2018", "period": "FY", "revenue": 1429563000, "costOfRevenue": 63235000, "grossProfit": 1366328000, "grossProfitRatio": 0.9557662027, "researchAndDevelopmentExpenses": 0, "generalAndAdministrativeExpenses": 231579000, "sellingAndMarketingExpenses": 0, "sellingGeneralAndAdministrativeExpenses": 231579000, "otherExpenses": -18749000, "operatingExpenses": 115537000, "costAndExpenses": 115537000, "interestIncome": 1664223000, "interestExpense": 606433000, "depreciationAndAmortization": -932681000, "ebitda": 1496969000, "ebitdaratio": 1.0471514722, "operatingIncome": 1496969000, "operatingIncomeRatio": 1.0471514722, "totalOtherIncomeExpensesNet": -565869000, "incomeBeforeTax": 931100000, "incomeBeforeTaxRatio": 0.6513179202, "incomeTaxExpense": -73431000, "netIncome": 963967000, "netIncomeRatio": 0.6743088622, "eps": 2.82, "epsdiluted": 2.81, "weightedAverageShsOut": 341268923, "weightedAverageShsOutDil": 343137361, "link": "https://www.sec.gov/Archives/edgar/data/1556593/000155659319000006/0001556593-19-000006-index.htm", "finalLink": "https://www.sec.gov/Archives/edgar/data/1556593/000155659319000006/nrz-20181231x10xk.htm", "calculatedOtherExpenses": -362220000, "calculatedOperatingExpenses": -130641000, "calculatedNetInterest": 1057790000, "calculatedOtherIncome": -1623659000, "calculatedIncomeNonControlling": 40564000, "calculatedEbitda": 564288000}, {"date": "2017-12-31", "symbol": "RITM", "reportedCurrency": "USD", "cik": "0001556593", "fillingDate": "2018-02-15", "acceptedDate": "2018-02-14 18:12:29", "calendarYear": "2017", "period": "FY", "revenue": 1389205000, "costOfRevenue": 355918000, "grossProfit": 1033287000, "grossProfitRatio": 0.7437973517, "researchAndDevelopmentExpenses": 0, "generalAndAdministrativeExpenses": 67159000, "sellingAndMarketingExpenses": 0, "sellingGeneralAndAdministrativeExpenses": 67159000, "otherExpenses": 83333000, "operatingExpenses": 67159000, "costAndExpenses": 67159000, "interestIncome": 1519679000, "interestExpense": 460865000, "depreciationAndAmortization": -1182280000, "ebitda": 1586026000, "ebitdaratio": 1.1416788739, "operatingIncome": 1586026000, "operatingIncomeRatio": 1.1416788739, "totalOtherIncomeExpensesNet": -403746000, "incomeBeforeTax": 1182280000, "incomeBeforeTaxRatio": 0.8510479015, "incomeTaxExpense": 167628000, "netIncome": 957533000, "netIncomeRatio": 0.6892668829, "eps": 3.17, "epsdiluted": 3.15, "weightedAverageShsOut": 302238065, "weightedAverageShsOutDil": 304381388, "link": "https://www.sec.gov/Archives/edgar/data/1556593/000155659318000008/0001556593-18-000008-index.htm", "finalLink": "https://www.sec.gov/Archives/edgar/data/1556593/000155659318000008/nrz-20171231x10xk.htm", "calculatedOtherExpenses": -619898000, "calculatedOperatingExpenses": -552739000, "calculatedNetInterest": 1058814000, "calculatedOtherIncome": -1462560000, "calculatedIncomeNonControlling": 57119000, "calculatedEbitda": 403746000}, {"date": "2016-12-31", "symbol": "RITM", "reportedCurrency": "USD", "cik": "0001556593", "fillingDate": "2017-02-22", "acceptedDate": "2017-02-21 21:06:50", "calendarYear": "2016", "period": "FY", "revenue": 822755000, "costOfRevenue": 136140000, "grossProfit": 686615000, "grossProfitRatio": 0.8345315434, "researchAndDevelopmentExpenses": 0, "generalAndAdministrativeExpenses": 38570000, "sellingAndMarketingExpenses": 0, "sellingGeneralAndAdministrativeExpenses": 38570000, "otherExpenses": 9229000, "operatingExpenses": 38570000, "costAndExpenses": 38570000, "interestIncome": 1076735000, "interestExpense": 373424000, "depreciationAndAmortization": -621627000, "ebitda": 916788000, "ebitdaratio": 1.1142904024, "operatingIncome": 916788000, "operatingIncomeRatio": 1.1142904024, "totalOtherIncomeExpensesNet": -295161000, "incomeBeforeTax": 621627000, "incomeBeforeTaxRatio": 0.7555432662, "incomeTaxExpense": 38911000, "netIncome": 504453000, "netIncomeRatio": 0.6131266294, "eps": 2.12, "epsdiluted": 2.12, "weightedAverageShsOut": 238122665, "weightedAverageShsOutDil": 238486772, "link": "https://www.sec.gov/Archives/edgar/data/1556593/000155659317000005/0001556593-17-000005-index.htm", "finalLink": "https://www.sec.gov/Archives/edgar/data/1556593/000155659317000005/nrz-20161231x10xk.htm", "calculatedOtherExpenses": -268743000, "calculatedOperatingExpenses": -230173000, "calculatedNetInterest": 703311000, "calculatedOtherIncome": -998472000, "calculatedIncomeNonControlling": 78263000, "calculatedEbitda": 295161000}, {"date": "2015-12-31", "symbol": "RITM", "reportedCurrency": "USD", "cik": "0001556593", "fillingDate": "2016-02-26", "acceptedDate": "2016-02-25 18:34:24", "calendarYear": "2015", "period": "FY", "revenue": 338328000, "costOfRevenue": 56461000, "grossProfit": 281867000, "grossProfitRatio": 0.8331175664, "researchAndDevelopmentExpenses": 0, "generalAndAdministrativeExpenses": 49962000, "sellingAndMarketingExpenses": 0, "sellingGeneralAndAdministrativeExpenses": 49962000, "otherExpenses": 55303000, "operatingExpenses": 61862000, "costAndExpenses": 61862000, "interestIncome": 645072000, "interestExpense": 274013000, "depreciationAndAmortization": -287881000, "ebitda": 531648000, "ebitdaratio": 1.5713981698, "operatingIncome": 531648000, "operatingIncomeRatio": 1.5713981698, "totalOtherIncomeExpensesNet": -260767000, "incomeBeforeTax": 270881000, "incomeBeforeTaxRatio": 0.8006461186, "incomeTaxExpense": -11001000, "netIncome": 268636000, "netIncomeRatio": 0.794010546, "eps": 1.34, "epsdiluted": 1.32, "weightedAverageShsOut": 200739809, "weightedAverageShsOutDil": 202907605, "link": "https://www.sec.gov/Archives/edgar/data/1556593/000155659316000025/0001556593-16-000025-index.htm", "finalLink": "https://www.sec.gov/Archives/edgar/data/1556593/000155659316000025/nrz-20151231x10xk.htm", "calculatedOtherExpenses": -299743000, "calculatedOperatingExpenses": -249781000, "calculatedNetInterest": 371059000, "calculatedOtherIncome": -631826000, "calculatedIncomeNonControlling": 13246000, "calculatedEbitda": 243767000}, {"date": "2014-12-31", "symbol": "RITM", "reportedCurrency": "USD", "cik": "0001556593", "fillingDate": "2015-03-02", "acceptedDate": "2015-03-02 16:47:30", "calendarYear": "2014", "period": "FY", "revenue": 478429000, "costOfRevenue": 3913000, "grossProfit": 474516000, "grossProfitRatio": 0.991821148, "researchAndDevelopmentExpenses": 0, "generalAndAdministrativeExpenses": 27001000, "sellingAndMarketingExpenses": 0, "sellingGeneralAndAdministrativeExpenses": 27001000, "otherExpenses": 98895000, "operatingExpenses": 27001000, "costAndExpenses": 27001000, "interestIncome": 346857000, "interestExpense": 140708000, "depreciationAndAmortization": -460056000, "ebitda": 516542000, "ebitdaratio": 1.0796628131, "operatingIncome": 516542000, "operatingIncomeRatio": 1.0796628131, "totalOtherIncomeExpensesNet": -51486000, "incomeBeforeTax": 465056000, "incomeBeforeTaxRatio": 0.9720480991, "incomeTaxExpense": 22957000, "netIncome": 352877000, "netIncomeRatio": 0.7375744363, "eps": 2.59, "epsdiluted": 2.53, "weightedAverageShsOut": 136472865, "weightedAverageShsOutDil": 139565709, "link": "https://www.sec.gov/Archives/edgar/data/1556593/000155659315000003/0001556593-15-000003-index.htm", "finalLink": "https://www.sec.gov/Archives/edgar/data/1556593/000155659315000003/nrz-20141231x10xk.htm", "calculatedOtherExpenses": -69027000, "calculatedOperatingExpenses": -42026000, "calculatedNetInterest": 206149000, "calculatedOtherIncome": -257635000, "calculatedIncomeNonControlling": 89222000, "calculatedEbitda": 56486000}, {"date": "2013-12-31", "symbol": "RITM", "reportedCurrency": "USD", "cik": "0001556593", "fillingDate": "2014-03-28", "acceptedDate": "2014-03-28 17:10:47", "calendarYear": "2013", "period": "FY", "revenue": 313551000, "costOfRevenue": 309000, "grossProfit": 313242000, "grossProfitRatio": 0.9990145144, "researchAndDevelopmentExpenses": 0, "generalAndAdministrativeExpenses": 10284000, "sellingAndMarketingExpenses": 0, "sellingGeneralAndAdministrativeExpenses": 10284000, "otherExpenses": 241008000, "operatingExpenses": 42474000, "costAndExpenses": 42474000, "interestIncome": 87567000, "interestExpense": 15024000, "depreciationAndAmortization": -265623000, "ebitda": 280973000, "ebitdaratio": 0.896099837, "operatingIncome": 280973000, "operatingIncomeRatio": 0.896099837, "totalOtherIncomeExpensesNet": -15350000, "incomeBeforeTax": 265623000, "incomeBeforeTaxRatio": 0.8471444837, "incomeTaxExpense": -326000, "netIncome": 265949000, "netIncomeRatio": 0.8481841869, "eps": 2.1, "epsdiluted": 2.07, "weightedAverageShsOut": 126539024, "weightedAverageShsOutDil": 128684128, "link": "https://www.sec.gov/Archives/edgar/data/1556593/000119312514121746/0001193125-14-121746-index.htm", "finalLink": "https://www.sec.gov/Archives/edgar/data/1556593/000119312514121746/d695679d10k.htm", "calculatedOtherExpenses": 21985000, "calculatedOperatingExpenses": 32269000, "calculatedNetInterest": 72543000, "calculatedOtherIncome": -87893000, "calculatedIncomeNonControlling": 0, "calculatedEbitda": 15350000}, {"date": "2012-12-31", "symbol": "RITM", "reportedCurrency": "USD", "cik": "0001556593", "fillingDate": "2012-12-31", "acceptedDate": "2012-12-30 19:00:00", "calendarYear": "2012", "period": "FY", "revenue": 41455000, "costOfRevenue": 0, "grossProfit": 41455000, "grossProfitRatio": 1, "researchAndDevelopmentExpenses": 0, "generalAndAdministrativeExpenses": 5878000, "sellingAndMarketingExpenses": 0, "sellingGeneralAndAdministrativeExpenses": 5878000, "otherExpenses": 9023000, "operatingExpenses": 14901000, "costAndExpenses": 14901000, "interestIncome": 33759000, "interestExpense": 704000, "depreciationAndAmortization": -32847000, "ebitda": 41951000, "ebitdaratio": 1.0119647811, "operatingIncome": 41951000, "operatingIncomeRatio": 1.0119647811, "totalOtherIncomeExpensesNet": -704000, "incomeBeforeTax": 41247000, "incomeBeforeTaxRatio": 0.9949825112, "incomeTaxExpense": 32847000, "netIncome": 41247000, "netIncomeRatio": 0.9949825112, "eps": 0.33, "epsdiluted": 0.33, "weightedAverageShsOut": 126512822, "weightedAverageShsOutDil": 126512822, "link": "", "finalLink": "", "calculatedOtherExpenses": -6374000, "calculatedOperatingExpenses": -496000, "calculatedNetInterest": 33055000, "calculatedOtherIncome": -33759000, "calculatedIncomeNonControlling": -32847000, "calculatedEbitda": 9104000}]}