{"originalCurrency": "USD", "convertedCurrency": "USD", "report": [{"date": "2023-09-30", "symbol": "RJF", "reportedCurrency": "USD", "cik": "0000720005", "fillingDate": "2023-11-21", "acceptedDate": "2023-11-21 16:04:58", "calendarYear": "2023", "period": "FY", "revenue": 11468000000, "costOfRevenue": 271000000, "grossProfit": 11197000000, "grossProfitRatio": 0.9763690269, "researchAndDevelopmentExpenses": 0, "generalAndAdministrativeExpenses": 7299000000, "sellingAndMarketingExpenses": 242000000, "sellingGeneralAndAdministrativeExpenses": 7299000000, "otherExpenses": -8912000000, "operatingExpenses": 5508000000, "costAndExpenses": 5779000000, "interestIncome": 3748000000, "interestExpense": 1373000000, "depreciationAndAmortization": 165000000, "ebitda": 7213000000, "ebitdaratio": 0.6289675619, "operatingIncome": 7213000000, "operatingIncomeRatio": 0.6289675619, "totalOtherIncomeExpensesNet": -4933000000, "incomeBeforeTax": 2280000000, "incomeBeforeTaxRatio": 0.1988140914, "incomeTaxExpense": 541000000, "netIncome": 1739000000, "netIncomeRatio": 0.1516393443, "eps": 8.16, "epsdiluted": 7.97, "weightedAverageShsOut": 211800000, "weightedAverageShsOutDil": 216900000, "link": "https://www.sec.gov/Archives/edgar/data/720005/000072000523000079/0000720005-23-000079-index.htm", "finalLink": "https://www.sec.gov/Archives/edgar/data/720005/000072000523000079/rjf-20230930.htm", "calculatedOtherExpenses": -3315000000, "calculatedOperatingExpenses": 3984000000, "calculatedNetInterest": 2375000000, "calculatedOtherIncome": -7308000000, "calculatedIncomeNonControlling": 0, "calculatedEbitda": 7378000000}, {"date": "2022-09-30", "symbol": "RJF", "reportedCurrency": "USD", "cik": "0000720005", "fillingDate": "2022-11-22", "acceptedDate": "2022-11-22 16:40:10", "calendarYear": "2022", "period": "FY", "revenue": 10851000000, "costOfRevenue": 252000000, "grossProfit": 10599000000, "grossProfitRatio": 0.976776334, "researchAndDevelopmentExpenses": 0, "generalAndAdministrativeExpenses": 8021000000, "sellingAndMarketingExpenses": 186000000, "sellingGeneralAndAdministrativeExpenses": 8021000000, "otherExpenses": -8321000000, "operatingExpenses": 5694000000, "costAndExpenses": 5694000000, "interestIncome": 1508000000, "interestExpense": 305000000, "depreciationAndAmortization": 145000000, "ebitda": 2491000000, "ebitdaratio": 0.2295640955, "operatingIncome": 2346000000, "operatingIncomeRatio": 0.2162012718, "totalOtherIncomeExpensesNet": -324000000, "incomeBeforeTax": 2022000000, "incomeBeforeTaxRatio": 0.1863422726, "incomeTaxExpense": 513000000, "netIncome": 1509000000, "netIncomeRatio": 0.1390655239, "eps": 7.16, "epsdiluted": 6.98, "weightedAverageShsOut": 209900000, "weightedAverageShsOutDil": 215300000, "link": "https://www.sec.gov/Archives/edgar/data/720005/000072000522000066/0000720005-22-000066-index.htm", "finalLink": "https://www.sec.gov/Archives/edgar/data/720005/000072000522000066/rjf-20220930.htm", "calculatedOtherExpenses": 232000000, "calculatedOperatingExpenses": 8253000000, "calculatedNetInterest": 1203000000, "calculatedOtherIncome": -1527000000, "calculatedIncomeNonControlling": 0, "calculatedEbitda": 2491000000}, {"date": "2021-09-30", "symbol": "RJF", "reportedCurrency": "USD", "cik": "0000720005", "fillingDate": "2021-11-23", "acceptedDate": "2021-11-23 15:56:46", "calendarYear": "2021", "period": "FY", "revenue": 9630000000, "costOfRevenue": 232000000, "grossProfit": 9398000000, "grossProfitRatio": 0.9759086189, "researchAndDevelopmentExpenses": 0, "generalAndAdministrativeExpenses": 7123000000, "sellingAndMarketingExpenses": 111000000, "sellingGeneralAndAdministrativeExpenses": 7123000000, "otherExpenses": -14962000000, "operatingExpenses": -7839000000, "costAndExpenses": -7839000000, "interestIncome": 823000000, "interestExpense": 150000000, "depreciationAndAmortization": 134000000, "ebitda": 1925000000, "ebitdaratio": 0.1998961578, "operatingIncome": 1791000000, "operatingIncomeRatio": 0.1859813084, "totalOtherIncomeExpensesNet": -2907000000, "incomeBeforeTax": 1791000000, "incomeBeforeTaxRatio": 0.1859813084, "incomeTaxExpense": 388000000, "netIncome": 1403000000, "netIncomeRatio": 0.1456905504, "eps": 6.81, "epsdiluted": 6.63, "weightedAverageShsOut": 205700000, "weightedAverageShsOutDil": 211200000, "link": "https://www.sec.gov/Archives/edgar/data/720005/000072000521000106/0000720005-21-000106-index.htm", "finalLink": "https://www.sec.gov/Archives/edgar/data/720005/000072000521000106/rjf-20210930.htm", "calculatedOtherExpenses": 484000000, "calculatedOperatingExpenses": 7607000000, "calculatedNetInterest": 673000000, "calculatedOtherIncome": -673000000, "calculatedIncomeNonControlling": 0, "calculatedEbitda": 1925000000}, {"date": "2020-09-30", "symbol": "RJF", "reportedCurrency": "USD", "cik": "0000720005", "fillingDate": "2020-11-24", "acceptedDate": "2020-11-24 15:48:16", "calendarYear": "2020", "period": "FY", "revenue": 7889000000, "costOfRevenue": 225000000, "grossProfit": 7664000000, "grossProfitRatio": 0.9714792749, "researchAndDevelopmentExpenses": 0, "generalAndAdministrativeExpenses": 5992000000, "sellingAndMarketingExpenses": 134000000, "sellingGeneralAndAdministrativeExpenses": 5992000000, "otherExpenses": -12829000000, "operatingExpenses": -6837000000, "costAndExpenses": -6837000000, "interestIncome": 1000000000, "interestExpense": 178000000, "depreciationAndAmortization": 119000000, "ebitda": 1171000000, "ebitdaratio": 0.1484345291, "operatingIncome": 1052000000, "operatingIncomeRatio": 0.1333502345, "totalOtherIncomeExpensesNet": -2966000000, "incomeBeforeTax": 1052000000, "incomeBeforeTaxRatio": 0.1333502345, "incomeTaxExpense": 234000000, "netIncome": 818000000, "netIncomeRatio": 0.1036886804, "eps": 3.96, "epsdiluted": 3.88, "weightedAverageShsOut": 206399991, "weightedAverageShsOutDil": 210299991, "link": "https://www.sec.gov/Archives/edgar/data/720005/000072000520000063/0000720005-20-000063-index.htm", "finalLink": "https://www.sec.gov/Archives/edgar/data/720005/000072000520000063/rjf-20200930.htm", "calculatedOtherExpenses": 620000000, "calculatedOperatingExpenses": 6612000000, "calculatedNetInterest": 822000000, "calculatedOtherIncome": -822000000, "calculatedIncomeNonControlling": 0, "calculatedEbitda": 1171000000}, {"date": "2019-09-30", "symbol": "RJF", "reportedCurrency": "USD", "cik": "0000720005", "fillingDate": "2019-11-26", "acceptedDate": "2019-11-26 16:37:08", "calendarYear": "2019", "period": "FY", "revenue": 7646000000, "costOfRevenue": 218000000, "grossProfit": 7428000000, "grossProfitRatio": 0.9714883599, "researchAndDevelopmentExpenses": 0, "generalAndAdministrativeExpenses": 5654000000, "sellingAndMarketingExpenses": 194000000, "sellingGeneralAndAdministrativeExpenses": 5654000000, "otherExpenses": -11925000000, "operatingExpenses": -6271000000, "costAndExpenses": -6271000000, "interestIncome": 1281000000, "interestExpense": 283000000, "depreciationAndAmortization": 112000000, "ebitda": 1487000000, "ebitdaratio": 0.1944807743, "operatingIncome": 1375000000, "operatingIncomeRatio": 0.1798325922, "totalOtherIncomeExpensesNet": -2894000000, "incomeBeforeTax": 1375000000, "incomeBeforeTaxRatio": 0.1798325922, "incomeTaxExpense": 341000000, "netIncome": 1034000000, "netIncomeRatio": 0.1352341093, "eps": 4.88, "epsdiluted": 4.78, "weightedAverageShsOut": 211499991, "weightedAverageShsOutDil": 215999991, "link": "https://www.sec.gov/Archives/edgar/data/720005/000072000519000086/0000720005-19-000086-index.htm", "finalLink": "https://www.sec.gov/Archives/edgar/data/720005/000072000519000086/rjf-20190930x10k.htm", "calculatedOtherExpenses": 399000000, "calculatedOperatingExpenses": 6053000000, "calculatedNetInterest": 998000000, "calculatedOtherIncome": -998000000, "calculatedIncomeNonControlling": 0, "calculatedEbitda": 1487000000}, {"date": "2018-09-30", "symbol": "RJF", "reportedCurrency": "USD", "cik": "0000720005", "fillingDate": "2018-11-21", "acceptedDate": "2018-11-20 20:31:57", "calendarYear": "2018", "period": "FY", "revenue": 7181930000, "costOfRevenue": 298569000, "grossProfit": 6883361000, "grossProfitRatio": 0.9584277485, "researchAndDevelopmentExpenses": 0, "generalAndAdministrativeExpenses": 5342724000, "sellingAndMarketingExpenses": 181000000, "sellingGeneralAndAdministrativeExpenses": 5342724000, "otherExpenses": -11213999000, "operatingExpenses": -5871275000, "costAndExpenses": -5871275000, "interestIncome": 1043993000, "interestExpense": 201503000, "depreciationAndAmortization": 98735000, "ebitda": 1409390000, "ebitdaratio": 0.1962411218, "operatingIncome": 1310655000, "operatingIncomeRatio": 0.1824934245, "totalOtherIncomeExpensesNet": -5778000, "incomeBeforeTax": 1304877000, "incomeBeforeTaxRatio": 0.1816889053, "incomeTaxExpense": 453960000, "netIncome": 856695000, "netIncomeRatio": 0.1192847884, "eps": 3.93, "epsdiluted": 3.84, "weightedAverageShsOut": 217950000, "weightedAverageShsOutDil": 223200000, "link": "https://www.sec.gov/Archives/edgar/data/720005/000072000518000083/0000720005-18-000083-index.htm", "finalLink": "https://www.sec.gov/Archives/edgar/data/720005/000072000518000083/rjf-20180930x10k.htm", "calculatedOtherExpenses": 229982000, "calculatedOperatingExpenses": 5572706000, "calculatedNetInterest": 842490000, "calculatedOtherIncome": -848268000, "calculatedIncomeNonControlling": -5778000, "calculatedEbitda": 1409390000}, {"date": "2017-09-30", "symbol": "RJF", "reportedCurrency": "USD", "cik": "0000720005", "fillingDate": "2017-11-22", "acceptedDate": "2017-11-21 17:36:18", "calendarYear": "2017", "period": "FY", "revenue": 6243855000, "costOfRevenue": 259555999, "grossProfit": 5984299001, "grossProfitRatio": 0.9584301687, "researchAndDevelopmentExpenses": 0, "generalAndAdministrativeExpenses": 4694274000, "sellingAndMarketingExpenses": 155000000, "sellingGeneralAndAdministrativeExpenses": 4694274000, "otherExpenses": -10012783000, "operatingExpenses": -5318509000, "costAndExpenses": -5318509000, "interestIncome": 802126000, "interestExpense": 153778000, "depreciationAndAmortization": 84132000, "ebitda": 1009478000, "ebitdaratio": 0.1616754393, "operatingIncome": 925346000, "operatingIncomeRatio": 0.1482010713, "totalOtherIncomeExpensesNet": 2632000, "incomeBeforeTax": 927978000, "incomeBeforeTaxRatio": 0.1486226057, "incomeTaxExpense": 289111000, "netIncome": 636235000, "netIncomeRatio": 0.1018977859, "eps": 2.96, "epsdiluted": 2.89, "weightedAverageShsOut": 214950000, "weightedAverageShsOutDil": 219900000, "link": "https://www.sec.gov/Archives/edgar/data/720005/000072000517000089/0000720005-17-000089-index.htm", "finalLink": "https://www.sec.gov/Archives/edgar/data/720005/000072000517000089/rjf-20170930x10k.htm", "calculatedOtherExpenses": 364679001, "calculatedOperatingExpenses": 5058953001, "calculatedNetInterest": 648348000, "calculatedOtherIncome": -645716000, "calculatedIncomeNonControlling": 2632000, "calculatedEbitda": 1009478000}, {"date": "2016-09-30", "symbol": "RJF", "reportedCurrency": "USD", "cik": "0000720005", "fillingDate": "2016-11-22", "acceptedDate": "2016-11-22 16:18:21", "calendarYear": "2016", "period": "FY", "revenue": 5300605000, "costOfRevenue": 206061000, "grossProfit": 5094544000, "grossProfitRatio": 0.9611250037, "researchAndDevelopmentExpenses": 0, "generalAndAdministrativeExpenses": 4052906000, "sellingAndMarketingExpenses": 148413000, "sellingGeneralAndAdministrativeExpenses": 4052906000, "otherExpenses": -8552868000, "operatingExpenses": -4499962000, "costAndExpenses": -4499962000, "interestIncome": 640325000, "interestExpense": 117077000, "depreciationAndAmortization": 72383000, "ebitda": 873026000, "ebitdaratio": 0.1647030858, "operatingIncome": 800643000, "operatingIncomeRatio": 0.1510474748, "totalOtherIncomeExpensesNet": -23272000, "incomeBeforeTax": 777371000, "incomeBeforeTaxRatio": 0.1466570325, "incomeTaxExpense": 271293000, "netIncome": 529350000, "netIncomeRatio": 0.0998659587, "eps": 2.49, "epsdiluted": 2.44, "weightedAverageShsOut": 212659500, "weightedAverageShsOutDil": 216769500, "link": "https://www.sec.gov/Archives/edgar/data/720005/000072000516000169/0000720005-16-000169-index.htm", "finalLink": "https://www.sec.gov/Archives/edgar/data/720005/000072000516000169/rjf-2016930x10k.htm", "calculatedOtherExpenses": 240995000, "calculatedOperatingExpenses": 4293901000, "calculatedNetInterest": 523248000, "calculatedOtherIncome": -546520000, "calculatedIncomeNonControlling": -23272000, "calculatedEbitda": 873026000}, {"date": "2015-09-30", "symbol": "RJF", "reportedCurrency": "USD", "cik": "0000720005", "fillingDate": "2015-11-25", "acceptedDate": "2015-11-25 11:20:52", "calendarYear": "2015", "period": "FY", "revenue": 5074323000, "costOfRevenue": 163229000, "grossProfit": 4911094000, "grossProfitRatio": 0.9678323591, "researchAndDevelopmentExpenses": 0, "generalAndAdministrativeExpenses": 3950740000, "sellingAndMarketingExpenses": 158966000, "sellingGeneralAndAdministrativeExpenses": 3950740000, "otherExpenses": -8226889000, "operatingExpenses": -4276149000, "costAndExpenses": -4276149000, "interestIncome": 543207000, "interestExpense": 107954000, "depreciationAndAmortization": 68315000, "ebitda": 866489000, "ebitdaratio": 0.1707595279, "operatingIncome": 798174000, "operatingIncomeRatio": 0.1572966482, "totalOtherIncomeExpensesNet": -21462000, "incomeBeforeTax": 776712000, "incomeBeforeTaxRatio": 0.1530671185, "incomeTaxExpense": 296034000, "netIncome": 502140000, "netIncomeRatio": 0.0989570431, "eps": 2.35, "epsdiluted": 2.29, "weightedAverageShsOut": 213822000, "weightedAverageShsOutDil": 218908500, "link": "https://www.sec.gov/Archives/edgar/data/720005/000072000515000075/0000720005-15-000075-index.htm", "finalLink": "https://www.sec.gov/Archives/edgar/data/720005/000072000515000075/rjf-2015930x10k.htm", "calculatedOtherExpenses": 162180000, "calculatedOperatingExpenses": 4112920000, "calculatedNetInterest": 435253000, "calculatedOtherIncome": -456715000, "calculatedIncomeNonControlling": -21462000, "calculatedEbitda": 866489000}, {"date": "2014-09-30", "symbol": "RJF", "reportedCurrency": "USD", "cik": "0000720005", "fillingDate": "2014-11-25", "acceptedDate": "2014-11-25 15:25:33", "calendarYear": "2014", "period": "FY", "revenue": 4769082000, "costOfRevenue": 161683000, "grossProfit": 4607399000, "grossProfitRatio": 0.9660976683, "researchAndDevelopmentExpenses": 0, "generalAndAdministrativeExpenses": 3705001000, "sellingAndMarketingExpenses": 139672000, "sellingGeneralAndAdministrativeExpenses": 3705001000, "otherExpenses": -7726038000, "operatingExpenses": -4021037000, "costAndExpenses": -4021037000, "interestIncome": 480886000, "interestExpense": 104091000, "depreciationAndAmortization": 64163000, "ebitda": 812208000, "ebitdaratio": 0.1703069899, "operatingIncome": 748045000, "operatingIncomeRatio": 0.156853038, "totalOtherIncomeExpensesNet": -32097000, "incomeBeforeTax": 715948000, "incomeBeforeTaxRatio": 0.1501228119, "incomeTaxExpense": 267797000, "netIncome": 480248000, "netIncomeRatio": 0.1007003025, "eps": 2.29, "epsdiluted": 2.23, "weightedAverageShsOut": 209902500, "weightedAverageShsOutDil": 215383500, "link": "https://www.sec.gov/Archives/edgar/data/720005/000072000514000077/0000720005-14-000077-index.htm", "finalLink": "https://www.sec.gov/Archives/edgar/data/720005/000072000514000077/rjf-2014930x10k.htm", "calculatedOtherExpenses": 154353000, "calculatedOperatingExpenses": 3859354000, "calculatedNetInterest": 376795000, "calculatedOtherIncome": -408892000, "calculatedIncomeNonControlling": -32097000, "calculatedEbitda": 812208000}, {"date": "2013-09-30", "symbol": "RJF", "reportedCurrency": "USD", "cik": "0000720005", "fillingDate": "2013-11-26", "acceptedDate": "2013-11-26 15:37:08", "calendarYear": "2013", "period": "FY", "revenue": 4405497000, "costOfRevenue": 157449000, "grossProfit": 4248048000, "grossProfitRatio": 0.964260786, "researchAndDevelopmentExpenses": 0, "generalAndAdministrativeExpenses": 3435780000, "sellingAndMarketingExpenses": 124387000, "sellingGeneralAndAdministrativeExpenses": 3435780000, "otherExpenses": -7277090000, "operatingExpenses": -3841310000, "costAndExpenses": -3841310000, "interestIncome": 473599000, "interestExpense": 110371000, "depreciationAndAmortization": 66359000, "ebitda": 630546000, "ebitdaratio": 0.1431270978, "operatingIncome": 564187000, "operatingIncomeRatio": 0.1280643251, "totalOtherIncomeExpensesNet": 29723000, "incomeBeforeTax": 593910000, "incomeBeforeTaxRatio": 0.1348111235, "incomeTaxExpense": 197033000, "netIncome": 367154000, "netIncomeRatio": 0.0833399728, "eps": 1.78, "epsdiluted": 1.74, "weightedAverageShsOut": 206598000, "weightedAverageShsOutDil": 210811500, "link": "https://www.sec.gov/Archives/edgar/data/720005/000072000513000089/0000720005-13-000089-index.htm", "finalLink": "https://www.sec.gov/Archives/edgar/data/720005/000072000513000089/rjf-2013930x10k.htm", "calculatedOtherExpenses": 248081000, "calculatedOperatingExpenses": 3683861000, "calculatedNetInterest": 363228000, "calculatedOtherIncome": -333505000, "calculatedIncomeNonControlling": 29723000, "calculatedEbitda": 630546000}, {"date": "2012-09-30", "symbol": "RJF", "reportedCurrency": "USD", "cik": "0000720005", "fillingDate": "2012-11-21", "acceptedDate": "2012-11-21 15:37:43", "calendarYear": "2012", "period": "FY", "revenue": 3806531000, "costOfRevenue": 134199000, "grossProfit": 3672332000, "grossProfitRatio": 0.9647450658, "researchAndDevelopmentExpenses": 0, "generalAndAdministrativeExpenses": 2767980000, "sellingAndMarketingExpenses": 195895000, "sellingGeneralAndAdministrativeExpenses": 2963875000, "otherExpenses": -6298881000, "operatingExpenses": -3335006000, "costAndExpenses": -3335006000, "interestIncome": 453258000, "interestExpense": 91369000, "depreciationAndAmortization": 51445000, "ebitda": 522970000, "ebitdaratio": 0.1373875584, "operatingIncome": 471525000, "operatingIncomeRatio": 0.1238726284, "totalOtherIncomeExpensesNet": -3604000, "incomeBeforeTax": 467921000, "incomeBeforeTaxRatio": 0.1229258346, "incomeTaxExpense": 175656000, "netIncome": 295869000, "netIncomeRatio": 0.0777266755, "eps": 1.51, "epsdiluted": 1.5, "weightedAverageShsOut": 196209000, "weightedAverageShsOutDil": 197686500, "link": "https://www.sec.gov/Archives/edgar/data/720005/000072000512000113/0000720005-12-000113-index.htm", "finalLink": "https://www.sec.gov/Archives/edgar/data/720005/000072000512000113/rjf-2012930x10k.htm", "calculatedOtherExpenses": 236932000, "calculatedOperatingExpenses": 3200807000, "calculatedNetInterest": 361889000, "calculatedOtherIncome": -365493000, "calculatedIncomeNonControlling": -3604000, "calculatedEbitda": 522970000}, {"date": "2011-09-30", "symbol": "RJF", "reportedCurrency": "USD", "cik": "0000720005", "fillingDate": "2011-11-23", "acceptedDate": "2011-11-23 16:41:06", "calendarYear": "2011", "period": "FY", "revenue": 3334056000, "costOfRevenue": 108600000, "grossProfit": 3225456000, "grossProfitRatio": 0.9674270618, "researchAndDevelopmentExpenses": 0, "generalAndAdministrativeExpenses": 2300835000, "sellingAndMarketingExpenses": 137605000, "sellingGeneralAndAdministrativeExpenses": 2438440000, "otherExpenses": -5311249000, "operatingExpenses": -2872809000, "costAndExpenses": -2872809000, "interestIncome": 392318000, "interestExpense": 65830000, "depreciationAndAmortization": 40337000, "ebitda": 501584000, "ebitdaratio": 0.150442584, "operatingIncome": 461247000, "operatingIncomeRatio": 0.138344107, "totalOtherIncomeExpensesNet": -10502000, "incomeBeforeTax": 450745000, "incomeBeforeTaxRatio": 0.1351941899, "incomeTaxExpense": 182894000, "netIncome": 278353000, "netIncomeRatio": 0.0834877998, "eps": 1.52, "epsdiluted": 1.51, "weightedAverageShsOut": 183672000, "weightedAverageShsOutDil": 184254000, "link": "https://www.sec.gov/Archives/edgar/data/720005/000072000511000101/0000720005-11-000101-index.htm", "finalLink": "https://www.sec.gov/Archives/edgar/data/720005/000072000511000101/k10093011.htm", "calculatedOtherExpenses": 325769000, "calculatedOperatingExpenses": 2764209000, "calculatedNetInterest": 326488000, "calculatedOtherIncome": -336990000, "calculatedIncomeNonControlling": -10502000, "calculatedEbitda": 501584000}, {"date": "2010-09-30", "symbol": "RJF", "reportedCurrency": "USD", "cik": "0000720005", "fillingDate": "2010-11-24", "acceptedDate": "2010-11-24 14:21:48", "calendarYear": "2010", "period": "FY", "revenue": 2916665000, "costOfRevenue": 104945, "grossProfit": 2916560055, "grossProfitRatio": 0.9999640188, "researchAndDevelopmentExpenses": 0, "generalAndAdministrativeExpenses": 2055384000, "sellingAndMarketingExpenses": 202170000, "sellingGeneralAndAdministrativeExpenses": 2257554000, "otherExpenses": -4812311000, "operatingExpenses": -2554757000, "costAndExpenses": -2554757000, "interestIncome": 370892000, "interestExpense": 62851000, "depreciationAndAmortization": 39527000, "ebitda": 401435000, "ebitdaratio": 0.1376349358, "operatingIncome": 361908000, "operatingIncomeRatio": 0.1240828138, "totalOtherIncomeExpensesNet": -5764000, "incomeBeforeTax": 356144000, "incomeBeforeTaxRatio": 0.1221065841, "incomeTaxExpense": 133625000, "netIncome": 228283000, "netIncomeRatio": 0.0782685019, "eps": 1.28, "epsdiluted": 1.27, "weightedAverageShsOut": 179002500, "weightedAverageShsOutDil": 179388000, "link": "https://www.sec.gov/Archives/edgar/data/720005/000072000510000081/0000720005-10-000081-index.htm", "finalLink": "https://www.sec.gov/Archives/edgar/data/720005/000072000510000081/k10093010.htm", "calculatedOtherExpenses": 297098055, "calculatedOperatingExpenses": 2554652055, "calculatedNetInterest": 308041000, "calculatedOtherIncome": -313805000, "calculatedIncomeNonControlling": -5764000, "calculatedEbitda": 401435000}, {"date": "2009-09-30", "symbol": "RJF", "reportedCurrency": "USD", "cik": "0000720005", "fillingDate": "2009-11-27", "acceptedDate": "2009-11-25 18:24:10", "calendarYear": "2009", "period": "FY", "revenue": 2545566000, "costOfRevenue": 104185000, "grossProfit": 2441381000, "grossProfitRatio": 0.9590719706, "researchAndDevelopmentExpenses": 0, "generalAndAdministrativeExpenses": 1705254000, "sellingAndMarketingExpenses": 200273000, "sellingGeneralAndAdministrativeExpenses": 1905527000, "otherExpenses": -4202319000, "operatingExpenses": -2296792000, "costAndExpenses": -2296792000, "interestIncome": 443584000, "interestExpense": 56953000, "depreciationAndAmortization": 34563000, "ebitda": 283337000, "ebitdaratio": 0.1113060907, "operatingIncome": 248774000, "operatingIncomeRatio": 0.0977283638, "totalOtherIncomeExpensesNet": 0, "incomeBeforeTax": 248774000, "incomeBeforeTaxRatio": 0.0977283638, "incomeTaxExpense": 96024000, "netIncome": 152750000, "netIncomeRatio": 0.0600063012, "eps": 0.87, "epsdiluted": 0.87, "weightedAverageShsOut": 175782000, "weightedAverageShsOutDil": 175932000, "link": "https://www.sec.gov/Archives/edgar/data/720005/000072000509000080/0000720005-09-000080-index.htm", "finalLink": "https://www.sec.gov/Archives/edgar/data/720005/000072000509000080/k10093009.htm", "calculatedOtherExpenses": 287080000, "calculatedOperatingExpenses": 2192607000, "calculatedNetInterest": 386631000, "calculatedOtherIncome": -386631000, "calculatedIncomeNonControlling": 0, "calculatedEbitda": 283337000}, {"date": "2008-09-30", "symbol": "RJF", "reportedCurrency": "USD", "cik": "0000720005", "fillingDate": "2008-11-28", "acceptedDate": "2008-11-28 16:37:10", "calendarYear": "2008", "period": "FY", "revenue": 2812703000, "costOfRevenue": 97613, "grossProfit": 2812605387, "grossProfitRatio": 0.9999652957, "researchAndDevelopmentExpenses": 0, "generalAndAdministrativeExpenses": 1906366000, "sellingAndMarketingExpenses": 0, "sellingGeneralAndAdministrativeExpenses": 1906366000, "otherExpenses": -4332215000, "operatingExpenses": -2425849000, "costAndExpenses": -2425849000, "interestIncome": 724063000, "interestExpense": 392229000, "depreciationAndAmortization": 27982000, "ebitda": 414836000, "ebitdaratio": 0.1474865992, "operatingIncome": 386854000, "operatingIncomeRatio": 0.1375381617, "totalOtherIncomeExpensesNet": 0, "incomeBeforeTax": 386854000, "incomeBeforeTaxRatio": 0.1375381617, "incomeTaxExpense": 151776000, "netIncome": 235078000, "netIncomeRatio": 0.0835772565, "eps": 1.35, "epsdiluted": 1.32, "weightedAverageShsOut": 174574500, "weightedAverageShsOutDil": 178588500, "link": "https://www.sec.gov/Archives/edgar/data/720005/000072000508000158/0000720005-08-000158-index.htm", "finalLink": "https://www.sec.gov/Archives/edgar/data/720005/000072000508000158/k10093008.htm", "calculatedOtherExpenses": 519385387, "calculatedOperatingExpenses": 2425751387, "calculatedNetInterest": 331834000, "calculatedOtherIncome": -331834000, "calculatedIncomeNonControlling": 0, "calculatedEbitda": 414836000}, {"date": "2007-09-30", "symbol": "RJF", "reportedCurrency": "USD", "cik": "0000720005", "fillingDate": "2007-11-29", "acceptedDate": "2007-11-29 15:34:53", "calendarYear": "2007", "period": "FY", "revenue": 2609915000, "costOfRevenue": 79881, "grossProfit": 2609835119, "grossProfitRatio": 0.9999693933, "researchAndDevelopmentExpenses": 0, "generalAndAdministrativeExpenses": 1766690000, "sellingAndMarketingExpenses": 0, "sellingGeneralAndAdministrativeExpenses": 1766690000, "otherExpenses": -3984381000, "operatingExpenses": -2217691000, "costAndExpenses": -2217691000, "interestIncome": 726992000, "interestExpense": 499664000, "depreciationAndAmortization": 22631000, "ebitda": 414855000, "ebitdaratio": 0.1589534525, "operatingIncome": 392224000, "operatingIncomeRatio": 0.1502822889, "totalOtherIncomeExpensesNet": 0, "incomeBeforeTax": 392224000, "incomeBeforeTaxRatio": 0.1502822889, "incomeTaxExpense": 141794000, "netIncome": 250430000, "netIncomeRatio": 0.0959533165, "eps": 1.44, "epsdiluted": 1.41, "weightedAverageShsOut": 173412000, "weightedAverageShsOutDil": 178039500, "link": "https://www.sec.gov/Archives/edgar/data/720005/000072000507000143/0000720005-07-000143-index.htm", "finalLink": "https://www.sec.gov/Archives/edgar/data/720005/000072000507000143/k1093007.htm", "calculatedOtherExpenses": 450921119, "calculatedOperatingExpenses": 2217611119, "calculatedNetInterest": 227328000, "calculatedOtherIncome": -227328000, "calculatedIncomeNonControlling": 0, "calculatedEbitda": 414855000}, {"date": "2006-09-30", "symbol": "RJF", "reportedCurrency": "USD", "cik": "0000720005", "fillingDate": "2006-12-14", "acceptedDate": "2006-12-14 14:49:42", "calendarYear": "2006", "period": "FY", "revenue": 2336087000, "costOfRevenue": 72593000, "grossProfit": 2263494000, "grossProfitRatio": 0.9689253868, "researchAndDevelopmentExpenses": 0, "generalAndAdministrativeExpenses": 1601037000, "sellingAndMarketingExpenses": 0, "sellingGeneralAndAdministrativeExpenses": 1601037000, "otherExpenses": -3595058000, "operatingExpenses": -1994021000, "costAndExpenses": -1994021000, "interestIncome": 469981000, "interestExpense": 296670000, "depreciationAndAmortization": 19173000, "ebitda": 361239000, "ebitdaratio": 0.1546342238, "operatingIncome": 342066000, "operatingIncomeRatio": 0.1464269096, "totalOtherIncomeExpensesNet": 0, "incomeBeforeTax": 342066000, "incomeBeforeTaxRatio": 0.1464269096, "incomeTaxExpense": 127724000, "netIncome": 214342000, "netIncomeRatio": 0.091752576, "eps": 1.27, "epsdiluted": 1.23, "weightedAverageShsOut": 168921000, "weightedAverageShsOutDil": 173607000, "link": "https://www.sec.gov/Archives/edgar/data/720005/000072000506000219/0000720005-06-000219-index.htm", "finalLink": "https://www.sec.gov/Archives/edgar/data/720005/000072000506000219/k10093006.htm", "calculatedOtherExpenses": 320391000, "calculatedOperatingExpenses": 1921428000, "calculatedNetInterest": 173311000, "calculatedOtherIncome": -173311000, "calculatedIncomeNonControlling": 0, "calculatedEbitda": 361239000}, {"date": "2005-09-30", "symbol": "RJF", "reportedCurrency": "USD", "cik": "0000720005", "fillingDate": "2005-12-14", "acceptedDate": "2005-12-14 15:30:59", "calendarYear": "2005", "period": "FY", "revenue": 2039208000, "costOfRevenue": 66948000, "grossProfit": 1972260000, "grossProfitRatio": 0.967169607, "researchAndDevelopmentExpenses": 0, "generalAndAdministrativeExpenses": 1429104000, "sellingAndMarketingExpenses": 0, "sellingGeneralAndAdministrativeExpenses": 1429104000, "otherExpenses": -3220341000, "operatingExpenses": -1791237000, "costAndExpenses": -1791237000, "interestIncome": 245562000, "interestExpense": 117789000, "depreciationAndAmortization": 17781000, "ebitda": 265752000, "ebitdaratio": 0.1303211835, "operatingIncome": 247971000, "operatingIncomeRatio": 0.1216016218, "totalOtherIncomeExpensesNet": 0, "incomeBeforeTax": 247971000, "incomeBeforeTaxRatio": 0.1216016218, "incomeTaxExpense": 96925000, "netIncome": 151046000, "netIncomeRatio": 0.0740709138, "eps": 0.91, "epsdiluted": 0.89, "weightedAverageShsOut": 165325500, "weightedAverageShsOutDil": 169572000, "link": "https://www.sec.gov/Archives/edgar/data/720005/000072000505000189/0000720005-05-000189-index.htm", "finalLink": "https://www.sec.gov/Archives/edgar/data/720005/000072000505000189/k10121405.htm", "calculatedOtherExpenses": 295185000, "calculatedOperatingExpenses": 1724289000, "calculatedNetInterest": 127773000, "calculatedOtherIncome": -127773000, "calculatedIncomeNonControlling": 0, "calculatedEbitda": 265752000}, {"date": "2004-09-24", "symbol": "RJF", "reportedCurrency": "USD", "cik": "0000720005", "fillingDate": "2004-12-08", "acceptedDate": "2004-12-08 16:27:07", "calendarYear": "2004", "period": "FY", "revenue": 1781259000, "costOfRevenue": 61339000, "grossProfit": 1719920000, "grossProfitRatio": 0.9655642442, "researchAndDevelopmentExpenses": 0, "generalAndAdministrativeExpenses": 1273420000, "sellingAndMarketingExpenses": 0, "sellingGeneralAndAdministrativeExpenses": 1273420000, "otherExpenses": -2850558000, "operatingExpenses": -1577138000, "costAndExpenses": -1577138000, "interestIncome": 134764000, "interestExpense": 48517000, "depreciationAndAmortization": 16827000, "ebitda": 220948000, "ebitdaratio": 0.1240403557, "operatingIncome": 204121000, "operatingIncomeRatio": 0.1145936666, "totalOtherIncomeExpensesNet": 0, "incomeBeforeTax": 204121000, "incomeBeforeTaxRatio": 0.1145936666, "incomeTaxExpense": 76546000, "netIncome": 127575000, "netIncomeRatio": 0.0716206908, "eps": 0.77, "epsdiluted": 0.76, "weightedAverageShsOut": 165138750, "weightedAverageShsOutDil": 167404500, "link": "https://www.sec.gov/Archives/edgar/data/720005/000072000504000075/0000720005-04-000075-index.htm", "finalLink": "https://www.sec.gov/Archives/edgar/data/720005/000072000504000075/k102004.htm", "calculatedOtherExpenses": 242379000, "calculatedOperatingExpenses": 1515799000, "calculatedNetInterest": 86247000, "calculatedOtherIncome": -86247000, "calculatedIncomeNonControlling": 0, "calculatedEbitda": 220948000}, {"date": "2003-09-26", "symbol": "RJF", "reportedCurrency": "USD", "cik": "0000720005", "fillingDate": "2003-12-23", "acceptedDate": "2003-12-23 12:08:13", "calendarYear": "2003", "period": "FY", "revenue": 1451960000, "costOfRevenue": 61520000, "grossProfit": 1390440000, "grossProfitRatio": 0.9576296868, "researchAndDevelopmentExpenses": 0, "generalAndAdministrativeExpenses": 1034676000, "sellingAndMarketingExpenses": 0, "sellingGeneralAndAdministrativeExpenses": 1034676000, "otherExpenses": -2348361000, "operatingExpenses": -1313685000, "costAndExpenses": -1313685000, "interestIncome": 127707000, "interestExpense": 45611000, "depreciationAndAmortization": 18344000, "ebitda": 156619000, "ebitdaratio": 0.1078672966, "operatingIncome": 138275000, "operatingIncomeRatio": 0.0952333398, "totalOtherIncomeExpensesNet": 0, "incomeBeforeTax": 138275000, "incomeBeforeTaxRatio": 0.0952333398, "incomeTaxExpense": 51958000, "netIncome": 86317000, "netIncomeRatio": 0.0594486074, "eps": 0.53, "epsdiluted": 0.52, "weightedAverageShsOut": 163852875, "weightedAverageShsOutDil": 165327750, "link": "https://www.sec.gov/Archives/edgar/data/720005/000072000503000029/0000720005-03-000029-index.htm", "finalLink": "https://www.sec.gov/Archives/edgar/data/720005/000072000503000029/edgark1003.htm", "calculatedOtherExpenses": 217489000, "calculatedOperatingExpenses": 1252165000, "calculatedNetInterest": 82096000, "calculatedOtherIncome": -82096000, "calculatedIncomeNonControlling": 0, "calculatedEbitda": 156619000}, {"date": "2002-09-27", "symbol": "RJF", "reportedCurrency": "USD", "cik": "0000720005", "fillingDate": "2002-12-23", "acceptedDate": "2002-12-23 14:44:59", "calendarYear": "2002", "period": "FY", "revenue": 1439588000, "costOfRevenue": 61038000000, "grossProfit": -59598412000, "grossProfitRatio": -41.3996310055, "researchAndDevelopmentExpenses": 0, "generalAndAdministrativeExpenses": 1020157000, "sellingAndMarketingExpenses": 0, "sellingGeneralAndAdministrativeExpenses": 1020157000, "otherExpenses": -2328229000, "operatingExpenses": -1308072000, "costAndExpenses": -1308072000, "interestIncome": 159803000, "interestExpense": 76335000, "depreciationAndAmortization": 22813000, "ebitda": 154329000, "ebitdaratio": 0.1072035888, "operatingIncome": 131516000, "operatingIncomeRatio": 0.0913566937, "totalOtherIncomeExpensesNet": 0, "incomeBeforeTax": 131516000, "incomeBeforeTaxRatio": 0.0913566937, "incomeTaxExpense": 52213000, "netIncome": 79303000, "netIncomeRatio": 0.0550872889, "eps": 0.48, "epsdiluted": 0.47, "weightedAverageShsOut": 164275500, "weightedAverageShsOutDil": 167541549, "link": "https://www.sec.gov/Archives/edgar/data/720005/000072000502000028/0000720005-02-000028-index.htm", "finalLink": "https://www.sec.gov/Archives/edgar/data/720005/000072000502000028/k1002a.htm", "calculatedOtherExpenses": -60750085000, "calculatedOperatingExpenses": -59729928000, "calculatedNetInterest": 83468000, "calculatedOtherIncome": -83468000, "calculatedIncomeNonControlling": 0, "calculatedEbitda": 154329000}, {"date": "2001-09-28", "symbol": "RJF", "reportedCurrency": "USD", "cik": "0000720005", "fillingDate": "2001-12-21", "acceptedDate": "2001-12-21 00:00:00", "calendarYear": "2001", "period": "FY", "revenue": 1429493000, "costOfRevenue": 60426000, "grossProfit": 1369067000, "grossProfitRatio": 0.957729069, "researchAndDevelopmentExpenses": 0, "generalAndAdministrativeExpenses": 1024423000, "sellingAndMarketingExpenses": 0, "sellingGeneralAndAdministrativeExpenses": 1024423000, "otherExpenses": -2296448000, "operatingExpenses": -1272025000, "costAndExpenses": -1272025000, "interestIncome": 334387000, "interestExpense": 228351000, "depreciationAndAmortization": 31259000, "ebitda": 188727000, "ebitdaratio": 0.1320237315, "operatingIncome": 157468000, "operatingIncomeRatio": 0.110156538, "totalOtherIncomeExpensesNet": 0, "incomeBeforeTax": 157468000, "incomeBeforeTaxRatio": 0.110156538, "incomeTaxExpense": 61058000, "netIncome": 96410000, "netIncomeRatio": 0.0674434922, "eps": 0.6, "epsdiluted": 0.59, "weightedAverageShsOut": 160683333, "weightedAverageShsOutDil": 164697750, "link": "https://www.sec.gov/Archives/edgar/data/720005/000072000501500034/0000720005-01-500034-index.htm", "finalLink": "https://www.sec.gov/Archives/edgar/data/720005/000072000501500034/k102001.htm", "calculatedOtherExpenses": 187176000, "calculatedOperatingExpenses": 1211599000, "calculatedNetInterest": 106036000, "calculatedOtherIncome": -106036000, "calculatedIncomeNonControlling": 0, "calculatedEbitda": 188727000}, {"date": "2000-09-29", "symbol": "RJF", "reportedCurrency": "USD", "cik": "0000720005", "fillingDate": "2000-12-22", "acceptedDate": "2000-12-22 00:00:00", "calendarYear": "2000", "period": "FY", "revenue": 1469942000, "costOfRevenue": 0, "grossProfit": 1469942000, "grossProfitRatio": 1, "researchAndDevelopmentExpenses": 0, "generalAndAdministrativeExpenses": 1009135000, "sellingAndMarketingExpenses": 0, "sellingGeneralAndAdministrativeExpenses": 1009135000, "otherExpenses": -2274397000, "operatingExpenses": -1265262000, "costAndExpenses": -1265262000, "interestIncome": 345689000, "interestExpense": 228652000, "depreciationAndAmortization": 23854000, "ebitda": 228534000, "ebitdaratio": 0.1554714404, "operatingIncome": 204680000, "operatingIncomeRatio": 0.1392435892, "totalOtherIncomeExpensesNet": 0, "incomeBeforeTax": 204680000, "incomeBeforeTaxRatio": 0.1392435892, "incomeTaxExpense": 79485000, "netIncome": 125195000, "netIncomeRatio": 0.0851700271, "eps": 0.8, "epsdiluted": 0.79, "weightedAverageShsOut": 156232125, "weightedAverageShsOutDil": 158176125, "link": "https://www.sec.gov/Archives/edgar/data/720005/000072000500500017/0000720005-00-500017-index.htm", "finalLink": "https://www.sec.gov/Archives/edgar/data/720005/000072000500500017/sept00fff.txt", "calculatedOtherExpenses": 256127000, "calculatedOperatingExpenses": 1265262000, "calculatedNetInterest": 117037000, "calculatedOtherIncome": -117037000, "calculatedIncomeNonControlling": 0, "calculatedEbitda": 228534000}, {"date": "1999-09-24", "symbol": "RJF", "reportedCurrency": "USD", "cik": "0000720005", "fillingDate": "1999-12-22", "acceptedDate": "1999-12-22 00:00:00", "calendarYear": "1999", "period": "FY", "revenue": 1080600000, "costOfRevenue": 0, "grossProfit": 1080600000, "grossProfitRatio": 1, "researchAndDevelopmentExpenses": 0, "generalAndAdministrativeExpenses": 754700000, "sellingAndMarketingExpenses": 0, "sellingGeneralAndAdministrativeExpenses": 754700000, "otherExpenses": -1697800000, "operatingExpenses": -943100000, "costAndExpenses": -943100000, "interestIncome": 229800000, "interestExpense": 151500000, "depreciationAndAmortization": 20000000, "ebitda": 157500000, "ebitdaratio": 0.1457523598, "operatingIncome": 137500000, "operatingIncomeRatio": 0.1272441236, "totalOtherIncomeExpensesNet": 0, "incomeBeforeTax": 137500000, "incomeBeforeTaxRatio": 0.1272441236, "incomeTaxExpense": 52400000, "netIncome": 85100000, "netIncomeRatio": 0.0787525449, "eps": 0.53, "epsdiluted": 0.52, "weightedAverageShsOut": 160670250, "weightedAverageShsOutDil": 163515375, "link": "https://www.sec.gov/Archives/edgar/data/720005/000072000599000025/0000720005-99-000025-index.html", "finalLink": "https://www.sec.gov/Archives/edgar/data/720005/000072000599000025/", "calculatedOtherExpenses": 188400000, "calculatedOperatingExpenses": 943100000, "calculatedNetInterest": 78300000, "calculatedOtherIncome": -78300000, "calculatedIncomeNonControlling": 0, "calculatedEbitda": 157500000}, {"date": "1998-09-25", "symbol": "RJF", "reportedCurrency": "USD", "cik": "0000720005", "fillingDate": "1998-12-24", "acceptedDate": "1998-12-24 00:00:00", "calendarYear": "1998", "period": "FY", "revenue": 951900000, "costOfRevenue": 0, "grossProfit": 951900000, "grossProfitRatio": 1, "researchAndDevelopmentExpenses": 0, "generalAndAdministrativeExpenses": 650300000, "sellingAndMarketingExpenses": 0, "sellingGeneralAndAdministrativeExpenses": 650300000, "otherExpenses": -1452000000, "operatingExpenses": -801700000, "costAndExpenses": -801700000, "interestIncome": 202300000, "interestExpense": 131000000, "depreciationAndAmortization": 16300000, "ebitda": 166500000, "ebitdaratio": 0.1749133312, "operatingIncome": 150200000, "operatingIncomeRatio": 0.1577896838, "totalOtherIncomeExpensesNet": 0, "incomeBeforeTax": 150200000, "incomeBeforeTaxRatio": 0.1577896838, "incomeTaxExpense": 57500000, "netIncome": 92700000, "netIncomeRatio": 0.097384179, "eps": 0.57, "epsdiluted": 0.55, "weightedAverageShsOut": 162540000, "weightedAverageShsOutDil": 168584625, "link": "https://www.sec.gov/Archives/edgar/data/720005/000072000598000022/0000720005-98-000022-index.html", "finalLink": "https://www.sec.gov/Archives/edgar/data/720005/", "calculatedOtherExpenses": 151400000, "calculatedOperatingExpenses": 801700000, "calculatedNetInterest": 71300000, "calculatedOtherIncome": -71300000, "calculatedIncomeNonControlling": 0, "calculatedEbitda": 166500000}, {"date": "1997-09-26", "symbol": "RJF", "reportedCurrency": "USD", "cik": "0000720005", "fillingDate": "1997-12-24", "acceptedDate": "1997-12-24 00:00:00", "calendarYear": "1997", "period": "FY", "revenue": 826300000, "costOfRevenue": 0, "grossProfit": 826300000, "grossProfitRatio": 1, "researchAndDevelopmentExpenses": 0, "generalAndAdministrativeExpenses": 537400000, "sellingAndMarketingExpenses": 0, "sellingGeneralAndAdministrativeExpenses": 537400000, "otherExpenses": -1203200000, "operatingExpenses": -665800000, "costAndExpenses": -665800000, "interestIncome": 155700000, "interestExpense": 101300000, "depreciationAndAmortization": 13300000, "ebitda": 173800000, "ebitdaratio": 0.2103352293, "operatingIncome": 160500000, "operatingIncomeRatio": 0.1942393804, "totalOtherIncomeExpensesNet": 0, "incomeBeforeTax": 160500000, "incomeBeforeTaxRatio": 0.1942393804, "incomeTaxExpense": 61600000, "netIncome": 98900000, "netIncomeRatio": 0.1196901852, "eps": 0.62, "epsdiluted": 0.61, "weightedAverageShsOut": 159547352, "weightedAverageShsOutDil": 163457746, "link": "https://www.sec.gov/Archives/edgar/data/720005/000072000597000015/0000720005-97-000015-index.html", "finalLink": "https://www.sec.gov/Archives/edgar/data/720005/", "calculatedOtherExpenses": 128400000, "calculatedOperatingExpenses": 665800000, "calculatedNetInterest": 54400000, "calculatedOtherIncome": -54400000, "calculatedIncomeNonControlling": 0, "calculatedEbitda": 173800000}, {"date": "1996-09-27", "symbol": "RJF", "reportedCurrency": "USD", "cik": "0000720005", "fillingDate": "1996-12-23", "acceptedDate": "1996-12-23 00:00:00", "calendarYear": "1996", "period": "FY", "revenue": 638300000, "costOfRevenue": 0, "grossProfit": 638300000, "grossProfitRatio": 1, "researchAndDevelopmentExpenses": 0, "generalAndAdministrativeExpenses": 423900000, "sellingAndMarketingExpenses": 0, "sellingGeneralAndAdministrativeExpenses": 423900000, "otherExpenses": -953700000, "operatingExpenses": -529800000, "costAndExpenses": -529800000, "interestIncome": 126500000, "interestExpense": 83500000, "depreciationAndAmortization": 11300000, "ebitda": 119800000, "ebitdaratio": 0.187686041, "operatingIncome": 108500000, "operatingIncomeRatio": 0.1699827667, "totalOtherIncomeExpensesNet": 0, "incomeBeforeTax": 108500000, "incomeBeforeTaxRatio": 0.1699827667, "incomeTaxExpense": 42500000, "netIncome": 66000000, "netIncomeRatio": 0.1033996553, "eps": 0.41, "epsdiluted": 0.41, "weightedAverageShsOut": 159658593, "weightedAverageShsOutDil": 159658593, "link": "https://www.sec.gov/Archives/edgar/data/720005/000101684396000139/0001016843-96-000139-index.html", "finalLink": "https://www.sec.gov/Archives/edgar/data/720005/", "calculatedOtherExpenses": 105900000, "calculatedOperatingExpenses": 529800000, "calculatedNetInterest": 43000000, "calculatedOtherIncome": -43000000, "calculatedIncomeNonControlling": 0, "calculatedEbitda": 119800000}, {"date": "1995-09-29", "symbol": "RJF", "reportedCurrency": "USD", "cik": "0000720005", "fillingDate": "1995-12-29", "acceptedDate": "1995-12-29 00:00:00", "calendarYear": "1995", "period": "FY", "revenue": 489200000, "costOfRevenue": 0, "grossProfit": 489200000, "grossProfitRatio": 1, "researchAndDevelopmentExpenses": 0, "generalAndAdministrativeExpenses": 326400000, "sellingAndMarketingExpenses": 0, "sellingGeneralAndAdministrativeExpenses": 326400000, "otherExpenses": -741200000, "operatingExpenses": -414800000, "costAndExpenses": -414800000, "interestIncome": 97200000, "interestExpense": 64800000, "depreciationAndAmortization": 9700000, "ebitda": 84100000, "ebitdaratio": 0.1719133279, "operatingIncome": 74400000, "operatingIncomeRatio": 0.1520850368, "totalOtherIncomeExpensesNet": 0, "incomeBeforeTax": 74400000, "incomeBeforeTaxRatio": 0.1520850368, "incomeTaxExpense": 28300000, "netIncome": 46100000, "netIncomeRatio": 0.0942354865, "eps": 0.29, "epsdiluted": 0.29, "weightedAverageShsOut": 157228593, "weightedAverageShsOutDil": 157228593, "link": "https://www.sec.gov/Archives/edgar/data/720005/000072000595000018/0000720005-95-000018-index.html", "finalLink": "https://www.sec.gov/Archives/edgar/data/720005/", "calculatedOtherExpenses": 88400000, "calculatedOperatingExpenses": 414800000, "calculatedNetInterest": 32400000, "calculatedOtherIncome": -32400000, "calculatedIncomeNonControlling": 0, "calculatedEbitda": 84100000}, {"date": "1994-09-30", "symbol": "RJF", "reportedCurrency": "USD", "cik": "0000720005", "fillingDate": "1995-02-22", "acceptedDate": "1995-02-22 00:00:00", "calendarYear": "1994", "period": "FY", "revenue": 470900000, "costOfRevenue": 0, "grossProfit": 470900000, "grossProfitRatio": 1, "researchAndDevelopmentExpenses": 0, "generalAndAdministrativeExpenses": 318000000, "sellingAndMarketingExpenses": 0, "sellingGeneralAndAdministrativeExpenses": 318000000, "otherExpenses": -721700000, "operatingExpenses": -403700000, "costAndExpenses": -403700000, "interestIncome": 58500000, "interestExpense": 36200000, "depreciationAndAmortization": 7000000, "ebitda": 74200000, "ebitdaratio": 0.1575706095, "operatingIncome": 67200000, "operatingIncomeRatio": 0.1427054576, "totalOtherIncomeExpensesNet": 0, "incomeBeforeTax": 67200000, "incomeBeforeTaxRatio": 0.1427054576, "incomeTaxExpense": 25100000, "netIncome": 42100000, "netIncomeRatio": 0.0894032703, "eps": 0.26, "epsdiluted": 0.26, "weightedAverageShsOut": 161301858, "weightedAverageShsOutDil": 163155950, "link": "https://www.sec.gov/Archives/edgar/data/720005/000072000595000005/0000720005-95-000005-index.html", "finalLink": "https://www.sec.gov/Archives/edgar/data/720005/", "calculatedOtherExpenses": 85700000, "calculatedOperatingExpenses": 403700000, "calculatedNetInterest": 22300000, "calculatedOtherIncome": -22300000, "calculatedIncomeNonControlling": 0, "calculatedEbitda": 74200000}, {"date": "1993-09-30", "symbol": "RJF", "reportedCurrency": "USD", "cik": "0000720005", "fillingDate": "1993-09-30", "acceptedDate": "1993-09-29 20:00:00", "calendarYear": "1993", "period": "FY", "revenue": 434600000, "costOfRevenue": 0, "grossProfit": 434600000, "grossProfitRatio": 1, "researchAndDevelopmentExpenses": 0, "generalAndAdministrativeExpenses": 282900000, "sellingAndMarketingExpenses": 0, "sellingGeneralAndAdministrativeExpenses": 282900000, "otherExpenses": -637300000, "operatingExpenses": -354400000, "costAndExpenses": -354400000, "interestIncome": 33600000, "interestExpense": 17200000, "depreciationAndAmortization": 5000000, "ebitda": 85200000, "ebitdaratio": 0.1960423378, "operatingIncome": 80200000, "operatingIncomeRatio": 0.1845375058, "totalOtherIncomeExpensesNet": 0, "incomeBeforeTax": 80200000, "incomeBeforeTaxRatio": 0.1845375058, "incomeTaxExpense": 30900000, "netIncome": 49300000, "netIncomeRatio": 0.1134376438, "eps": 0.3, "epsdiluted": 0.3, "weightedAverageShsOut": 164575442, "weightedAverageShsOutDil": 164575442, "link": null, "finalLink": null, "calculatedOtherExpenses": 71500000, "calculatedOperatingExpenses": 354400000, "calculatedNetInterest": 16400000, "calculatedOtherIncome": -16400000, "calculatedIncomeNonControlling": 0, "calculatedEbitda": 85200000}, {"date": "1992-09-30", "symbol": "RJF", "reportedCurrency": "USD", "cik": "0000720005", "fillingDate": "1992-09-30", "acceptedDate": "1992-09-29 20:00:00", "calendarYear": "1992", "period": "FY", "revenue": 339700000, "costOfRevenue": 0, "grossProfit": 339700000, "grossProfitRatio": 1, "researchAndDevelopmentExpenses": 0, "generalAndAdministrativeExpenses": 216800000, "sellingAndMarketingExpenses": 0, "sellingGeneralAndAdministrativeExpenses": 216800000, "otherExpenses": -490700000, "operatingExpenses": -273900000, "costAndExpenses": -273900000, "interestIncome": 36400000, "interestExpense": 21400000, "depreciationAndAmortization": 5000000, "ebitda": 70800000, "ebitdaratio": 0.2084191934, "operatingIncome": 65800000, "operatingIncomeRatio": 0.1937003238, "totalOtherIncomeExpensesNet": 0, "incomeBeforeTax": 65800000, "incomeBeforeTaxRatio": 0.1937003238, "incomeTaxExpense": 24800000, "netIncome": 41000000, "netIncomeRatio": 0.1206947306, "eps": 0.25, "epsdiluted": 0.25, "weightedAverageShsOut": 164567428, "weightedAverageShsOutDil": 164567428, "link": null, "finalLink": null, "calculatedOtherExpenses": 57100000, "calculatedOperatingExpenses": 273900000, "calculatedNetInterest": 15000000, "calculatedOtherIncome": -15000000, "calculatedIncomeNonControlling": 0, "calculatedEbitda": 70800000}, {"date": "1991-09-30", "symbol": "RJF", "reportedCurrency": "USD", "cik": "0000720005", "fillingDate": "1991-09-30", "acceptedDate": "1991-09-29 20:00:00", "calendarYear": "1991", "period": "FY", "revenue": 245700000, "costOfRevenue": 0, "grossProfit": 245700000, "grossProfitRatio": 1, "researchAndDevelopmentExpenses": 0, "generalAndAdministrativeExpenses": 153900000, "sellingAndMarketingExpenses": 0, "sellingGeneralAndAdministrativeExpenses": 153900000, "otherExpenses": -356100000, "operatingExpenses": -202200000, "costAndExpenses": -202200000, "interestIncome": 55000000, "interestExpense": 40300000, "depreciationAndAmortization": 4100000, "ebitda": 47600000, "ebitdaratio": 0.1937321937, "operatingIncome": 43500000, "operatingIncomeRatio": 0.177045177, "totalOtherIncomeExpensesNet": 0, "incomeBeforeTax": 43500000, "incomeBeforeTaxRatio": 0.177045177, "incomeTaxExpense": 16800000, "netIncome": 26700000, "netIncomeRatio": 0.1086691087, "eps": 0.17, "epsdiluted": 0.16, "weightedAverageShsOut": 160754281, "weightedAverageShsOutDil": 163677158, "link": null, "finalLink": null, "calculatedOtherExpenses": 48300000, "calculatedOperatingExpenses": 202200000, "calculatedNetInterest": 14700000, "calculatedOtherIncome": -14700000, "calculatedIncomeNonControlling": 0, "calculatedEbitda": 47600000}, {"date": "1990-09-30", "symbol": "RJF", "reportedCurrency": "USD", "cik": "0000720005", "fillingDate": "1990-09-30", "acceptedDate": "1990-09-29 20:00:00", "calendarYear": "1990", "period": "FY", "revenue": 208100000, "costOfRevenue": 0, "grossProfit": 208100000, "grossProfitRatio": 1, "researchAndDevelopmentExpenses": 0, "generalAndAdministrativeExpenses": 133100000, "sellingAndMarketingExpenses": 0, "sellingGeneralAndAdministrativeExpenses": 133100000, "otherExpenses": -312000000, "operatingExpenses": -178900000, "costAndExpenses": -178900000, "interestIncome": 61300000, "interestExpense": 48600000, "depreciationAndAmortization": 4400000, "ebitda": 33600000, "ebitdaratio": 0.1614608361, "operatingIncome": 29200000, "operatingIncomeRatio": 0.1403171552, "totalOtherIncomeExpensesNet": 0, "incomeBeforeTax": 29200000, "incomeBeforeTaxRatio": 0.1403171552, "incomeTaxExpense": 11300000, "netIncome": 17900000, "netIncomeRatio": 0.0860163383, "eps": 0.12, "epsdiluted": 0.11, "weightedAverageShsOut": 147200719, "weightedAverageShsOutDil": 163113803, "link": null, "finalLink": null, "calculatedOtherExpenses": 45800000, "calculatedOperatingExpenses": 178900000, "calculatedNetInterest": 12700000, "calculatedOtherIncome": -12700000, "calculatedIncomeNonControlling": 0, "calculatedEbitda": 33600000}, {"date": "1989-09-30", "symbol": "RJF", "reportedCurrency": "USD", "cik": "0000720005", "fillingDate": "1989-09-30", "acceptedDate": "1989-09-29 20:00:00", "calendarYear": "1989", "period": "FY", "revenue": 181700000, "costOfRevenue": 0, "grossProfit": 181700000, "grossProfitRatio": 1, "researchAndDevelopmentExpenses": 0, "generalAndAdministrativeExpenses": 120700000, "sellingAndMarketingExpenses": 0, "sellingGeneralAndAdministrativeExpenses": 120700000, "otherExpenses": -281900000, "operatingExpenses": -161200000, "costAndExpenses": -161200000, "interestIncome": 55800000, "interestExpense": 44700000, "depreciationAndAmortization": 3900000, "ebitda": 24400000, "ebitdaratio": 0.1342872867, "operatingIncome": 20500000, "operatingIncomeRatio": 0.1128233352, "totalOtherIncomeExpensesNet": 0, "incomeBeforeTax": 20500000, "incomeBeforeTaxRatio": 0.1128233352, "incomeTaxExpense": 8100000, "netIncome": 12400000, "netIncomeRatio": 0.0682443588, "eps": 0.086, "epsdiluted": 0.0771, "weightedAverageShsOut": 144165930, "weightedAverageShsOutDil": 160800892, "link": null, "finalLink": null, "calculatedOtherExpenses": 40500000, "calculatedOperatingExpenses": 161200000, "calculatedNetInterest": 11100000, "calculatedOtherIncome": -11100000, "calculatedIncomeNonControlling": 0, "calculatedEbitda": 24400000}, {"date": "1988-09-30", "symbol": "RJF", "reportedCurrency": "USD", "cik": "0000720005", "fillingDate": "1988-09-30", "acceptedDate": "1988-09-29 20:00:00", "calendarYear": "1988", "period": "FY", "revenue": 0, "costOfRevenue": 0, "grossProfit": 0, "grossProfitRatio": 0, "researchAndDevelopmentExpenses": 0, "generalAndAdministrativeExpenses": 0, "sellingAndMarketingExpenses": 0, "sellingGeneralAndAdministrativeExpenses": 0, "otherExpenses": 5500000, "operatingExpenses": 5500000, "costAndExpenses": 5500000, "interestIncome": 0, "interestExpense": 0, "depreciationAndAmortization": 0, "ebitda": 5500000, "ebitdaratio": 0, "operatingIncome": 5500000, "operatingIncomeRatio": 0, "totalOtherIncomeExpensesNet": 0, "incomeBeforeTax": 0, "incomeBeforeTaxRatio": 0, "incomeTaxExpense": -5500000, "netIncome": 5500000, "netIncomeRatio": 0, "eps": 0.0386, "epsdiluted": 0.0386, "weightedAverageShsOut": 142644720, "weightedAverageShsOutDil": 142644720, "link": "", "finalLink": "", "calculatedOtherExpenses": -5500000, "calculatedOperatingExpenses": -5500000, "calculatedNetInterest": 0, "calculatedOtherIncome": -5500000, "calculatedIncomeNonControlling": 0, "calculatedEbitda": 5500000}, {"date": "1987-09-30", "symbol": "RJF", "reportedCurrency": "USD", "cik": "0000720005", "fillingDate": "1987-09-30", "acceptedDate": "1987-09-29 20:00:00", "calendarYear": "1987", "period": "FY", "revenue": 0, "costOfRevenue": 0, "grossProfit": 0, "grossProfitRatio": 0, "researchAndDevelopmentExpenses": 0, "generalAndAdministrativeExpenses": 0, "sellingAndMarketingExpenses": 0, "sellingGeneralAndAdministrativeExpenses": 0, "otherExpenses": 9600000, "operatingExpenses": 9600000, "costAndExpenses": 9600000, "interestIncome": 0, "interestExpense": 0, "depreciationAndAmortization": 0, "ebitda": 9600000, "ebitdaratio": 0, "operatingIncome": 9600000, "operatingIncomeRatio": 0, "totalOtherIncomeExpensesNet": 0, "incomeBeforeTax": 0, "incomeBeforeTaxRatio": 0, "incomeTaxExpense": -9600000, "netIncome": 9600000, "netIncomeRatio": 0, "eps": 0.0682, "epsdiluted": 0.0593, "weightedAverageShsOut": 140729448, "weightedAverageShsOutDil": 161837758, "link": "", "finalLink": "", "calculatedOtherExpenses": -9600000, "calculatedOperatingExpenses": -9600000, "calculatedNetInterest": 0, "calculatedOtherIncome": -9600000, "calculatedIncomeNonControlling": 0, "calculatedEbitda": 9600000}, {"date": "1986-09-30", "symbol": "RJF", "reportedCurrency": "USD", "cik": "0000720005", "fillingDate": "1986-09-30", "acceptedDate": "1986-09-29 20:00:00", "calendarYear": "1986", "period": "FY", "revenue": 0, "costOfRevenue": 0, "grossProfit": 0, "grossProfitRatio": 0, "researchAndDevelopmentExpenses": 0, "generalAndAdministrativeExpenses": 0, "sellingAndMarketingExpenses": 0, "sellingGeneralAndAdministrativeExpenses": 0, "otherExpenses": 6200000, "operatingExpenses": 6200000, "costAndExpenses": 6200000, "interestIncome": 0, "interestExpense": 0, "depreciationAndAmortization": 0, "ebitda": 6200000, "ebitdaratio": 0, "operatingIncome": 6200000, "operatingIncomeRatio": 0, "totalOtherIncomeExpensesNet": 0, "incomeBeforeTax": 0, "incomeBeforeTaxRatio": 0, "incomeTaxExpense": -6200000, "netIncome": 6200000, "netIncomeRatio": 0, "eps": 0.0504, "epsdiluted": 0.0504, "weightedAverageShsOut": 122965451, "weightedAverageShsOutDil": 122965451, "link": "", "finalLink": "", "calculatedOtherExpenses": -6200000, "calculatedOperatingExpenses": -6200000, "calculatedNetInterest": 0, "calculatedOtherIncome": -6200000, "calculatedIncomeNonControlling": 0, "calculatedEbitda": 6200000}, {"date": "1985-09-30", "symbol": "RJF", "reportedCurrency": "USD", "cik": "0000720005", "fillingDate": "1985-09-30", "acceptedDate": "1985-09-29 20:00:00", "calendarYear": "1985", "period": "FY", "revenue": 0, "costOfRevenue": 0, "grossProfit": 0, "grossProfitRatio": 0, "researchAndDevelopmentExpenses": 0, "generalAndAdministrativeExpenses": 0, "sellingAndMarketingExpenses": 0, "sellingGeneralAndAdministrativeExpenses": 0, "otherExpenses": 4600000, "operatingExpenses": 4600000, "costAndExpenses": 4600000, "interestIncome": 0, "interestExpense": 0, "depreciationAndAmortization": 0, "ebitda": 4600000, "ebitdaratio": 0, "operatingIncome": 4600000, "operatingIncomeRatio": 0, "totalOtherIncomeExpensesNet": 0, "incomeBeforeTax": 0, "incomeBeforeTaxRatio": 0, "incomeTaxExpense": -4600000, "netIncome": 4600000, "netIncomeRatio": 0, "eps": 0.0386, "epsdiluted": 0.0386, "weightedAverageShsOut": 119302856, "weightedAverageShsOutDil": 119302856, "link": "", "finalLink": "", "calculatedOtherExpenses": -4600000, "calculatedOperatingExpenses": -4600000, "calculatedNetInterest": 0, "calculatedOtherIncome": -4600000, "calculatedIncomeNonControlling": 0, "calculatedEbitda": 4600000}]}