{"originalCurrency": "USD", "convertedCurrency": "USD", "report": [{"date": "2023-04-01", "symbol": "RL", "reportedCurrency": "USD", "cik": "0001037038", "fillingDate": "2023-05-25", "acceptedDate": "2023-05-25 10:26:48", "calendarYear": "2023", "period": "FY", "revenue": 6443600000, "costOfRevenue": 2277800000, "grossProfit": 4165800000, "grossProfitRatio": 0.6465019554, "researchAndDevelopmentExpenses": 0, "generalAndAdministrativeExpenses": 2721200000, "sellingAndMarketingExpenses": 687700000, "sellingGeneralAndAdministrativeExpenses": 3408900000, "otherExpenses": -4100000, "operatingExpenses": 3408900000, "costAndExpenses": 5686700000, "interestIncome": 32200000, "interestExpense": 40400000, "depreciationAndAmortization": 301300000, "ebitda": 1005500000, "ebitdaratio": 0.1560463095, "operatingIncome": 704200000, "operatingIncomeRatio": 0.1092867341, "totalOtherIncomeExpensesNet": -12300000, "incomeBeforeTax": 691900000, "incomeBeforeTaxRatio": 0.1073778633, "incomeTaxExpense": 169200000, "netIncome": 522700000, "netIncomeRatio": 0.0811192501, "eps": 7.72, "epsdiluted": 7.58, "weightedAverageShsOut": 67700000, "weightedAverageShsOutDil": 69000000, "link": "https://www.sec.gov/Archives/edgar/data/1037038/000103703823000015/0001037038-23-000015-index.htm", "finalLink": "https://www.sec.gov/Archives/edgar/data/1037038/000103703823000015/rl-20230401.htm", "calculatedOtherExpenses": 52700000, "calculatedOperatingExpenses": 3461600000, "calculatedNetInterest": -8200000, "calculatedOtherIncome": -4100000, "calculatedIncomeNonControlling": 0, "calculatedEbitda": 1005500000}, {"date": "2022-04-02", "symbol": "RL", "reportedCurrency": "USD", "cik": "0001037038", "fillingDate": "2022-05-24", "acceptedDate": "2022-05-24 13:14:05", "calendarYear": "2022", "period": "FY", "revenue": 6218500000, "costOfRevenue": 2071000000, "grossProfit": 4147500000, "grossProfitRatio": 0.6669614859, "researchAndDevelopmentExpenses": 0, "generalAndAdministrativeExpenses": 2624500000, "sellingAndMarketingExpenses": 681100000, "sellingGeneralAndAdministrativeExpenses": 3305600000, "otherExpenses": 4700000, "operatingExpenses": 3305600000, "costAndExpenses": 5376600000, "interestIncome": 5500000, "interestExpense": 54000000, "depreciationAndAmortization": 283400000, "ebitda": 1081800000, "ebitdaratio": 0.1739647825, "operatingIncome": 798400000, "operatingIncomeRatio": 0.1283910911, "totalOtherIncomeExpensesNet": -43800000, "incomeBeforeTax": 754600000, "incomeBeforeTaxRatio": 0.1213475919, "incomeTaxExpense": 154500000, "netIncome": 600100000, "netIncomeRatio": 0.096502372, "eps": 8.22, "epsdiluted": 8.08, "weightedAverageShsOut": 73000000, "weightedAverageShsOutDil": 74300000, "link": "https://www.sec.gov/Archives/edgar/data/1037038/000103703822000014/0001037038-22-000014-index.htm", "finalLink": "https://www.sec.gov/Archives/edgar/data/1037038/000103703822000014/rl-20220402.htm", "calculatedOtherExpenses": 43500000, "calculatedOperatingExpenses": 3349100000, "calculatedNetInterest": -48500000, "calculatedOtherIncome": 4700000, "calculatedIncomeNonControlling": 0, "calculatedEbitda": 1081800000}, {"date": "2021-03-27", "symbol": "RL", "reportedCurrency": "USD", "cik": "0001037038", "fillingDate": "2021-05-20", "acceptedDate": "2021-05-20 08:41:21", "calendarYear": "2021", "period": "FY", "revenue": 4400800000, "costOfRevenue": 1539400000, "grossProfit": 2861400000, "grossProfitRatio": 0.6501999636, "researchAndDevelopmentExpenses": 0, "generalAndAdministrativeExpenses": 2180400000, "sellingAndMarketingExpenses": 458100000, "sellingGeneralAndAdministrativeExpenses": 2638500000, "otherExpenses": 7600000, "operatingExpenses": 2638500000, "costAndExpenses": 4177900000, "interestIncome": 9700000, "interestExpense": 48500000, "depreciationAndAmortization": 247600000, "ebitda": 487800000, "ebitdaratio": 0.110843483, "operatingIncome": 240200000, "operatingIncomeRatio": 0.0545809853, "totalOtherIncomeExpensesNet": -315000000, "incomeBeforeTax": -74800000, "incomeBeforeTaxRatio": -0.0169969097, "incomeTaxExpense": 46300000, "netIncome": -121100000, "netIncomeRatio": -0.0275177241, "eps": -1.65, "epsdiluted": -1.65, "weightedAverageShsOut": 73500000, "weightedAverageShsOutDil": 73500000, "link": "https://www.sec.gov/Archives/edgar/data/1037038/000103703821000022/0001037038-21-000022-index.htm", "finalLink": "https://www.sec.gov/Archives/edgar/data/1037038/000103703821000022/rl-20210327.htm", "calculatedOtherExpenses": -17300000, "calculatedOperatingExpenses": 2621200000, "calculatedNetInterest": -38800000, "calculatedOtherIncome": -276200000, "calculatedIncomeNonControlling": 0, "calculatedEbitda": 487800000}, {"date": "2020-03-28", "symbol": "RL", "reportedCurrency": "USD", "cik": "0001037038", "fillingDate": "2020-05-27", "acceptedDate": "2020-05-27 08:29:35", "calendarYear": "2020", "period": "FY", "revenue": 6159800000, "costOfRevenue": 2506500000, "grossProfit": 3653300000, "grossProfitRatio": 0.5930874379, "researchAndDevelopmentExpenses": 0, "generalAndAdministrativeExpenses": 2758800000, "sellingAndMarketingExpenses": 478700000, "sellingGeneralAndAdministrativeExpenses": 3237500000, "otherExpenses": -7400000, "operatingExpenses": 3237500000, "costAndExpenses": 5744000000, "interestIncome": 34400000, "interestExpense": 17600000, "depreciationAndAmortization": 269500000, "ebitda": 712300000, "ebitdaratio": 0.1156368713, "operatingIncome": 442800000, "operatingIncomeRatio": 0.0718854508, "totalOtherIncomeExpensesNet": -116400000, "incomeBeforeTax": 326400000, "incomeBeforeTaxRatio": 0.0529887334, "incomeTaxExpense": -57900000, "netIncome": 384300000, "netIncomeRatio": 0.0623883892, "eps": 5.07, "epsdiluted": 4.98, "weightedAverageShsOut": 75800000, "weightedAverageShsOutDil": 77200000, "link": "https://www.sec.gov/Archives/edgar/data/1037038/000103703820000014/0001037038-20-000014-index.htm", "finalLink": "https://www.sec.gov/Archives/edgar/data/1037038/000103703820000014/rl-20200328x10k.htm", "calculatedOtherExpenses": -27000000, "calculatedOperatingExpenses": 3210500000, "calculatedNetInterest": 16800000, "calculatedOtherIncome": -133200000, "calculatedIncomeNonControlling": 0, "calculatedEbitda": 712300000}, {"date": "2019-03-30", "symbol": "RL", "reportedCurrency": "USD", "cik": "0001037038", "fillingDate": "2019-05-16", "acceptedDate": "2019-05-16 16:39:12", "calendarYear": "2019", "period": "FY", "revenue": 6313000000, "costOfRevenue": 2427000000, "grossProfit": 3886000000, "grossProfitRatio": 0.6155552035, "researchAndDevelopmentExpenses": 0, "generalAndAdministrativeExpenses": 2693300000, "sellingAndMarketingExpenses": 475000000, "sellingGeneralAndAdministrativeExpenses": 3168300000, "otherExpenses": 600000, "operatingExpenses": 3168300000, "costAndExpenses": 5595300000, "interestIncome": 40800000, "interestExpense": 20700000, "depreciationAndAmortization": 281300000, "ebitda": 1040400000, "ebitdaratio": 0.1648027879, "operatingIncome": 561800000, "operatingIncomeRatio": 0.088990971, "totalOtherIncomeExpensesNet": -155300000, "incomeBeforeTax": 582500000, "incomeBeforeTaxRatio": 0.0922699192, "incomeTaxExpense": 151600000, "netIncome": 430900000, "netIncomeRatio": 0.0682559797, "eps": 5.35, "epsdiluted": 5.27, "weightedAverageShsOut": 80600000, "weightedAverageShsOutDil": 81700000, "link": "https://www.sec.gov/Archives/edgar/data/1037038/000103703819000005/0001037038-19-000005-index.htm", "finalLink": "https://www.sec.gov/Archives/edgar/data/1037038/000103703819000005/rl-20190330x10k.htm", "calculatedOtherExpenses": 155900000, "calculatedOperatingExpenses": 3324200000, "calculatedNetInterest": 20100000, "calculatedOtherIncome": 600000, "calculatedIncomeNonControlling": 0, "calculatedEbitda": 843100000}, {"date": "2018-03-31", "symbol": "RL", "reportedCurrency": "USD", "cik": "0001037038", "fillingDate": "2018-05-23", "acceptedDate": "2018-05-23 16:32:14", "calendarYear": "2018", "period": "FY", "revenue": 6182300000, "costOfRevenue": 2430600000, "grossProfit": 3751700000, "grossProfitRatio": 0.6068453488, "researchAndDevelopmentExpenses": 0, "generalAndAdministrativeExpenses": 2659900000, "sellingAndMarketingExpenses": 435600000, "sellingGeneralAndAdministrativeExpenses": 3095500000, "otherExpenses": -3100000, "operatingExpenses": 3095500000, "costAndExpenses": 5526100000, "interestIncome": 12300000, "interestExpense": 18200000, "depreciationAndAmortization": 295200000, "ebitda": 960600000, "ebitdaratio": 0.155379066, "operatingIncome": 498200000, "operatingIncomeRatio": 0.0805848956, "totalOtherIncomeExpensesNet": -161100000, "incomeBeforeTax": 489200000, "incomeBeforeTaxRatio": 0.0791291267, "incomeTaxExpense": 326400000, "netIncome": 162800000, "netIncomeRatio": 0.0263332417, "eps": 1.99, "epsdiluted": 1.97, "weightedAverageShsOut": 81700000, "weightedAverageShsOutDil": 82500000, "link": "https://www.sec.gov/Archives/edgar/data/1037038/000103703818000007/0001037038-18-000007-index.htm", "finalLink": "https://www.sec.gov/Archives/edgar/data/1037038/000103703818000007/rl-20180331x10k.htm", "calculatedOtherExpenses": 158000000, "calculatedOperatingExpenses": 3253500000, "calculatedNetInterest": -5900000, "calculatedOtherIncome": -3100000, "calculatedIncomeNonControlling": 0, "calculatedEbitda": 793400000}, {"date": "2017-04-01", "symbol": "RL", "reportedCurrency": "USD", "cik": "0001037038", "fillingDate": "2017-05-18", "acceptedDate": "2017-05-18 16:10:01", "calendarYear": "2017", "period": "FY", "revenue": 6652800000, "costOfRevenue": 3001700000, "grossProfit": 3651100000, "grossProfitRatio": 0.5488065176, "researchAndDevelopmentExpenses": 0, "generalAndAdministrativeExpenses": 2716600000, "sellingAndMarketingExpenses": 432800000, "sellingGeneralAndAdministrativeExpenses": 3149400000, "otherExpenses": 24100000, "operatingExpenses": 3173500000, "costAndExpenses": 6175200000, "interestIncome": 6400000, "interestExpense": 12400000, "depreciationAndAmortization": 307500000, "ebitda": 786300000, "ebitdaratio": 0.1181908369, "operatingIncome": -94800000, "operatingIncomeRatio": -0.0142496392, "totalOtherIncomeExpensesNet": -576500000, "incomeBeforeTax": -104900000, "incomeBeforeTaxRatio": -0.015767797, "incomeTaxExpense": -5600000, "netIncome": -99300000, "netIncomeRatio": -0.0149260462, "eps": -1.2, "epsdiluted": -1.2, "weightedAverageShsOut": 82700000, "weightedAverageShsOutDil": 82700000, "link": "https://www.sec.gov/Archives/edgar/data/1037038/000103703817000004/0001037038-17-000004-index.htm", "finalLink": "https://www.sec.gov/Archives/edgar/data/1037038/000103703817000004/rl-20170401x10k.htm", "calculatedOtherExpenses": 596500000, "calculatedOperatingExpenses": 3745900000, "calculatedNetInterest": -6000000, "calculatedOtherIncome": -4100000, "calculatedIncomeNonControlling": 0, "calculatedEbitda": 212700000}, {"date": "2016-04-02", "symbol": "RL", "reportedCurrency": "USD", "cik": "0001037038", "fillingDate": "2016-05-19", "acceptedDate": "2016-05-19 16:06:04", "calendarYear": "2016", "period": "FY", "revenue": 7405000000, "costOfRevenue": 3218000000, "grossProfit": 4187000000, "grossProfitRatio": 0.5654287643, "researchAndDevelopmentExpenses": 0, "generalAndAdministrativeExpenses": 2883200000, "sellingAndMarketingExpenses": 505800000, "sellingGeneralAndAdministrativeExpenses": 3389000000, "otherExpenses": 24000000, "operatingExpenses": 3413000000, "costAndExpenses": 6631000000, "interestIncome": 6000000, "interestExpense": 21000000, "depreciationAndAmortization": 24000000, "ebitda": 793000000, "ebitdaratio": 0.1070898042, "operatingIncome": 582000000, "operatingIncomeRatio": 0.0785955436, "totalOtherIncomeExpensesNet": -207000000, "incomeBeforeTax": 552000000, "incomeBeforeTaxRatio": 0.0745442269, "incomeTaxExpense": 156000000, "netIncome": 396000000, "netIncomeRatio": 0.0534773801, "eps": 4.65, "epsdiluted": 4.62, "weightedAverageShsOut": 85200000, "weightedAverageShsOutDil": 85900000, "link": "https://www.sec.gov/Archives/edgar/data/1037038/000103703816000019/0001037038-16-000019-index.htm", "finalLink": "https://www.sec.gov/Archives/edgar/data/1037038/000103703816000019/rl-20160402x10k.htm", "calculatedOtherExpenses": 216000000, "calculatedOperatingExpenses": 3605000000, "calculatedNetInterest": -15000000, "calculatedOtherIncome": -15000000, "calculatedIncomeNonControlling": 0, "calculatedEbitda": 606000000}, {"date": "2015-03-28", "symbol": "RL", "reportedCurrency": "USD", "cik": "0001037038", "fillingDate": "2015-05-15", "acceptedDate": "2015-05-15 16:14:51", "calendarYear": "2015", "period": "FY", "revenue": 7620000000, "costOfRevenue": 3242000000, "grossProfit": 4378000000, "grossProfitRatio": 0.5745406824, "researchAndDevelopmentExpenses": 0, "generalAndAdministrativeExpenses": 3026400000, "sellingAndMarketingExpenses": 274600000, "sellingGeneralAndAdministrativeExpenses": 3301000000, "otherExpenses": 25000000, "operatingExpenses": 3326000000, "costAndExpenses": 6568000000, "interestIncome": 6000000, "interestExpense": 17000000, "depreciationAndAmortization": 25000000, "ebitda": 1072000000, "ebitdaratio": 0.1406824147, "operatingIncome": 1035000000, "operatingIncomeRatio": 0.1358267717, "totalOtherIncomeExpensesNet": -54000000, "incomeBeforeTax": 987000000, "incomeBeforeTaxRatio": 0.1295275591, "incomeTaxExpense": 285000000, "netIncome": 702000000, "netIncomeRatio": 0.0921259843, "eps": 7.96, "epsdiluted": 7.88, "weightedAverageShsOut": 88200000, "weightedAverageShsOutDil": 89100000, "link": "https://www.sec.gov/Archives/edgar/data/1037038/000103703815000006/0001037038-15-000006-index.htm", "finalLink": "https://www.sec.gov/Archives/edgar/data/1037038/000103703815000006/rl-20150328x10k.htm", "calculatedOtherExpenses": 42000000, "calculatedOperatingExpenses": 3343000000, "calculatedNetInterest": -11000000, "calculatedOtherIncome": -37000000, "calculatedIncomeNonControlling": 0, "calculatedEbitda": 1060000000}, {"date": "2014-03-29", "symbol": "RL", "reportedCurrency": "USD", "cik": "0001037038", "fillingDate": "2014-05-15", "acceptedDate": "2014-05-15 16:58:03", "calendarYear": "2014", "period": "FY", "revenue": 7450000000, "costOfRevenue": 3140000000, "grossProfit": 4310000000, "grossProfitRatio": 0.5785234899, "researchAndDevelopmentExpenses": 0, "generalAndAdministrativeExpenses": 2886000000, "sellingAndMarketingExpenses": 256000000, "sellingGeneralAndAdministrativeExpenses": 3142000000, "otherExpenses": 35000000, "operatingExpenses": 3177000000, "costAndExpenses": 6317000000, "interestIncome": 3000000, "interestExpense": 20000000, "depreciationAndAmortization": 35000000, "ebitda": 1162000000, "ebitdaratio": 0.1559731544, "operatingIncome": 1130000000, "operatingIncomeRatio": 0.1516778523, "totalOtherIncomeExpensesNet": -20000000, "incomeBeforeTax": 1096000000, "incomeBeforeTaxRatio": 0.147114094, "incomeTaxExpense": 320000000, "netIncome": 776000000, "netIncomeRatio": 0.1041610738, "eps": 8.6, "epsdiluted": 8.43, "weightedAverageShsOut": 90100000, "weightedAverageShsOutDil": 92000000, "link": "https://www.sec.gov/Archives/edgar/data/1037038/000103703814000006/0001037038-14-000006-index.htm", "finalLink": "https://www.sec.gov/Archives/edgar/data/1037038/000103703814000006/rl-20140329x10k.htm", "calculatedOtherExpenses": 38000000, "calculatedOperatingExpenses": 3180000000, "calculatedNetInterest": -17000000, "calculatedOtherIncome": -17000000, "calculatedIncomeNonControlling": 0, "calculatedEbitda": 1165000000}, {"date": "2013-03-30", "symbol": "RL", "reportedCurrency": "USD", "cik": "0001037038", "fillingDate": "2013-05-23", "acceptedDate": "2013-05-23 16:18:28", "calendarYear": "2013", "period": "FY", "revenue": 6944800000, "costOfRevenue": 2789000000, "grossProfit": 4155800000, "grossProfitRatio": 0.5984045617, "researchAndDevelopmentExpenses": 0, "generalAndAdministrativeExpenses": 2754600000, "sellingAndMarketingExpenses": 217000000, "sellingGeneralAndAdministrativeExpenses": 2971600000, "otherExpenses": 26800000, "operatingExpenses": 2998400000, "costAndExpenses": 5787400000, "interestIncome": 5700000, "interestExpense": 22100000, "depreciationAndAmortization": 232300000, "ebitda": 1385900000, "ebitdaratio": 0.1995593826, "operatingIncome": 1126700000, "operatingIncomeRatio": 0.1622364935, "totalOtherIncomeExpensesNet": -51700000, "incomeBeforeTax": 1089300000, "incomeBeforeTaxRatio": 0.1568511692, "incomeTaxExpense": 339300000, "netIncome": 750000000, "netIncomeRatio": 0.1079944707, "eps": 8.21, "epsdiluted": 8, "weightedAverageShsOut": 91300000, "weightedAverageShsOutDil": 93700000, "link": "https://www.sec.gov/Archives/edgar/data/1037038/000103703813000009/0001037038-13-000009-index.htm", "finalLink": "https://www.sec.gov/Archives/edgar/data/1037038/000103703813000009/rl-20130330x10k.htm", "calculatedOtherExpenses": 57500000, "calculatedOperatingExpenses": 3029100000, "calculatedNetInterest": -16400000, "calculatedOtherIncome": -21000000, "calculatedIncomeNonControlling": 0, "calculatedEbitda": 1359000000}, {"date": "2012-03-31", "symbol": "RL", "reportedCurrency": "USD", "cik": "0001037038", "fillingDate": "2012-05-24", "acceptedDate": "2012-05-24 16:16:49", "calendarYear": "2012", "period": "FY", "revenue": 6859500000, "costOfRevenue": 2861400000, "grossProfit": 3998100000, "grossProfitRatio": 0.5828558933, "researchAndDevelopmentExpenses": 0, "generalAndAdministrativeExpenses": 0, "sellingAndMarketingExpenses": 0, "sellingGeneralAndAdministrativeExpenses": 2915200000, "otherExpenses": 28900000, "operatingExpenses": 2944100000, "costAndExpenses": 5805500000, "interestIncome": 11000000, "interestExpense": 24500000, "depreciationAndAmortization": 28900000, "ebitda": 1084600000, "ebitdaratio": 0.1581164808, "operatingIncome": 1039400000, "operatingIncomeRatio": 0.1515270792, "totalOtherIncomeExpensesNet": -25400000, "incomeBeforeTax": 1015100000, "incomeBeforeTaxRatio": 0.147984547, "incomeTaxExpense": 334100000, "netIncome": 681000000, "netIncomeRatio": 0.0992783731, "eps": 7.35, "epsdiluted": 7.13, "weightedAverageShsOut": 92700000, "weightedAverageShsOutDil": 95500000, "link": "https://www.sec.gov/Archives/edgar/data/1037038/000119312512247066/0001193125-12-247066-index.htm", "finalLink": "https://www.sec.gov/Archives/edgar/data/1037038/000119312512247066/d299519d10k.htm", "calculatedOtherExpenses": 43500000, "calculatedOperatingExpenses": 2958700000, "calculatedNetInterest": -13500000, "calculatedOtherIncome": -10800000, "calculatedIncomeNonControlling": 0, "calculatedEbitda": 1068300000}, {"date": "2011-04-02", "symbol": "RL", "reportedCurrency": "USD", "cik": "0001037038", "fillingDate": "2011-05-26", "acceptedDate": "2011-05-26 16:27:16", "calendarYear": "2011", "period": "FY", "revenue": 5660300000, "costOfRevenue": 2342000000, "grossProfit": 3318300000, "grossProfitRatio": 0.586241012, "researchAndDevelopmentExpenses": 0, "generalAndAdministrativeExpenses": 0, "sellingAndMarketingExpenses": 0, "sellingGeneralAndAdministrativeExpenses": 2442700000, "otherExpenses": 25400000, "operatingExpenses": 2468100000, "costAndExpenses": 4810100000, "interestIncome": 7700000, "interestExpense": 18300000, "depreciationAndAmortization": 25400000, "ebitda": 875600000, "ebitdaratio": 0.1546914474, "operatingIncome": 845100000, "operatingIncomeRatio": 0.1493030405, "totalOtherIncomeExpensesNet": -14200000, "incomeBeforeTax": 825400000, "incomeBeforeTaxRatio": 0.1458226596, "incomeTaxExpense": 257800000, "netIncome": 567600000, "netIncomeRatio": 0.1002773705, "eps": 5.91, "epsdiluted": 5.75, "weightedAverageShsOut": 96000000, "weightedAverageShsOutDil": 98700000, "link": "https://www.sec.gov/Archives/edgar/data/1037038/000095012311054456/0000950123-11-054456-index.htm", "finalLink": "https://www.sec.gov/Archives/edgar/data/1037038/000095012311054456/y91269e10vk.htm", "calculatedOtherExpenses": 30500000, "calculatedOperatingExpenses": 2473200000, "calculatedNetInterest": -10600000, "calculatedOtherIncome": -9100000, "calculatedIncomeNonControlling": 0, "calculatedEbitda": 870500000}, {"date": "2010-04-03", "symbol": "RL", "reportedCurrency": "USD", "cik": "0001037038", "fillingDate": "2010-06-02", "acceptedDate": "2010-06-02 16:17:38", "calendarYear": "2010", "period": "FY", "revenue": 4978900000, "costOfRevenue": 2079800000, "grossProfit": 2899100000, "grossProfitRatio": 0.5822772098, "researchAndDevelopmentExpenses": 0, "generalAndAdministrativeExpenses": 0, "sellingAndMarketingExpenses": 0, "sellingGeneralAndAdministrativeExpenses": 2157000000, "otherExpenses": 21700000, "operatingExpenses": 2178700000, "costAndExpenses": 4258500000, "interestIncome": 12400000, "interestExpense": 22200000, "depreciationAndAmortization": 21700000, "ebitda": 748900000, "ebitdaratio": 0.1504147502, "operatingIncome": 706900000, "operatingIncomeRatio": 0.141979152, "totalOtherIncomeExpensesNet": -21300000, "incomeBeforeTax": 689300000, "incomeBeforeTaxRatio": 0.1384442347, "incomeTaxExpense": 209800000, "netIncome": 479500000, "netIncomeRatio": 0.0963064131, "eps": 4.85, "epsdiluted": 4.73, "weightedAverageShsOut": 98900000, "weightedAverageShsOutDil": 101300000, "link": "https://www.sec.gov/Archives/edgar/data/1037038/000095012310055188/0000950123-10-055188-index.htm", "finalLink": "https://www.sec.gov/Archives/edgar/data/1037038/000095012310055188/y81773e10vk.htm", "calculatedOtherExpenses": 35200000, "calculatedOperatingExpenses": 2192200000, "calculatedNetInterest": -9800000, "calculatedOtherIncome": -7800000, "calculatedIncomeNonControlling": 0, "calculatedEbitda": 728600000}, {"date": "2009-03-28", "symbol": "RL", "reportedCurrency": "USD", "cik": "0001037038", "fillingDate": "2009-05-27", "acceptedDate": "2009-05-27 16:59:12", "calendarYear": "2009", "period": "FY", "revenue": 5018900000, "costOfRevenue": 2288200000, "grossProfit": 2730700000, "grossProfitRatio": 0.5440833649, "researchAndDevelopmentExpenses": 0, "generalAndAdministrativeExpenses": 0, "sellingAndMarketingExpenses": 0, "sellingGeneralAndAdministrativeExpenses": 2036000000, "otherExpenses": 20200000, "operatingExpenses": 2056200000, "costAndExpenses": 4344400000, "interestIncome": 22000000, "interestExpense": 26600000, "depreciationAndAmortization": 184400000, "ebitda": 875900000, "ebitdaratio": 0.1745203132, "operatingIncome": 595500000, "operatingIncomeRatio": 0.1186514973, "totalOtherIncomeExpensesNet": -82400000, "incomeBeforeTax": 587500000, "incomeBeforeTaxRatio": 0.1170575226, "incomeTaxExpense": 181500000, "netIncome": 406000000, "netIncomeRatio": 0.0808942198, "eps": 4.09, "epsdiluted": 4.01, "weightedAverageShsOut": 99200000, "weightedAverageShsOutDil": 101300000, "link": "https://www.sec.gov/Archives/edgar/data/1037038/000095012309009558/0000950123-09-009558-index.htm", "finalLink": "https://www.sec.gov/Archives/edgar/data/1037038/000095012309009558/y77331e10vk.htm", "calculatedOtherExpenses": 99200000, "calculatedOperatingExpenses": 2135200000, "calculatedNetInterest": -4600000, "calculatedOtherIncome": -3400000, "calculatedIncomeNonControlling": 0, "calculatedEbitda": 779900000}, {"date": "2008-03-29", "symbol": "RL", "reportedCurrency": "USD", "cik": "0001037038", "fillingDate": "2008-05-28", "acceptedDate": "2008-05-28 17:03:17", "calendarYear": "2008", "period": "FY", "revenue": 4880100000, "costOfRevenue": 2242000000, "grossProfit": 2638100000, "grossProfitRatio": 0.5405831848, "researchAndDevelopmentExpenses": 0, "generalAndAdministrativeExpenses": 0, "sellingAndMarketingExpenses": 0, "sellingGeneralAndAdministrativeExpenses": 1932500000, "otherExpenses": 52200000, "operatingExpenses": 1984700000, "costAndExpenses": 4226700000, "interestIncome": 0, "interestExpense": 22700000, "depreciationAndAmortization": 201300000, "ebitda": 866100000, "ebitdaratio": 0.1774758714, "operatingIncome": 653400000, "operatingIncomeRatio": 0.133890699, "totalOtherIncomeExpensesNet": -13200000, "incomeBeforeTax": 642100000, "incomeBeforeTaxRatio": 0.1315751726, "incomeTaxExpense": 222300000, "netIncome": 419800000, "netIncomeRatio": 0.0860228274, "eps": 4.1, "epsdiluted": 3.99, "weightedAverageShsOut": 102300000, "weightedAverageShsOutDil": 105200000, "link": "https://www.sec.gov/Archives/edgar/data/1037038/000095012308006223/0000950123-08-006223-index.htm", "finalLink": "https://www.sec.gov/Archives/edgar/data/1037038/000095012308006223/y58710e10vk.htm", "calculatedOtherExpenses": 52200000, "calculatedOperatingExpenses": 1984700000, "calculatedNetInterest": -22700000, "calculatedOtherIncome": 11400000, "calculatedIncomeNonControlling": 0, "calculatedEbitda": 854700000}, {"date": "2007-03-31", "symbol": "RL", "reportedCurrency": "USD", "cik": "0001037038", "fillingDate": "2007-05-30", "acceptedDate": "2007-05-30 16:43:41", "calendarYear": "2007", "period": "FY", "revenue": 4295400000, "costOfRevenue": 1959200000, "grossProfit": 2336200000, "grossProfitRatio": 0.5438841551, "researchAndDevelopmentExpenses": 0, "generalAndAdministrativeExpenses": 0, "sellingAndMarketingExpenses": 0, "sellingGeneralAndAdministrativeExpenses": 1663400000, "otherExpenses": 15600000, "operatingExpenses": 1679000000, "costAndExpenses": 3638200000, "interestIncome": 26100000, "interestExpense": 20000000, "depreciationAndAmortization": 144700000, "ebitda": 808000000, "ebitdaratio": 0.1881082088, "operatingIncome": 652600000, "operatingIncomeRatio": 0.1519299716, "totalOtherIncomeExpensesNet": -3100000, "incomeBeforeTax": 643300000, "incomeBeforeTaxRatio": 0.1497648647, "incomeTaxExpense": 242400000, "netIncome": 400900000, "netIncomeRatio": 0.0933324021, "eps": 3.84, "epsdiluted": 3.73, "weightedAverageShsOut": 104400000, "weightedAverageShsOutDil": 107600000, "link": "https://www.sec.gov/Archives/edgar/data/1037038/000095012307008115/0000950123-07-008115-index.htm", "finalLink": "https://www.sec.gov/Archives/edgar/data/1037038/000095012307008115/y35312e10vk.htm", "calculatedOtherExpenses": 20200000, "calculatedOperatingExpenses": 1683600000, "calculatedNetInterest": 6100000, "calculatedOtherIncome": -15400000, "calculatedIncomeNonControlling": 0, "calculatedEbitda": 797300000}, {"date": "2006-04-01", "symbol": "RL", "reportedCurrency": "USD", "cik": "0001037038", "fillingDate": "2006-06-15", "acceptedDate": "2006-06-15 17:09:01", "calendarYear": "2006", "period": "FY", "revenue": 3746300000, "costOfRevenue": 1723900000, "grossProfit": 2022400000, "grossProfitRatio": 0.5398393081, "researchAndDevelopmentExpenses": 0, "generalAndAdministrativeExpenses": 0, "sellingAndMarketingExpenses": 0, "sellingGeneralAndAdministrativeExpenses": 1476900000, "otherExpenses": 19900000, "operatingExpenses": 1496800000, "costAndExpenses": 3220700000, "interestIncome": 13700000, "interestExpense": 48200000, "depreciationAndAmortization": 127000000, "ebitda": 678100000, "ebitdaratio": 0.1810052585, "operatingIncome": 516600000, "operatingIncomeRatio": 0.1378960574, "totalOtherIncomeExpensesNet": -21200000, "incomeBeforeTax": 502900000, "incomeBeforeTaxRatio": 0.1342391159, "incomeTaxExpense": 194900000, "netIncome": 308000000, "netIncomeRatio": 0.0822144516, "eps": 2.96, "epsdiluted": 2.87, "weightedAverageShsOut": 104200000, "weightedAverageShsOutDil": 107200000, "link": "https://www.sec.gov/Archives/edgar/data/1037038/000095012306007753/0000950123-06-007753-index.htm", "finalLink": "https://www.sec.gov/Archives/edgar/data/1037038/000095012306007753/y22134e10vk.htm", "calculatedOtherExpenses": 28900000, "calculatedOperatingExpenses": 1505800000, "calculatedNetInterest": -34500000, "calculatedOtherIncome": 20800000, "calculatedIncomeNonControlling": 0, "calculatedEbitda": 643600000}, {"date": "2005-04-02", "symbol": "RL", "reportedCurrency": "USD", "cik": "0001037038", "fillingDate": "2005-07-01", "acceptedDate": "2005-07-01 15:35:05", "calendarYear": "2005", "period": "FY", "revenue": 3305415000, "costOfRevenue": 1620869000, "grossProfit": 1684546000, "grossProfitRatio": 0.5096322247, "researchAndDevelopmentExpenses": 0, "generalAndAdministrativeExpenses": 0, "sellingAndMarketingExpenses": 0, "sellingGeneralAndAdministrativeExpenses": 1382520000, "otherExpenses": 0, "operatingExpenses": 1382520000, "costAndExpenses": 3003389000, "interestIncome": -4573000, "interestExpense": 2139000, "depreciationAndAmortization": 103633000, "ebitda": 403533000, "ebitdaratio": 0.1220824012, "operatingIncome": 299685000, "operatingIncomeRatio": 0.0906648636, "totalOtherIncomeExpensesNet": 2126000, "incomeBeforeTax": 299366000, "incomeBeforeTaxRatio": 0.0905683553, "incomeTaxExpense": 107336000, "netIncome": 190425000, "netIncomeRatio": 0.0576100127, "eps": 1.88, "epsdiluted": 1.83, "weightedAverageShsOut": 101500000, "weightedAverageShsOutDil": 104100000, "link": "https://www.sec.gov/Archives/edgar/data/1037038/000095012305008114/0000950123-05-008114-index.htm", "finalLink": "https://www.sec.gov/Archives/edgar/data/1037038/000095012305008114/y10404e10vk.htm", "calculatedOtherExpenses": 2341000, "calculatedOperatingExpenses": 1384861000, "calculatedNetInterest": -6712000, "calculatedOtherIncome": 6393000, "calculatedIncomeNonControlling": 1605000, "calculatedEbitda": 403318000}, {"date": "2004-04-03", "symbol": "RL", "reportedCurrency": "USD", "cik": "0001037038", "fillingDate": "2004-06-07", "acceptedDate": "2004-06-07 11:58:31", "calendarYear": "2004", "period": "FY", "revenue": 2649654000, "costOfRevenue": 1326335000, "grossProfit": 1323319000, "grossProfitRatio": 0.4994308691, "researchAndDevelopmentExpenses": 0, "generalAndAdministrativeExpenses": 0, "sellingAndMarketingExpenses": 0, "sellingGeneralAndAdministrativeExpenses": 1029957000, "otherExpenses": 0, "operatingExpenses": 1029957000, "costAndExpenses": 2356292000, "interestIncome": 0, "interestExpense": 44706000, "depreciationAndAmortization": 83189000, "ebitda": 393904000, "ebitdaratio": 0.1486624291, "operatingIncome": 273796000, "operatingIncomeRatio": 0.103332737, "totalOtherIncomeExpensesNet": -17353000, "incomeBeforeTax": 261932000, "incomeBeforeTaxRatio": 0.0988551713, "incomeTaxExpense": 95055000, "netIncome": 170954000, "netIncomeRatio": 0.0645193674, "eps": 1.73, "epsdiluted": 1.69, "weightedAverageShsOut": 99000000, "weightedAverageShsOutDil": 101000000, "link": "https://www.sec.gov/Archives/edgar/data/1037038/000095012304007137/0000950123-04-007137-index.htm", "finalLink": "https://www.sec.gov/Archives/edgar/data/1037038/000095012304007137/y97899e10vk.htm", "calculatedOtherExpenses": 19566000, "calculatedOperatingExpenses": 1049523000, "calculatedNetInterest": -44706000, "calculatedOtherIncome": 32842000, "calculatedIncomeNonControlling": -4077000, "calculatedEbitda": 356985000}, {"date": "2003-03-29", "symbol": "RL", "reportedCurrency": "USD", "cik": "0001037038", "fillingDate": "2003-06-19", "acceptedDate": "2003-06-19 16:44:21", "calendarYear": "2003", "period": "FY", "revenue": 2439340000, "costOfRevenue": 1231739000, "grossProfit": 1207601000, "grossProfitRatio": 0.4950523502, "researchAndDevelopmentExpenses": 0, "generalAndAdministrativeExpenses": 0, "sellingAndMarketingExpenses": 0, "sellingGeneralAndAdministrativeExpenses": 904741000, "otherExpenses": 0, "operatingExpenses": 904741000, "costAndExpenses": 2136480000, "interestIncome": 0, "interestExpense": 43446000, "depreciationAndAmortization": 78645000, "ebitda": 396477000, "ebitdaratio": 0.162534538, "operatingIncome": 288417000, "operatingIncomeRatio": 0.1182356703, "totalOtherIncomeExpensesNet": -14972000, "incomeBeforeTax": 274386000, "incomeBeforeTaxRatio": 0.1124837046, "incomeTaxExpense": 100151000, "netIncome": 174235000, "netIncomeRatio": 0.0714271073, "eps": 1.77, "epsdiluted": 1.76, "weightedAverageShsOut": 98330626, "weightedAverageShsOutDil": 99263054, "link": "https://www.sec.gov/Archives/edgar/data/1037038/000095012303007248/0000950123-03-007248-index.htm", "finalLink": "https://www.sec.gov/Archives/edgar/data/1037038/000095012303007248/y87538e10vk.txt", "calculatedOtherExpenses": 14443000, "calculatedOperatingExpenses": 919184000, "calculatedNetInterest": -43446000, "calculatedOtherIncome": 29415000, "calculatedIncomeNonControlling": 0, "calculatedEbitda": 367062000}, {"date": "2002-03-30", "symbol": "RL", "reportedCurrency": "USD", "cik": "0001037038", "fillingDate": "2002-06-25", "acceptedDate": "2002-06-25 17:24:27", "calendarYear": "2002", "period": "FY", "revenue": 2363707000, "costOfRevenue": 1216904000, "grossProfit": 1146803000, "grossProfitRatio": 0.4851713855, "researchAndDevelopmentExpenses": 0, "generalAndAdministrativeExpenses": 0, "sellingAndMarketingExpenses": 0, "sellingGeneralAndAdministrativeExpenses": 837591000, "otherExpenses": 0, "operatingExpenses": 837591000, "costAndExpenses": 2054495000, "interestIncome": 0, "interestExpense": 47393000, "depreciationAndAmortization": 83919000, "ebitda": 407311000, "ebitdaratio": 0.1723187349, "operatingIncome": 293212000, "operatingIncomeRatio": 0.1240475237, "totalOtherIncomeExpensesNet": -14180000, "incomeBeforeTax": 275999000, "incomeBeforeTaxRatio": 0.1167653182, "incomeTaxExpense": 103499000, "netIncome": 172500000, "netIncomeRatio": 0.0729785883, "eps": 1.77, "epsdiluted": 1.75, "weightedAverageShsOut": 97470342, "weightedAverageShsOutDil": 98522718, "link": "https://www.sec.gov/Archives/edgar/data/1037038/000095012302006474/0000950123-02-006474-index.htm", "finalLink": "https://www.sec.gov/Archives/edgar/data/1037038/000095012302006474/y61699e10vk.txt", "calculatedOtherExpenses": 16000000, "calculatedOperatingExpenses": 853591000, "calculatedNetInterest": -47393000, "calculatedOtherIncome": 30180000, "calculatedIncomeNonControlling": 0, "calculatedEbitda": 377131000}, {"date": "2001-03-31", "symbol": "RL", "reportedCurrency": "USD", "cik": "0001037038", "fillingDate": "2001-06-26", "acceptedDate": "2001-06-26 00:00:00", "calendarYear": "2001", "period": "FY", "revenue": 2225774000, "costOfRevenue": 1084128000, "grossProfit": 1141646000, "grossProfitRatio": 0.5129208985, "researchAndDevelopmentExpenses": 0, "generalAndAdministrativeExpenses": 0, "sellingAndMarketingExpenses": 0, "sellingGeneralAndAdministrativeExpenses": 822272000, "otherExpenses": 0, "operatingExpenses": 822272000, "costAndExpenses": 1906400000, "interestIncome": 0, "interestExpense": 339128000, "depreciationAndAmortization": 78599000, "ebitda": 515681000, "ebitdaratio": 0.231686146, "operatingIncome": 117221000, "operatingIncomeRatio": 0.0526652751, "totalOtherIncomeExpensesNet": -117708000, "incomeBeforeTax": 97954000, "incomeBeforeTaxRatio": 0.0440089605, "incomeTaxExpense": 38692000, "netIncome": 59262000, "netIncomeRatio": 0.0266253447, "eps": 0.59, "epsdiluted": 0.58, "weightedAverageShsOut": 96773000, "weightedAverageShsOutDil": 97446000, "link": "https://www.sec.gov/Archives/edgar/data/1037038/000095012301503829/0000950123-01-503829-index.htm", "finalLink": "https://www.sec.gov/Archives/edgar/data/1037038/000095012301503829/y50404e10-k405.txt", "calculatedOtherExpenses": 202153000, "calculatedOperatingExpenses": 1024425000, "calculatedNetInterest": -339128000, "calculatedOtherIncome": 319861000, "calculatedIncomeNonControlling": 0, "calculatedEbitda": 195820000}, {"date": "2000-04-01", "symbol": "RL", "reportedCurrency": "USD", "cik": "0001037038", "fillingDate": "2000-06-27", "acceptedDate": "2000-06-27 00:00:00", "calendarYear": "2000", "period": "FY", "revenue": 1948677000, "costOfRevenue": 936110000, "grossProfit": 1012567000, "grossProfitRatio": 0.5196176688, "researchAndDevelopmentExpenses": 0, "generalAndAdministrativeExpenses": 0, "sellingAndMarketingExpenses": 0, "sellingGeneralAndAdministrativeExpenses": 689227000, "otherExpenses": 66280000, "operatingExpenses": 755507000, "costAndExpenses": 1691617000, "interestIncome": 0, "interestExpense": 5290000, "depreciationAndAmortization": 66280000, "ebitda": 316489000, "ebitdaratio": 0.1624122417, "operatingIncome": 257060000, "operatingIncomeRatio": 0.1319151404, "totalOtherIncomeExpensesNet": 6851000, "incomeBeforeTax": 248886000, "incomeBeforeTaxRatio": 0.1277204996, "incomeTaxExpense": 101422000, "netIncome": 143497000, "netIncomeRatio": 0.0736381658, "eps": 1.45, "epsdiluted": 1.45, "weightedAverageShsOut": 98926993, "weightedAverageShsOutDil": 99035781, "link": "https://www.sec.gov/Archives/edgar/data/1037038/000095012300006052/0000950123-00-006052-index.htm", "finalLink": "https://www.sec.gov/Archives/edgar/data/1037038/000095012300006052/e10-k405.txt", "calculatedOtherExpenses": 66280000, "calculatedOperatingExpenses": 755507000, "calculatedNetInterest": -5290000, "calculatedOtherIncome": -2884000, "calculatedIncomeNonControlling": 3967000, "calculatedEbitda": 323340000}, {"date": "1999-04-03", "symbol": "RL", "reportedCurrency": "USD", "cik": "0001037038", "fillingDate": "1999-06-25", "acceptedDate": "1999-06-25 00:00:00", "calendarYear": "1999", "period": "FY", "revenue": 1713100000, "costOfRevenue": 858200000, "grossProfit": 854900000, "grossProfitRatio": 0.4990368338, "researchAndDevelopmentExpenses": 0, "generalAndAdministrativeExpenses": 0, "sellingAndMarketingExpenses": 0, "sellingGeneralAndAdministrativeExpenses": 608100000, "otherExpenses": 46400000, "operatingExpenses": 654500000, "costAndExpenses": 1512700000, "interestIncome": 0, "interestExpense": 92300000, "depreciationAndAmortization": 46400000, "ebitda": 291600000, "ebitdaratio": 0.1702177339, "operatingIncome": 200400000, "operatingIncomeRatio": 0.1169809118, "totalOtherIncomeExpensesNet": -44800000, "incomeBeforeTax": 152900000, "incomeBeforeTaxRatio": 0.0892534003, "incomeTaxExpense": 62300000, "netIncome": 90600000, "netIncomeRatio": 0.0528865799, "eps": 0.91, "epsdiluted": 0.91, "weightedAverageShsOut": 99813328, "weightedAverageShsOutDil": 99972152, "link": "https://www.sec.gov/Archives/edgar/data/1037038/000095012399005963/0000950123-99-005963-index.html", "finalLink": "https://www.sec.gov/Archives/edgar/data/1037038/000095012399005963/", "calculatedOtherExpenses": 46400000, "calculatedOperatingExpenses": 654500000, "calculatedNetInterest": -92300000, "calculatedOtherIncome": 44800000, "calculatedIncomeNonControlling": 0, "calculatedEbitda": 246800000}, {"date": "1998-03-28", "symbol": "RL", "reportedCurrency": "USD", "cik": "0001037038", "fillingDate": "1998-06-26", "acceptedDate": "1998-06-26 00:00:00", "calendarYear": "1998", "period": "FY", "revenue": 1470900000, "costOfRevenue": 728300000, "grossProfit": 742600000, "grossProfitRatio": 0.5048609695, "researchAndDevelopmentExpenses": 0, "generalAndAdministrativeExpenses": 0, "sellingAndMarketingExpenses": 0, "sellingGeneralAndAdministrativeExpenses": 515500000, "otherExpenses": 27400000, "operatingExpenses": 542900000, "costAndExpenses": 1271200000, "interestIncome": 0, "interestExpense": 100000, "depreciationAndAmortization": 27400000, "ebitda": 227100000, "ebitdaratio": 0.1543952682, "operatingIncome": 199700000, "operatingIncomeRatio": 0.1357672173, "totalOtherIncomeExpensesNet": -100000, "incomeBeforeTax": 199600000, "incomeBeforeTaxRatio": 0.1356992318, "incomeTaxExpense": 52000000, "netIncome": 147600000, "netIncomeRatio": 0.1003467265, "eps": 1.2, "epsdiluted": 1.2, "weightedAverageShsOut": 100222444, "weightedAverageShsOutDil": 100222444, "link": "https://www.sec.gov/Archives/edgar/data/1037038/000095012398006280/0000950123-98-006280-index.html", "finalLink": "https://www.sec.gov/Archives/edgar/data/1037038/", "calculatedOtherExpenses": 27400000, "calculatedOperatingExpenses": 542900000, "calculatedNetInterest": -100000, "calculatedOtherIncome": 0, "calculatedIncomeNonControlling": 0, "calculatedEbitda": 227100000}, {"date": "1997-03-31", "symbol": "RL", "reportedCurrency": "USD", "cik": "0001037038", "fillingDate": "1997-03-31", "acceptedDate": "1997-03-31 00:00:00", "calendarYear": "1997", "period": "FY", "revenue": 1180400000, "costOfRevenue": 634800000, "grossProfit": 545600000, "grossProfitRatio": 0.4622161979, "researchAndDevelopmentExpenses": 0, "generalAndAdministrativeExpenses": 0, "sellingAndMarketingExpenses": 0, "sellingGeneralAndAdministrativeExpenses": 374500000, "otherExpenses": 13800000, "operatingExpenses": 388300000, "costAndExpenses": 1023100000, "interestIncome": 0, "interestExpense": 20800000, "depreciationAndAmortization": 13800000, "ebitda": 174700000, "ebitdaratio": 0.1480006777, "operatingIncome": 157300000, "operatingIncomeRatio": 0.1332599119, "totalOtherIncomeExpensesNet": -3600000, "incomeBeforeTax": 140100000, "incomeBeforeTaxRatio": 0.1186885801, "incomeTaxExpense": 22800000, "netIncome": 117300000, "netIncomeRatio": 0.0993730939, "eps": 0.89, "epsdiluted": 0.89, "weightedAverageShsOut": 100274000, "weightedAverageShsOutDil": 100274000, "link": null, "finalLink": null, "calculatedOtherExpenses": 13800000, "calculatedOperatingExpenses": 388300000, "calculatedNetInterest": -20800000, "calculatedOtherIncome": 3600000, "calculatedIncomeNonControlling": 0, "calculatedEbitda": 171100000}]}