{"originalCurrency": "USD", "convertedCurrency": "USD", "report": [{"date": "2023-12-31", "symbol": "RLI", "reportedCurrency": "USD", "cik": "0000084246", "fillingDate": "2024-02-23", "acceptedDate": "2024-02-23 11:54:09", "calendarYear": "2023", "period": "FY", "revenue": 1497910000, "costOfRevenue": -14084000, "grossProfit": 1511994000, "grossProfitRatio": 1.0094024341, "researchAndDevelopmentExpenses": 0, "generalAndAdministrativeExpenses": 15917000, "sellingAndMarketingExpenses": 0, "sellingGeneralAndAdministrativeExpenses": 15917000, "otherExpenses": -434242000, "operatingExpenses": 434242000, "costAndExpenses": -1137038000, "interestIncome": 126624000, "interestExpense": 7301000, "depreciationAndAmortization": 8545000, "ebitda": 9610000, "ebitdaratio": 0.0064156057, "operatingIncome": 9610000, "operatingIncomeRatio": 0.0064156057, "totalOtherIncomeExpensesNet": 367655000, "incomeBeforeTax": 367655000, "incomeBeforeTaxRatio": 0.2454453205, "incomeTaxExpense": 72654000, "netIncome": 304611000, "netIncomeRatio": 0.2033573446, "eps": 6.68, "epsdiluted": 6.61, "weightedAverageShsOut": 45596000, "weightedAverageShsOutDil": 46077000, "link": "https://www.sec.gov/Archives/edgar/data/84246/000155837024001599/0001558370-24-001599-index.htm", "finalLink": "https://www.sec.gov/Archives/edgar/data/84246/000155837024001599/rli-20231231x10k.htm", "calculatedOtherExpenses": 1486467000, "calculatedOperatingExpenses": 1502384000, "calculatedNetInterest": 119323000, "calculatedOtherIncome": 238722000, "calculatedIncomeNonControlling": -9610000, "calculatedEbitda": 18155000}, {"date": "2022-12-31", "symbol": "RLI", "reportedCurrency": "USD", "cik": "0000084246", "fillingDate": "2023-02-24", "acceptedDate": "2023-02-24 13:22:54", "calendarYear": "2022", "period": "FY", "revenue": 1697992000, "costOfRevenue": 0, "grossProfit": 1697992000, "grossProfitRatio": 1, "researchAndDevelopmentExpenses": 0, "generalAndAdministrativeExpenses": 12900000, "sellingAndMarketingExpenses": 0, "sellingGeneralAndAdministrativeExpenses": 12900000, "otherExpenses": 69312000, "operatingExpenses": 82212000, "costAndExpenses": 977314000, "interestIncome": 91543000, "interestExpense": 8047000, "depreciationAndAmortization": 7981000, "ebitda": 728789000, "ebitdaratio": 0.4292063802, "operatingIncome": 720808000, "operatingIncomeRatio": 0.4245061225, "totalOtherIncomeExpensesNet": -130000, "incomeBeforeTax": 720678000, "incomeBeforeTaxRatio": 0.4244295615, "incomeTaxExpense": 137267000, "netIncome": 583411000, "netIncomeRatio": 0.3435887802, "eps": 12.86, "epsdiluted": 12.74, "weightedAverageShsOut": 45368000, "weightedAverageShsOutDil": 45794000, "link": "https://www.sec.gov/Archives/edgar/data/84246/000155837023002011/0001558370-23-002011-index.htm", "finalLink": "https://www.sec.gov/Archives/edgar/data/84246/000155837023002011/rli-20221231x10k.htm", "calculatedOtherExpenses": 964284000, "calculatedOperatingExpenses": 977184000, "calculatedNetInterest": 83496000, "calculatedOtherIncome": -83626000, "calculatedIncomeNonControlling": 0, "calculatedEbitda": 728789000}, {"date": "2021-12-31", "symbol": "RLI", "reportedCurrency": "USD", "cik": "0000084246", "fillingDate": "2022-02-18", "acceptedDate": "2022-02-18 12:26:58", "calendarYear": "2021", "period": "FY", "revenue": 1179245000, "costOfRevenue": 0, "grossProfit": 1179245000, "grossProfitRatio": 1, "researchAndDevelopmentExpenses": 0, "generalAndAdministrativeExpenses": 13330000, "sellingAndMarketingExpenses": 0, "sellingGeneralAndAdministrativeExpenses": 13330000, "otherExpenses": -848254000, "operatingExpenses": -834924000, "costAndExpenses": 834924000, "interestIncome": 75050000, "interestExpense": 7677000, "depreciationAndAmortization": 7394000, "ebitda": 351715000, "ebitdaratio": 0.2982543916, "operatingIncome": 344321000, "operatingIncomeRatio": 0.2919842781, "totalOtherIncomeExpensesNet": 307261000, "incomeBeforeTax": 344321000, "incomeBeforeTaxRatio": 0.2919842781, "incomeTaxExpense": 64967000, "netIncome": 279354000, "netIncomeRatio": 0.2368922489, "eps": 6.18, "epsdiluted": 6.11, "weightedAverageShsOut": 45230000, "weightedAverageShsOutDil": 45712000, "link": "https://www.sec.gov/Archives/edgar/data/84246/000156459022005648/0001564590-22-005648-index.htm", "finalLink": "https://www.sec.gov/Archives/edgar/data/84246/000156459022005648/rli-10k_20211231.htm", "calculatedOtherExpenses": 821594000, "calculatedOperatingExpenses": 834924000, "calculatedNetInterest": 67373000, "calculatedOtherIncome": -67373000, "calculatedIncomeNonControlling": 0, "calculatedEbitda": 351715000}, {"date": "2020-12-31", "symbol": "RLI", "reportedCurrency": "USD", "cik": "0000084246", "fillingDate": "2021-02-19", "acceptedDate": "2021-02-19 12:22:00", "calendarYear": "2020", "period": "FY", "revenue": 983626000, "costOfRevenue": 0, "grossProfit": 983626000, "grossProfitRatio": 1, "researchAndDevelopmentExpenses": 0, "generalAndAdministrativeExpenses": 10265000, "sellingAndMarketingExpenses": 0, "sellingGeneralAndAdministrativeExpenses": 10265000, "otherExpenses": -804050000, "operatingExpenses": -793785000, "costAndExpenses": 793785000, "interestIncome": 72862000, "interestExpense": 7603000, "depreciationAndAmortization": 7432000, "ebitda": 197273000, "ebitdaratio": 0.200556919, "operatingIncome": 189841000, "operatingIncomeRatio": 0.1930012017, "totalOtherIncomeExpensesNet": 169608000, "incomeBeforeTax": 189841000, "incomeBeforeTaxRatio": 0.1930012017, "incomeTaxExpense": 32750000, "netIncome": 157091000, "netIncomeRatio": 0.1597060265, "eps": 3.49, "epsdiluted": 3.46, "weightedAverageShsOut": 45000000, "weightedAverageShsOutDil": 45376000, "link": "https://www.sec.gov/Archives/edgar/data/84246/000156459021006861/0001564590-21-006861-index.htm", "finalLink": "https://www.sec.gov/Archives/edgar/data/84246/000156459021006861/rli-10k_20201231.htm", "calculatedOtherExpenses": 783520000, "calculatedOperatingExpenses": 793785000, "calculatedNetInterest": 65259000, "calculatedOtherIncome": -65259000, "calculatedIncomeNonControlling": 0, "calculatedEbitda": 197273000}, {"date": "2019-12-31", "symbol": "RLI", "reportedCurrency": "USD", "cik": "0000084246", "fillingDate": "2020-02-21", "acceptedDate": "2020-02-21 17:06:05", "calendarYear": "2019", "period": "FY", "revenue": 1003591000, "costOfRevenue": 0, "grossProfit": 1003591000, "grossProfitRatio": 1, "researchAndDevelopmentExpenses": 0, "generalAndAdministrativeExpenses": 12686000, "sellingAndMarketingExpenses": 0, "sellingGeneralAndAdministrativeExpenses": 12686000, "otherExpenses": -783543000, "operatingExpenses": -770857000, "costAndExpenses": 770857000, "interestIncome": 7588000, "interestExpense": 7588000, "depreciationAndAmortization": 8164000, "ebitda": 240898000, "ebitdaratio": 0.2400360306, "operatingIncome": 232734000, "operatingIncomeRatio": 0.2319012426, "totalOtherIncomeExpensesNet": 211774000, "incomeBeforeTax": 232734000, "incomeBeforeTaxRatio": 0.2319012426, "incomeTaxExpense": 41092000, "netIncome": 191642000, "netIncomeRatio": 0.190956276, "eps": 4.28, "epsdiluted": 4.23, "weightedAverageShsOut": 44734000, "weightedAverageShsOutDil": 45257000, "link": "https://www.sec.gov/Archives/edgar/data/84246/000008424620000010/0000084246-20-000010-index.htm", "finalLink": "https://www.sec.gov/Archives/edgar/data/84246/000008424620000010/rli-20191231x10k.htm", "calculatedOtherExpenses": 758171000, "calculatedOperatingExpenses": 770857000, "calculatedNetInterest": 0, "calculatedOtherIncome": 0, "calculatedIncomeNonControlling": 0, "calculatedEbitda": 240898000}, {"date": "2018-12-31", "symbol": "RLI", "reportedCurrency": "USD", "cik": "0000084246", "fillingDate": "2019-02-22", "acceptedDate": "2019-02-22 13:59:15", "calendarYear": "2018", "period": "FY", "revenue": 818123000, "costOfRevenue": 0, "grossProfit": 818123000, "grossProfitRatio": 1, "researchAndDevelopmentExpenses": 0, "generalAndAdministrativeExpenses": 9427000, "sellingAndMarketingExpenses": 0, "sellingGeneralAndAdministrativeExpenses": 9427000, "otherExpenses": 749573000, "operatingExpenses": 759000000, "costAndExpenses": 750542000, "interestIncome": 0, "interestExpense": 7437000, "depreciationAndAmortization": 7042000, "ebitda": 82060000, "ebitdaratio": 0.1003027662, "operatingIncome": 75018000, "operatingIncomeRatio": 0.0916952585, "totalOtherIncomeExpensesNet": -7437000, "incomeBeforeTax": 67581000, "incomeBeforeTaxRatio": 0.0826049384, "incomeTaxExpense": 3402000, "netIncome": 64179000, "netIncomeRatio": 0.0784466394, "eps": 1.44, "epsdiluted": 1.43, "weightedAverageShsOut": 44504043, "weightedAverageShsOutDil": 44835000, "link": "https://www.sec.gov/Archives/edgar/data/84246/000008424619000013/0000084246-19-000013-index.htm", "finalLink": "https://www.sec.gov/Archives/edgar/data/84246/000008424619000013/rli-20181231x10k.htm", "calculatedOtherExpenses": 733678000, "calculatedOperatingExpenses": 743105000, "calculatedNetInterest": -7437000, "calculatedOtherIncome": 0, "calculatedIncomeNonControlling": 0, "calculatedEbitda": 82060000}, {"date": "2017-12-31", "symbol": "RLI", "reportedCurrency": "USD", "cik": "0000084246", "fillingDate": "2018-02-23", "acceptedDate": "2018-02-23 13:30:07", "calendarYear": "2017", "period": "FY", "revenue": 797224000, "costOfRevenue": -3575000, "grossProfit": 800799000, "grossProfitRatio": 1.0044843106, "researchAndDevelopmentExpenses": 0, "generalAndAdministrativeExpenses": 11340000, "sellingAndMarketingExpenses": 0, "sellingGeneralAndAdministrativeExpenses": 11340000, "otherExpenses": 710660000, "operatingExpenses": 722000000, "costAndExpenses": 712635000, "interestIncome": 0, "interestExpense": 7426000, "depreciationAndAmortization": 6944000, "ebitda": 98959000, "ebitdaratio": 0.1241294793, "operatingIncome": 92015000, "operatingIncomeRatio": 0.1154192548, "totalOtherIncomeExpensesNet": -7426000, "incomeBeforeTax": 84589000, "incomeBeforeTaxRatio": 0.1061044324, "incomeTaxExpense": -20439000, "netIncome": 105028000, "netIncomeRatio": 0.1317421452, "eps": 2.38, "epsdiluted": 2.36, "weightedAverageShsOut": 44148355, "weightedAverageShsOutDil": 44500000, "link": "https://www.sec.gov/Archives/edgar/data/84246/000008424618000011/0000084246-18-000011-index.htm", "finalLink": "https://www.sec.gov/Archives/edgar/data/84246/000008424618000011/rli-20171231x10k.htm", "calculatedOtherExpenses": 697444000, "calculatedOperatingExpenses": 708784000, "calculatedNetInterest": -7426000, "calculatedOtherIncome": 0, "calculatedIncomeNonControlling": 0, "calculatedEbitda": 98959000}, {"date": "2016-12-31", "symbol": "RLI", "reportedCurrency": "USD", "cik": "0000084246", "fillingDate": "2017-02-24", "acceptedDate": "2017-02-24 10:56:01", "calendarYear": "2016", "period": "FY", "revenue": 816328000, "costOfRevenue": 0, "grossProfit": 816328000, "grossProfitRatio": 1, "researchAndDevelopmentExpenses": 0, "generalAndAdministrativeExpenses": 10170000, "sellingAndMarketingExpenses": 0, "sellingGeneralAndAdministrativeExpenses": 10170000, "otherExpenses": 652830000, "operatingExpenses": 663000000, "costAndExpenses": 659246000, "interestIncome": 0, "interestExpense": 7426000, "depreciationAndAmortization": 6430000, "ebitda": 170938000, "ebitdaratio": 0.2093986731, "operatingIncome": 164508000, "operatingIncomeRatio": 0.2015219373, "totalOtherIncomeExpensesNet": -7426000, "incomeBeforeTax": 157082000, "incomeBeforeTaxRatio": 0.1924251036, "incomeTaxExpense": 42162000, "netIncome": 114920000, "netIncomeRatio": 0.1407767466, "eps": 2.62, "epsdiluted": 2.59, "weightedAverageShsOut": 43944697, "weightedAverageShsOutDil": 44432000, "link": "https://www.sec.gov/Archives/edgar/data/84246/000008424617000007/0000084246-17-000007-index.htm", "finalLink": "https://www.sec.gov/Archives/edgar/data/84246/000008424617000007/rli-20161231x10k.htm", "calculatedOtherExpenses": 641650000, "calculatedOperatingExpenses": 651820000, "calculatedNetInterest": -7426000, "calculatedOtherIncome": 0, "calculatedIncomeNonControlling": 0, "calculatedEbitda": 170938000}, {"date": "2015-12-31", "symbol": "RLI", "reportedCurrency": "USD", "cik": "0000084246", "fillingDate": "2016-02-26", "acceptedDate": "2016-02-26 10:50:33", "calendarYear": "2015", "period": "FY", "revenue": 794634000, "costOfRevenue": -1834000, "grossProfit": 796468000, "grossProfitRatio": 1.0023079808, "researchAndDevelopmentExpenses": 0, "generalAndAdministrativeExpenses": 9837000, "sellingAndMarketingExpenses": 0, "sellingGeneralAndAdministrativeExpenses": 9837000, "otherExpenses": 591163000, "operatingExpenses": 601000000, "costAndExpenses": 597952000, "interestIncome": 0, "interestExpense": 7426000, "depreciationAndAmortization": 5406000, "ebitda": 209514000, "ebitdaratio": 0.2636610062, "operatingIncome": 204108000, "operatingIncomeRatio": 0.2568578742, "totalOtherIncomeExpensesNet": -7426000, "incomeBeforeTax": 196682000, "incomeBeforeTaxRatio": 0.2475126914, "incomeTaxExpense": 59138000, "netIncome": 137544000, "netIncomeRatio": 0.1730910079, "eps": 3.12, "epsdiluted": 3.12, "weightedAverageShsOut": 44084615, "weightedAverageShsOutDil": 44131000, "link": "https://www.sec.gov/Archives/edgar/data/84246/000155837016003590/0001558370-16-003590-index.htm", "finalLink": "https://www.sec.gov/Archives/edgar/data/84246/000155837016003590/rli-20151231x10k.htm", "calculatedOtherExpenses": 582523000, "calculatedOperatingExpenses": 592360000, "calculatedNetInterest": -7426000, "calculatedOtherIncome": 0, "calculatedIncomeNonControlling": 0, "calculatedEbitda": 209514000}, {"date": "2014-12-31", "symbol": "RLI", "reportedCurrency": "USD", "cik": "0000084246", "fillingDate": "2015-02-26", "acceptedDate": "2015-02-26 17:06:18", "calendarYear": "2014", "period": "FY", "revenue": 775165000, "costOfRevenue": 0, "grossProfit": 775165000, "grossProfitRatio": 1, "researchAndDevelopmentExpenses": 0, "generalAndAdministrativeExpenses": 10222000, "sellingAndMarketingExpenses": 0, "sellingGeneralAndAdministrativeExpenses": 10222000, "otherExpenses": 580778000, "operatingExpenses": 591000000, "costAndExpenses": 585678000, "interestIncome": 0, "interestExpense": 7438000, "depreciationAndAmortization": 4557000, "ebitda": 201482000, "ebitdaratio": 0.2599214361, "operatingIncome": 196925000, "operatingIncomeRatio": 0.2540426877, "totalOtherIncomeExpensesNet": -7438000, "incomeBeforeTax": 189487000, "incomeBeforeTaxRatio": 0.2444473112, "incomeTaxExpense": 54042000, "netIncome": 135445000, "netIncomeRatio": 0.1747305412, "eps": 3.14, "epsdiluted": 3.09, "weightedAverageShsOut": 43102715, "weightedAverageShsOutDil": 43819000, "link": "https://www.sec.gov/Archives/edgar/data/84246/000155837015000197/0001558370-15-000197-index.htm", "finalLink": "https://www.sec.gov/Archives/edgar/data/84246/000155837015000197/rli-20141231x10k.htm", "calculatedOtherExpenses": 568018000, "calculatedOperatingExpenses": 578240000, "calculatedNetInterest": -7438000, "calculatedOtherIncome": 0, "calculatedIncomeNonControlling": 0, "calculatedEbitda": 201482000}, {"date": "2013-12-31", "symbol": "RLI", "reportedCurrency": "USD", "cik": "0000084246", "fillingDate": "2014-02-27", "acceptedDate": "2014-02-27 15:13:28", "calendarYear": "2013", "period": "FY", "revenue": 705601000, "costOfRevenue": 0, "grossProfit": 705601000, "grossProfitRatio": 1, "researchAndDevelopmentExpenses": 0, "generalAndAdministrativeExpenses": 8746000, "sellingAndMarketingExpenses": 0, "sellingGeneralAndAdministrativeExpenses": 8746000, "otherExpenses": 524254000, "operatingExpenses": 533000000, "costAndExpenses": 529935000, "interestIncome": 0, "interestExpense": 8095000, "depreciationAndAmortization": 3765000, "ebitda": 187526000, "ebitdaratio": 0.2657677639, "operatingIncome": 183761000, "operatingIncomeRatio": 0.2604318871, "totalOtherIncomeExpensesNet": -8095000, "incomeBeforeTax": 175666000, "incomeBeforeTaxRatio": 0.2489593977, "incomeTaxExpense": 49411000, "netIncome": 126255000, "netIncomeRatio": 0.1789325695, "eps": 2.94, "epsdiluted": 2.57, "weightedAverageShsOut": 42982424, "weightedAverageShsOutDil": 43514000, "link": "https://www.sec.gov/Archives/edgar/data/84246/000110465914014137/0001104659-14-014137-index.htm", "finalLink": "https://www.sec.gov/Archives/edgar/data/84246/000110465914014137/a13-27283_110k.htm", "calculatedOtherExpenses": 513094000, "calculatedOperatingExpenses": 521840000, "calculatedNetInterest": -8095000, "calculatedOtherIncome": 0, "calculatedIncomeNonControlling": 0, "calculatedEbitda": 187526000}, {"date": "2012-12-31", "symbol": "RLI", "reportedCurrency": "USD", "cik": "0000084246", "fillingDate": "2013-02-27", "acceptedDate": "2013-02-27 13:16:15", "calendarYear": "2012", "period": "FY", "revenue": 660774000, "costOfRevenue": 0, "grossProfit": 660774000, "grossProfitRatio": 1, "researchAndDevelopmentExpenses": 0, "generalAndAdministrativeExpenses": 7867000, "sellingAndMarketingExpenses": 0, "sellingGeneralAndAdministrativeExpenses": 7867000, "otherExpenses": -521799000, "operatingExpenses": -513932000, "costAndExpenses": 518042000, "interestIncome": 0, "interestExpense": 6050000, "depreciationAndAmortization": 3145000, "ebitda": 151927000, "ebitdaratio": 0.2299227875, "operatingIncome": 148782000, "operatingIncomeRatio": 0.2251632177, "totalOtherIncomeExpensesNet": -6050000, "incomeBeforeTax": 142732000, "incomeBeforeTaxRatio": 0.2160072884, "incomeTaxExpense": 39386000, "netIncome": 103346000, "netIncomeRatio": 0.1564014323, "eps": 2.43, "epsdiluted": 2.4, "weightedAverageShsOut": 42525248, "weightedAverageShsOutDil": 43160000, "link": "https://www.sec.gov/Archives/edgar/data/84246/000110465913014851/0001104659-13-014851-index.htm", "finalLink": "https://www.sec.gov/Archives/edgar/data/84246/000110465913014851/a12-30305_110k.htm", "calculatedOtherExpenses": 504125000, "calculatedOperatingExpenses": 511992000, "calculatedNetInterest": -6050000, "calculatedOtherIncome": 0, "calculatedIncomeNonControlling": 0, "calculatedEbitda": 151927000}, {"date": "2011-12-31", "symbol": "RLI", "reportedCurrency": "USD", "cik": "0000084246", "fillingDate": "2012-02-28", "acceptedDate": "2012-02-28 14:28:57", "calendarYear": "2011", "period": "FY", "revenue": 619169000, "costOfRevenue": 0, "grossProfit": 619169000, "grossProfitRatio": 1, "researchAndDevelopmentExpenses": 0, "generalAndAdministrativeExpenses": 0, "sellingAndMarketingExpenses": 0, "sellingGeneralAndAdministrativeExpenses": 7766000, "otherExpenses": 383922000, "operatingExpenses": 436000000, "costAndExpenses": 429440000, "interestIncome": 0, "interestExpense": 6050000, "depreciationAndAmortization": 3177000, "ebitda": 198956000, "ebitdaratio": 0.3213274566, "operatingIncome": 195779000, "operatingIncomeRatio": 0.3161963858, "totalOtherIncomeExpensesNet": -6050000, "incomeBeforeTax": 189729000, "incomeBeforeTaxRatio": 0.3064252248, "incomeTaxExpense": 59138000, "netIncome": 130591000, "netIncomeRatio": 0.2109133371, "eps": 3.09, "epsdiluted": 3.05, "weightedAverageShsOut": 42324274, "weightedAverageShsOutDil": 42868000, "link": "https://www.sec.gov/Archives/edgar/data/84246/000110465912013871/0001104659-12-013871-index.htm", "finalLink": "https://www.sec.gov/Archives/edgar/data/84246/000110465912013871/a12-1116_110k.htm", "calculatedOtherExpenses": 415624000, "calculatedOperatingExpenses": 423390000, "calculatedNetInterest": -6050000, "calculatedOtherIncome": 0, "calculatedIncomeNonControlling": 0, "calculatedEbitda": 198956000}, {"date": "2010-12-31", "symbol": "RLI", "reportedCurrency": "USD", "cik": "0000084246", "fillingDate": "2011-02-25", "acceptedDate": "2011-02-25 14:52:22", "calendarYear": "2010", "period": "FY", "revenue": 583424000, "costOfRevenue": 0, "grossProfit": 583424000, "grossProfitRatio": 1, "researchAndDevelopmentExpenses": 0, "generalAndAdministrativeExpenses": 0, "sellingAndMarketingExpenses": 0, "sellingGeneralAndAdministrativeExpenses": 46582000, "otherExpenses": 358418000, "operatingExpenses": 405000000, "costAndExpenses": 404934000, "interestIncome": 0, "interestExpense": 6050000, "depreciationAndAmortization": 3037000, "ebitda": 187577000, "ebitdaratio": 0.3215105995, "operatingIncome": 184540000, "operatingIncomeRatio": 0.3163051229, "totalOtherIncomeExpensesNet": -6050000, "incomeBeforeTax": 178490000, "incomeBeforeTaxRatio": 0.3059353061, "incomeTaxExpense": 51058000, "netIncome": 127432000, "netIncomeRatio": 0.2184209083, "eps": 3.03, "epsdiluted": 3, "weightedAverageShsOut": 42040000, "weightedAverageShsOutDil": 42482000, "link": "https://www.sec.gov/Archives/edgar/data/84246/000110465911010249/0001104659-11-010249-index.htm", "finalLink": "https://www.sec.gov/Archives/edgar/data/84246/000110465911010249/a11-2073_110k.htm", "calculatedOtherExpenses": 352302000, "calculatedOperatingExpenses": 398884000, "calculatedNetInterest": -6050000, "calculatedOtherIncome": 0, "calculatedIncomeNonControlling": 0, "calculatedEbitda": 187577000}, {"date": "2009-12-31", "symbol": "RLI", "reportedCurrency": "USD", "cik": "0000084246", "fillingDate": "2010-02-24", "acceptedDate": "2010-02-24 16:40:57", "calendarYear": "2009", "period": "FY", "revenue": 546552000, "costOfRevenue": 0, "grossProfit": 546552000, "grossProfitRatio": 1, "researchAndDevelopmentExpenses": 0, "generalAndAdministrativeExpenses": 0, "sellingAndMarketingExpenses": 0, "sellingGeneralAndAdministrativeExpenses": 47709000, "otherExpenses": 365291000, "operatingExpenses": 413000000, "costAndExpenses": 414115000, "interestIncome": 0, "interestExpense": 6050000, "depreciationAndAmortization": 3284000, "ebitda": 141771000, "ebitdaratio": 0.2593916041, "operatingIncome": 138487000, "operatingIncomeRatio": 0.2533830267, "totalOtherIncomeExpensesNet": -6050000, "incomeBeforeTax": 132437000, "incomeBeforeTaxRatio": 0.2423136316, "incomeTaxExpense": 38592000, "netIncome": 93845000, "netIncomeRatio": 0.1717036988, "eps": 2.17, "epsdiluted": 2.16, "weightedAverageShsOut": 43124000, "weightedAverageShsOutDil": 43462000, "link": "https://www.sec.gov/Archives/edgar/data/84246/000110465910009197/0001104659-10-009197-index.htm", "finalLink": "https://www.sec.gov/Archives/edgar/data/84246/000110465910009197/a09-35810_110k.htm", "calculatedOtherExpenses": 360356000, "calculatedOperatingExpenses": 408065000, "calculatedNetInterest": -6050000, "calculatedOtherIncome": 0, "calculatedIncomeNonControlling": 0, "calculatedEbitda": 141771000}, {"date": "2008-12-31", "symbol": "RLI", "reportedCurrency": "USD", "cik": "0000084246", "fillingDate": "2009-02-25", "acceptedDate": "2009-02-25 14:21:46", "calendarYear": "2008", "period": "FY", "revenue": 561012000, "costOfRevenue": 0, "grossProfit": 561012000, "grossProfitRatio": 1, "researchAndDevelopmentExpenses": 0, "generalAndAdministrativeExpenses": 0, "sellingAndMarketingExpenses": 0, "sellingGeneralAndAdministrativeExpenses": 42060000, "otherExpenses": 410940000, "operatingExpenses": 453000000, "costAndExpenses": 454414000, "interestIncome": 0, "interestExpense": 6704000, "depreciationAndAmortization": 3596000, "ebitda": 116898000, "ebitdaratio": 0.2083698744, "operatingIncome": 113302000, "operatingIncomeRatio": 0.2019600294, "totalOtherIncomeExpensesNet": -6704000, "incomeBeforeTax": 106598000, "incomeBeforeTaxRatio": 0.1900101959, "incomeTaxExpense": 27922000, "netIncome": 78676000, "netIncomeRatio": 0.1402394245, "eps": 1.83, "epsdiluted": 1.8, "weightedAverageShsOut": 43080000, "weightedAverageShsOutDil": 43696000, "link": "https://www.sec.gov/Archives/edgar/data/84246/000110465909012028/0001104659-09-012028-index.htm", "finalLink": "https://www.sec.gov/Archives/edgar/data/84246/000110465909012028/a09-1317_110k.htm", "calculatedOtherExpenses": 405650000, "calculatedOperatingExpenses": 447710000, "calculatedNetInterest": -6704000, "calculatedOtherIncome": 0, "calculatedIncomeNonControlling": 0, "calculatedEbitda": 116898000}, {"date": "2007-12-31", "symbol": "RLI", "reportedCurrency": "USD", "cik": "0000084246", "fillingDate": "2008-02-25", "acceptedDate": "2008-02-25 13:49:07", "calendarYear": "2007", "period": "FY", "revenue": 652345000, "costOfRevenue": 0, "grossProfit": 652345000, "grossProfitRatio": 1, "researchAndDevelopmentExpenses": 0, "generalAndAdministrativeExpenses": 9474000, "sellingAndMarketingExpenses": 0, "sellingGeneralAndAdministrativeExpenses": 9474000, "otherExpenses": 388526000, "operatingExpenses": 398000000, "costAndExpenses": 397869000, "interestIncome": 0, "interestExpense": 6997000, "depreciationAndAmortization": 3567000, "ebitda": 265040000, "ebitdaratio": 0.4062880838, "operatingIncome": 261473000, "operatingIncomeRatio": 0.4008201182, "totalOtherIncomeExpensesNet": -6997000, "incomeBeforeTax": 254476000, "incomeBeforeTaxRatio": 0.3900941986, "incomeTaxExpense": 78609000, "netIncome": 175867000, "netIncomeRatio": 0.2695920104, "eps": 3.73, "epsdiluted": 3.65, "weightedAverageShsOut": 47148000, "weightedAverageShsOutDil": 48170000, "link": "https://www.sec.gov/Archives/edgar/data/84246/000110465908012582/0001104659-08-012582-index.htm", "finalLink": "https://www.sec.gov/Archives/edgar/data/84246/000110465908012582/a08-2513_110k.htm", "calculatedOtherExpenses": 381398000, "calculatedOperatingExpenses": 390872000, "calculatedNetInterest": -6997000, "calculatedOtherIncome": 0, "calculatedIncomeNonControlling": 0, "calculatedEbitda": 265040000}, {"date": "2006-12-31", "symbol": "RLI", "reportedCurrency": "USD", "cik": "0000084246", "fillingDate": "2007-02-28", "acceptedDate": "2007-02-28 17:02:17", "calendarYear": "2006", "period": "FY", "revenue": 632708000, "costOfRevenue": 0, "grossProfit": 632708000, "grossProfitRatio": 1, "researchAndDevelopmentExpenses": 0, "generalAndAdministrativeExpenses": 8069000, "sellingAndMarketingExpenses": 0, "sellingGeneralAndAdministrativeExpenses": 8069000, "otherExpenses": 445931000, "operatingExpenses": 454000000, "costAndExpenses": 445815000, "interestIncome": 0, "interestExpense": 6581000, "depreciationAndAmortization": 3503000, "ebitda": 196977000, "ebitdaratio": 0.311323707, "operatingIncome": 193474000, "operatingIncomeRatio": 0.3057871878, "totalOtherIncomeExpensesNet": -6581000, "incomeBeforeTax": 186893000, "incomeBeforeTaxRatio": 0.2953858652, "incomeTaxExpense": 52254000, "netIncome": 134639000, "netIncomeRatio": 0.2127980048, "eps": 2.7, "epsdiluted": 2.64, "weightedAverageShsOut": 49836000, "weightedAverageShsOutDil": 51142000, "link": "https://www.sec.gov/Archives/edgar/data/84246/000110465907014999/0001104659-07-014999-index.htm", "finalLink": "https://www.sec.gov/Archives/edgar/data/84246/000110465907014999/a07-5459_110k.htm", "calculatedOtherExpenses": 431165000, "calculatedOperatingExpenses": 439234000, "calculatedNetInterest": -6581000, "calculatedOtherIncome": 0, "calculatedIncomeNonControlling": 0, "calculatedEbitda": 196977000}, {"date": "2005-12-31", "symbol": "RLI", "reportedCurrency": "USD", "cik": "0000084246", "fillingDate": "2006-02-24", "acceptedDate": "2006-02-24 12:58:52", "calendarYear": "2005", "period": "FY", "revenue": 569302000, "costOfRevenue": 0, "grossProfit": 569302000, "grossProfitRatio": 1, "researchAndDevelopmentExpenses": 0, "generalAndAdministrativeExpenses": 6780000, "sellingAndMarketingExpenses": 0, "sellingGeneralAndAdministrativeExpenses": 6780000, "otherExpenses": 422220000, "operatingExpenses": 429000000, "costAndExpenses": 425426000, "interestIncome": 0, "interestExpense": 7118000, "depreciationAndAmortization": 3228000, "ebitda": 154222000, "ebitdaratio": 0.2708966419, "operatingIncome": 150994000, "operatingIncomeRatio": 0.2652265406, "totalOtherIncomeExpensesNet": -7118000, "incomeBeforeTax": 143876000, "incomeBeforeTaxRatio": 0.2527235105, "incomeTaxExpense": 36742000, "netIncome": 107134000, "netIncomeRatio": 0.1881848298, "eps": 2.11, "epsdiluted": 2.04, "weightedAverageShsOut": 50918000, "weightedAverageShsOutDil": 52648000, "link": "https://www.sec.gov/Archives/edgar/data/84246/000110465906011843/0001104659-06-011843-index.htm", "finalLink": "https://www.sec.gov/Archives/edgar/data/84246/000110465906011843/a06-1862_110k.htm", "calculatedOtherExpenses": 411528000, "calculatedOperatingExpenses": 418308000, "calculatedNetInterest": -7118000, "calculatedOtherIncome": 0, "calculatedIncomeNonControlling": 0, "calculatedEbitda": 154222000}, {"date": "2004-12-31", "symbol": "RLI", "reportedCurrency": "USD", "cik": "0000084246", "fillingDate": "2005-02-22", "acceptedDate": "2005-02-22 16:07:57", "calendarYear": "2004", "period": "FY", "revenue": 578800000, "costOfRevenue": 0, "grossProfit": 578800000, "grossProfitRatio": 1, "researchAndDevelopmentExpenses": 0, "generalAndAdministrativeExpenses": 5536000, "sellingAndMarketingExpenses": 0, "sellingGeneralAndAdministrativeExpenses": 5536000, "otherExpenses": -477100000, "operatingExpenses": -471564000, "costAndExpenses": 478458000, "interestIncome": 0, "interestExpense": 6894000, "depreciationAndAmortization": 3033000, "ebitda": 110269000, "ebitdaratio": 0.1905131306, "operatingIncome": 107236000, "operatingIncomeRatio": 0.1852729786, "totalOtherIncomeExpensesNet": -6894000, "incomeBeforeTax": 100342000, "incomeBeforeTaxRatio": 0.1733621285, "incomeTaxExpense": 27306000, "netIncome": 73036000, "netIncomeRatio": 0.1261852108, "eps": 1.45, "epsdiluted": 1.4, "weightedAverageShsOut": 50446000, "weightedAverageShsOutDil": 52186000, "link": "https://www.sec.gov/Archives/edgar/data/84246/000110465905007751/0001104659-05-007751-index.htm", "finalLink": "https://www.sec.gov/Archives/edgar/data/84246/000110465905007751/a05-1747_110k.htm", "calculatedOtherExpenses": 466028000, "calculatedOperatingExpenses": 471564000, "calculatedNetInterest": -6894000, "calculatedOtherIncome": 0, "calculatedIncomeNonControlling": 0, "calculatedEbitda": 110269000}, {"date": "2003-12-31", "symbol": "RLI", "reportedCurrency": "USD", "cik": "0000084246", "fillingDate": "2004-02-27", "acceptedDate": "2004-02-27 11:45:48", "calendarYear": "2003", "period": "FY", "revenue": 519886000, "costOfRevenue": 0, "grossProfit": 519886000, "grossProfitRatio": 1, "researchAndDevelopmentExpenses": 0, "generalAndAdministrativeExpenses": 3886000, "sellingAndMarketingExpenses": 0, "sellingGeneralAndAdministrativeExpenses": 3886000, "otherExpenses": -428484000, "operatingExpenses": -424598000, "costAndExpenses": 425608000, "interestIncome": 0, "interestExpense": 1010000, "depreciationAndAmortization": 3234000, "ebitda": 98522000, "ebitdaratio": 0.1895069304, "operatingIncome": 95288000, "operatingIncomeRatio": 0.1832863359, "totalOtherIncomeExpensesNet": -1010000, "incomeBeforeTax": 94278000, "incomeBeforeTaxRatio": 0.1813436023, "incomeTaxExpense": 22987000, "netIncome": 71291000, "netIncomeRatio": 0.1371281396, "eps": 1.42, "epsdiluted": 1.38, "weightedAverageShsOut": 50240000, "weightedAverageShsOutDil": 51692000, "link": "https://www.sec.gov/Archives/edgar/data/84246/000110465904005908/0001104659-04-005908-index.htm", "finalLink": "https://www.sec.gov/Archives/edgar/data/84246/000110465904005908/a04-2801_110k.htm", "calculatedOtherExpenses": 420712000, "calculatedOperatingExpenses": 424598000, "calculatedNetInterest": -1010000, "calculatedOtherIncome": 0, "calculatedIncomeNonControlling": 0, "calculatedEbitda": 98522000}, {"date": "2002-12-31", "symbol": "RLI", "reportedCurrency": "USD", "cik": "0000084246", "fillingDate": "2003-03-12", "acceptedDate": "2003-03-12 16:50:57", "calendarYear": "2002", "period": "FY", "revenue": 382153000, "costOfRevenue": 0, "grossProfit": 382153000, "grossProfitRatio": 1, "researchAndDevelopmentExpenses": 0, "generalAndAdministrativeExpenses": 3505000, "sellingAndMarketingExpenses": 0, "sellingGeneralAndAdministrativeExpenses": 3505000, "otherExpenses": -335070000, "operatingExpenses": -331565000, "costAndExpenses": 333425000, "interestIncome": 0, "interestExpense": 1860000, "depreciationAndAmortization": 3546000, "ebitda": 54134000, "ebitdaratio": 0.1416553056, "operatingIncome": 50588000, "operatingIncomeRatio": 0.1323762995, "totalOtherIncomeExpensesNet": -1860000, "incomeBeforeTax": 48728000, "incomeBeforeTaxRatio": 0.127509139, "incomeTaxExpense": 12876000, "netIncome": 35852000, "netIncomeRatio": 0.0938158277, "eps": 0.9, "epsdiluted": 0.88, "weightedAverageShsOut": 39874000, "weightedAverageShsOutDil": 41024000, "link": "https://www.sec.gov/Archives/edgar/data/84246/000110465903004106/0001104659-03-004106-index.htm", "finalLink": "https://www.sec.gov/Archives/edgar/data/84246/000110465903004106/j8178_10k.htm", "calculatedOtherExpenses": 328060000, "calculatedOperatingExpenses": 331565000, "calculatedNetInterest": -1860000, "calculatedOtherIncome": 0, "calculatedIncomeNonControlling": 0, "calculatedEbitda": 54134000}, {"date": "2001-12-31", "symbol": "RLI", "reportedCurrency": "USD", "cik": "0000084246", "fillingDate": "2002-03-22", "acceptedDate": "2002-03-22 00:00:00", "calendarYear": "2001", "period": "FY", "revenue": 309354000, "costOfRevenue": 0, "grossProfit": 309354000, "grossProfitRatio": 1, "researchAndDevelopmentExpenses": 0, "generalAndAdministrativeExpenses": 2636000, "sellingAndMarketingExpenses": 0, "sellingGeneralAndAdministrativeExpenses": 2636000, "otherExpenses": -266961000, "operatingExpenses": -264325000, "costAndExpenses": 268336000, "interestIncome": 0, "interestExpense": 3211000, "depreciationAndAmortization": 3277000, "ebitda": 48306000, "ebitdaratio": 0.1561512054, "operatingIncome": 45029000, "operatingIncomeRatio": 0.1455581631, "totalOtherIncomeExpensesNet": -4011000, "incomeBeforeTax": 41018000, "incomeBeforeTaxRatio": 0.1325924346, "incomeTaxExpense": 10771000, "netIncome": 31047000, "netIncomeRatio": 0.1003607518, "eps": 0.79, "epsdiluted": 0.78, "weightedAverageShsOut": 39260000, "weightedAverageShsOutDil": 40008000, "link": "https://www.sec.gov/Archives/edgar/data/84246/000110465902000833/0001104659-02-000833-index.htm", "finalLink": "https://www.sec.gov/Archives/edgar/data/84246/000110465902000833/j3067_10k.htm", "calculatedOtherExpenses": 261689000, "calculatedOperatingExpenses": 264325000, "calculatedNetInterest": -3211000, "calculatedOtherIncome": -800000, "calculatedIncomeNonControlling": -800000, "calculatedEbitda": 48306000}, {"date": "2000-12-31", "symbol": "RLI", "reportedCurrency": "USD", "cik": "0000084246", "fillingDate": "2001-03-26", "acceptedDate": "2001-03-26 00:00:00", "calendarYear": "2000", "period": "FY", "revenue": 263496000, "costOfRevenue": 0, "grossProfit": 263496000, "grossProfitRatio": 1, "researchAndDevelopmentExpenses": 0, "generalAndAdministrativeExpenses": 3388000, "sellingAndMarketingExpenses": 0, "sellingGeneralAndAdministrativeExpenses": 3388000, "otherExpenses": -223316000, "operatingExpenses": -219928000, "costAndExpenses": 225203000, "interestIncome": 0, "interestExpense": 5275000, "depreciationAndAmortization": 3092000, "ebitda": 46660000, "ebitdaratio": 0.177080487, "operatingIncome": 43568000, "operatingIncomeRatio": 0.1653459635, "totalOtherIncomeExpensesNet": -5275000, "incomeBeforeTax": 38293000, "incomeBeforeTaxRatio": 0.1453266843, "incomeTaxExpense": 9600000, "netIncome": 28693000, "netIncomeRatio": 0.1088934936, "eps": 0.73, "epsdiluted": 0.72, "weightedAverageShsOut": 39268000, "weightedAverageShsOutDil": 39780000, "link": "https://www.sec.gov/Archives/edgar/data/84246/000091205701008202/0000912057-01-008202-index.htm", "finalLink": "https://www.sec.gov/Archives/edgar/data/84246/000091205701008202/a2041847z10-k.txt", "calculatedOtherExpenses": 216540000, "calculatedOperatingExpenses": 219928000, "calculatedNetInterest": -5275000, "calculatedOtherIncome": 0, "calculatedIncomeNonControlling": 0, "calculatedEbitda": 46660000}, {"date": "1999-12-31", "symbol": "RLI", "reportedCurrency": "USD", "cik": "0000084246", "fillingDate": "2000-03-29", "acceptedDate": "2000-03-29 00:00:00", "calendarYear": "1999", "period": "FY", "revenue": 225756000, "costOfRevenue": 0, "grossProfit": 225756000, "grossProfitRatio": 1, "researchAndDevelopmentExpenses": 0, "generalAndAdministrativeExpenses": 2091000, "sellingAndMarketingExpenses": 0, "sellingGeneralAndAdministrativeExpenses": 2091000, "otherExpenses": -180708000, "operatingExpenses": -178617000, "costAndExpenses": 182721000, "interestIncome": 0, "interestExpense": 4104000, "depreciationAndAmortization": 2700000, "ebitda": 49839000, "ebitdaratio": 0.2207648966, "operatingIncome": 47139000, "operatingIncomeRatio": 0.2088050816, "totalOtherIncomeExpensesNet": -4104000, "incomeBeforeTax": 43035000, "incomeBeforeTaxRatio": 0.1906261628, "incomeTaxExpense": 11584000, "netIncome": 31451000, "netIncomeRatio": 0.1393141268, "eps": 0.78, "epsdiluted": 0.77, "weightedAverageShsOut": 40496000, "weightedAverageShsOutDil": 40888000, "link": "https://www.sec.gov/Archives/edgar/data/84246/000091205700014284/0000912057-00-014284-index.html", "finalLink": "https://www.sec.gov/Archives/edgar/data/84246/000091205700014284/", "calculatedOtherExpenses": 176526000, "calculatedOperatingExpenses": 178617000, "calculatedNetInterest": -4104000, "calculatedOtherIncome": 0, "calculatedIncomeNonControlling": 0, "calculatedEbitda": 49839000}, {"date": "1998-12-31", "symbol": "RLI", "reportedCurrency": "USD", "cik": "0000084246", "fillingDate": "1999-03-26", "acceptedDate": "1999-03-26 00:00:00", "calendarYear": "1998", "period": "FY", "revenue": 168114000, "costOfRevenue": 0, "grossProfit": 168114000, "grossProfitRatio": 1, "researchAndDevelopmentExpenses": 0, "generalAndAdministrativeExpenses": 3915000, "sellingAndMarketingExpenses": 0, "sellingGeneralAndAdministrativeExpenses": 3915000, "otherExpenses": -132028000, "operatingExpenses": -128113000, "costAndExpenses": 130393000, "interestIncome": 0, "interestExpense": 2280000, "depreciationAndAmortization": 2100000, "ebitda": 42101000, "ebitdaratio": 0.250431255, "operatingIncome": 40001000, "operatingIncomeRatio": 0.2379397314, "totalOtherIncomeExpensesNet": -2280000, "incomeBeforeTax": 37721000, "incomeBeforeTaxRatio": 0.2243775057, "incomeTaxExpense": 9482000, "netIncome": 28239000, "netIncomeRatio": 0.1679753025, "eps": 0.67, "epsdiluted": 0.66, "weightedAverageShsOut": 42056000, "weightedAverageShsOutDil": 42552000, "link": "https://www.sec.gov/Archives/edgar/data/84246/000104746999011722/0001047469-99-011722-index.html", "finalLink": "https://www.sec.gov/Archives/edgar/data/84246/", "calculatedOtherExpenses": 124198000, "calculatedOperatingExpenses": 128113000, "calculatedNetInterest": -2280000, "calculatedOtherIncome": 0, "calculatedIncomeNonControlling": 0, "calculatedEbitda": 42101000}, {"date": "1997-12-31", "symbol": "RLI", "reportedCurrency": "USD", "cik": "0000084246", "fillingDate": "1998-03-26", "acceptedDate": "1998-03-26 00:00:00", "calendarYear": "1997", "period": "FY", "revenue": 169424173, "costOfRevenue": 0, "grossProfit": 169424173, "grossProfitRatio": 1, "researchAndDevelopmentExpenses": 0, "generalAndAdministrativeExpenses": 4172039, "sellingAndMarketingExpenses": 0, "sellingGeneralAndAdministrativeExpenses": 4172039, "otherExpenses": -130526502, "operatingExpenses": -126354463, "costAndExpenses": 127902005, "interestIncome": 0, "interestExpense": 1547542, "depreciationAndAmortization": 2300000, "ebitda": 45369710, "ebitdaratio": 0.2677877023, "operatingIncome": 43069710, "operatingIncomeRatio": 0.2542123077, "totalOtherIncomeExpensesNet": -1547542, "incomeBeforeTax": 41522168, "incomeBeforeTaxRatio": 0.2450781802, "incomeTaxExpense": 11350685, "netIncome": 30171483, "netIncomeRatio": 0.178082516, "eps": 0.73, "epsdiluted": 0.67, "weightedAverageShsOut": 41655172, "weightedAverageShsOutDil": 45413534, "link": "https://www.sec.gov/Archives/edgar/data/84246/000104746998011755/0001047469-98-011755-index.html", "finalLink": "https://www.sec.gov/Archives/edgar/data/84246/", "calculatedOtherExpenses": 122182424, "calculatedOperatingExpenses": 126354463, "calculatedNetInterest": -1547542, "calculatedOtherIncome": 0, "calculatedIncomeNonControlling": 0, "calculatedEbitda": 45369710}, {"date": "1996-12-31", "symbol": "RLI", "reportedCurrency": "USD", "cik": "0000084246", "fillingDate": "1997-03-25", "acceptedDate": "1997-03-25 00:00:00", "calendarYear": "1996", "period": "FY", "revenue": 155354418, "costOfRevenue": 0, "grossProfit": 155354418, "grossProfitRatio": 1, "researchAndDevelopmentExpenses": 0, "generalAndAdministrativeExpenses": 3277630, "sellingAndMarketingExpenses": 0, "sellingGeneralAndAdministrativeExpenses": 3277630, "otherExpenses": -120583548, "operatingExpenses": -117305918, "costAndExpenses": 120114388, "interestIncome": 0, "interestExpense": 2808470, "depreciationAndAmortization": 2500000, "ebitda": 40548500, "ebitdaratio": 0.261006417, "operatingIncome": 38048500, "operatingIncomeRatio": 0.2449141807, "totalOtherIncomeExpensesNet": -2808470, "incomeBeforeTax": 35240030, "incomeBeforeTaxRatio": 0.2268363556, "incomeTaxExpense": 9544309, "netIncome": 25695721, "netIncomeRatio": 0.1654006454, "eps": 0.65, "epsdiluted": 0.57, "weightedAverageShsOut": 39482315, "weightedAverageShsOutDil": 48328470, "link": "https://www.sec.gov/Archives/edgar/data/84246/000091205797009996/0000912057-97-009996-index.html", "finalLink": "https://www.sec.gov/Archives/edgar/data/84246/", "calculatedOtherExpenses": 114028288, "calculatedOperatingExpenses": 117305918, "calculatedNetInterest": -2808470, "calculatedOtherIncome": 0, "calculatedIncomeNonControlling": 0, "calculatedEbitda": 40548500}, {"date": "1995-12-31", "symbol": "RLI", "reportedCurrency": "USD", "cik": "0000084246", "fillingDate": "1996-03-26", "acceptedDate": "1996-03-26 00:00:00", "calendarYear": "1995", "period": "FY", "revenue": 190549112, "costOfRevenue": 0, "grossProfit": 190549112, "grossProfitRatio": 1, "researchAndDevelopmentExpenses": 0, "generalAndAdministrativeExpenses": 2093034, "sellingAndMarketingExpenses": 0, "sellingGeneralAndAdministrativeExpenses": 2093034, "otherExpenses": -181026315, "operatingExpenses": -178933281, "costAndExpenses": 182280659, "interestIncome": 0, "interestExpense": 3347378, "depreciationAndAmortization": 3500000, "ebitda": 15115831, "ebitdaratio": 0.0793277431, "operatingIncome": 11615831, "operatingIncomeRatio": 0.060959775, "totalOtherIncomeExpensesNet": 34595388, "incomeBeforeTax": 8268453, "incomeBeforeTaxRatio": 0.0433927659, "incomeTaxExpense": 318912, "netIncome": 7949541, "netIncomeRatio": 0.0417191186, "eps": 0.2, "epsdiluted": 0.2, "weightedAverageShsOut": 39012346, "weightedAverageShsOutDil": 39012346, "link": "https://www.sec.gov/Archives/edgar/data/84246/000091205796005193/0000912057-96-005193-index.html", "finalLink": "https://www.sec.gov/Archives/edgar/data/84246/", "calculatedOtherExpenses": 176840247, "calculatedOperatingExpenses": 178933281, "calculatedNetInterest": -3347378, "calculatedOtherIncome": 0, "calculatedIncomeNonControlling": 0, "calculatedEbitda": 15115831}, {"date": "1994-12-31", "symbol": "RLI", "reportedCurrency": "USD", "cik": "0000084246", "fillingDate": "1994-12-31", "acceptedDate": "1994-12-30 19:00:00", "calendarYear": "1994", "period": "FY", "revenue": 171900000, "costOfRevenue": 0, "grossProfit": 171900000, "grossProfitRatio": 1, "researchAndDevelopmentExpenses": 0, "generalAndAdministrativeExpenses": 2800000, "sellingAndMarketingExpenses": 0, "sellingGeneralAndAdministrativeExpenses": 2800000, "otherExpenses": -183200000, "operatingExpenses": -180400000, "costAndExpenses": 53300000, "interestIncome": 0, "interestExpense": 3400000, "depreciationAndAmortization": 3200000, "ebitda": -5300000, "ebitdaratio": -0.030831879, "operatingIncome": -8500000, "operatingIncomeRatio": -0.0494473531, "totalOtherIncomeExpensesNet": 31700000, "incomeBeforeTax": 23200000, "incomeBeforeTaxRatio": 0.1349621873, "incomeTaxExpense": -6900000, "netIncome": -5000000, "netIncomeRatio": -0.0290866783, "eps": -0.14, "epsdiluted": -0.14, "weightedAverageShsOut": 35555556, "weightedAverageShsOutDil": 35555556, "link": "", "finalLink": "", "calculatedOtherExpenses": 177600000, "calculatedOperatingExpenses": 180400000, "calculatedNetInterest": -3400000, "calculatedOtherIncome": 35100000, "calculatedIncomeNonControlling": 35100000, "calculatedEbitda": -5300000}, {"date": "1993-12-31", "symbol": "RLI", "reportedCurrency": "USD", "cik": "0000084246", "fillingDate": "1993-12-31", "acceptedDate": "1993-12-30 19:00:00", "calendarYear": "1993", "period": "FY", "revenue": 155100000, "costOfRevenue": 0, "grossProfit": 155100000, "grossProfitRatio": 1, "researchAndDevelopmentExpenses": 0, "generalAndAdministrativeExpenses": 1700000, "sellingAndMarketingExpenses": 0, "sellingGeneralAndAdministrativeExpenses": 1700000, "otherExpenses": -135100000, "operatingExpenses": -133400000, "costAndExpenses": 31200000, "interestIncome": 0, "interestExpense": 1900000, "depreciationAndAmortization": 3100000, "ebitda": 24800000, "ebitdaratio": 0.1598968407, "operatingIncome": 21700000, "operatingIncomeRatio": 0.1399097357, "totalOtherIncomeExpensesNet": 29100000, "incomeBeforeTax": 50800000, "incomeBeforeTaxRatio": 0.3275306254, "incomeTaxExpense": 4000000, "netIncome": 15800000, "netIncomeRatio": 0.1018697614, "eps": 0.47, "epsdiluted": 0.45, "weightedAverageShsOut": 33978495, "weightedAverageShsOutDil": 35505618, "link": "", "finalLink": "", "calculatedOtherExpenses": 131700000, "calculatedOperatingExpenses": 133400000, "calculatedNetInterest": -1900000, "calculatedOtherIncome": 31000000, "calculatedIncomeNonControlling": 31000000, "calculatedEbitda": 24800000}, {"date": "1992-12-31", "symbol": "RLI", "reportedCurrency": "USD", "cik": "0000084246", "fillingDate": "1992-12-31", "acceptedDate": "1992-12-30 19:00:00", "calendarYear": "1992", "period": "FY", "revenue": 129100000, "costOfRevenue": 0, "grossProfit": 129100000, "grossProfitRatio": 1, "researchAndDevelopmentExpenses": 0, "generalAndAdministrativeExpenses": 1500000, "sellingAndMarketingExpenses": 0, "sellingGeneralAndAdministrativeExpenses": 1500000, "otherExpenses": -114100000, "operatingExpenses": -112600000, "costAndExpenses": 23000000, "interestIncome": 0, "interestExpense": 0, "depreciationAndAmortization": 3000000, "ebitda": 19500000, "ebitdaratio": 0.151045701, "operatingIncome": 16500000, "operatingIncomeRatio": 0.1278079009, "totalOtherIncomeExpensesNet": 25900000, "incomeBeforeTax": 42400000, "incomeBeforeTaxRatio": 0.3284275755, "incomeTaxExpense": 3400000, "netIncome": 13100000, "netIncomeRatio": 0.1014717273, "eps": 0.37, "epsdiluted": 0.37, "weightedAverageShsOut": 35890411, "weightedAverageShsOutDil": 35890411, "link": "", "finalLink": "", "calculatedOtherExpenses": 111100000, "calculatedOperatingExpenses": 112600000, "calculatedNetInterest": 0, "calculatedOtherIncome": 25900000, "calculatedIncomeNonControlling": 25900000, "calculatedEbitda": 19500000}, {"date": "1991-12-31", "symbol": "RLI", "reportedCurrency": "USD", "cik": "0000084246", "fillingDate": "1991-12-31", "acceptedDate": "1991-12-30 19:00:00", "calendarYear": "1991", "period": "FY", "revenue": 101700000, "costOfRevenue": 0, "grossProfit": 101700000, "grossProfitRatio": 1, "researchAndDevelopmentExpenses": 0, "generalAndAdministrativeExpenses": 0, "sellingAndMarketingExpenses": 0, "sellingGeneralAndAdministrativeExpenses": 0, "otherExpenses": -85400000, "operatingExpenses": -85400000, "costAndExpenses": 13700000, "interestIncome": 0, "interestExpense": 0, "depreciationAndAmortization": 2900000, "ebitda": 19200000, "ebitdaratio": 0.1887905605, "operatingIncome": 16300000, "operatingIncomeRatio": 0.1602753196, "totalOtherIncomeExpensesNet": 24900000, "incomeBeforeTax": 41200000, "incomeBeforeTaxRatio": 0.4051130777, "incomeTaxExpense": 3700000, "netIncome": 12600000, "netIncomeRatio": 0.1238938053, "eps": 0.36, "epsdiluted": 0.36, "weightedAverageShsOut": 35492958, "weightedAverageShsOutDil": 35492958, "link": "", "finalLink": "", "calculatedOtherExpenses": 85400000, "calculatedOperatingExpenses": 85400000, "calculatedNetInterest": 0, "calculatedOtherIncome": 24900000, "calculatedIncomeNonControlling": 24900000, "calculatedEbitda": 19200000}, {"date": "1990-12-31", "symbol": "RLI", "reportedCurrency": "USD", "cik": "0000084246", "fillingDate": "1990-12-31", "acceptedDate": "1990-12-30 19:00:00", "calendarYear": "1990", "period": "FY", "revenue": 92200000, "costOfRevenue": 0, "grossProfit": 92200000, "grossProfitRatio": 1, "researchAndDevelopmentExpenses": 0, "generalAndAdministrativeExpenses": 0, "sellingAndMarketingExpenses": 0, "sellingGeneralAndAdministrativeExpenses": 0, "otherExpenses": -77500000, "operatingExpenses": -77500000, "costAndExpenses": 17100000, "interestIncome": 0, "interestExpense": 0, "depreciationAndAmortization": 2600000, "ebitda": 17300000, "ebitdaratio": 0.1876355748, "operatingIncome": 14700000, "operatingIncomeRatio": 0.1594360087, "totalOtherIncomeExpensesNet": 19600000, "incomeBeforeTax": 34300000, "incomeBeforeTaxRatio": 0.3720173536, "incomeTaxExpense": 3100000, "netIncome": 11600000, "netIncomeRatio": 0.125813449, "eps": 0.33, "epsdiluted": 0.33, "weightedAverageShsOut": 35419847, "weightedAverageShsOutDil": 35419847, "link": "", "finalLink": "", "calculatedOtherExpenses": 77500000, "calculatedOperatingExpenses": 77500000, "calculatedNetInterest": 0, "calculatedOtherIncome": 19600000, "calculatedIncomeNonControlling": 19600000, "calculatedEbitda": 17300000}, {"date": "1989-12-31", "symbol": "RLI", "reportedCurrency": "USD", "cik": "0000084246", "fillingDate": "1989-12-31", "acceptedDate": "1989-12-30 19:00:00", "calendarYear": "1989", "period": "FY", "revenue": 89000000, "costOfRevenue": 0, "grossProfit": 89000000, "grossProfitRatio": 1, "researchAndDevelopmentExpenses": 0, "generalAndAdministrativeExpenses": 0, "sellingAndMarketingExpenses": 0, "sellingGeneralAndAdministrativeExpenses": 0, "otherExpenses": -79400000, "operatingExpenses": -79400000, "costAndExpenses": 18500000, "interestIncome": 0, "interestExpense": 0, "depreciationAndAmortization": 2400000, "ebitda": 12000000, "ebitdaratio": 0.1348314607, "operatingIncome": 9600000, "operatingIncomeRatio": 0.1078651685, "totalOtherIncomeExpensesNet": 18600000, "incomeBeforeTax": 28200000, "incomeBeforeTaxRatio": 0.3168539326, "incomeTaxExpense": 1400000, "netIncome": 8200000, "netIncomeRatio": 0.0921348315, "eps": 0.23, "epsdiluted": 0.23, "weightedAverageShsOut": 36043956, "weightedAverageShsOutDil": 36043956, "link": "", "finalLink": "", "calculatedOtherExpenses": 79400000, "calculatedOperatingExpenses": 79400000, "calculatedNetInterest": 0, "calculatedOtherIncome": 18600000, "calculatedIncomeNonControlling": 18600000, "calculatedEbitda": 12000000}, {"date": "1988-12-31", "symbol": "RLI", "reportedCurrency": "USD", "cik": "0000084246", "fillingDate": "1988-12-31", "acceptedDate": "1988-12-30 19:00:00", "calendarYear": "1988", "period": "FY", "revenue": 103100000, "costOfRevenue": 0, "grossProfit": 103100000, "grossProfitRatio": 1, "researchAndDevelopmentExpenses": 0, "generalAndAdministrativeExpenses": 0, "sellingAndMarketingExpenses": 0, "sellingGeneralAndAdministrativeExpenses": 0, "otherExpenses": -94400000, "operatingExpenses": -94400000, "costAndExpenses": -94400000, "interestIncome": 0, "interestExpense": 0, "depreciationAndAmortization": 0, "ebitda": 8700000, "ebitdaratio": 0.0843840931, "operatingIncome": 8700000, "operatingIncomeRatio": 0.0843840931, "totalOtherIncomeExpensesNet": 0, "incomeBeforeTax": 0, "incomeBeforeTaxRatio": 0, "incomeTaxExpense": 1400000, "netIncome": 7300000, "netIncomeRatio": 0.0708050436, "eps": 0.2, "epsdiluted": 0.2, "weightedAverageShsOut": 37435897, "weightedAverageShsOutDil": 37435897, "link": "", "finalLink": "", "calculatedOtherExpenses": 94400000, "calculatedOperatingExpenses": 94400000, "calculatedNetInterest": 0, "calculatedOtherIncome": -8700000, "calculatedIncomeNonControlling": -8700000, "calculatedEbitda": 8700000}, {"date": "1987-12-31", "symbol": "RLI", "reportedCurrency": "USD", "cik": "0000084246", "fillingDate": "1987-12-31", "acceptedDate": "1987-12-30 19:00:00", "calendarYear": "1987", "period": "FY", "revenue": 104400000, "costOfRevenue": 0, "grossProfit": 104400000, "grossProfitRatio": 1, "researchAndDevelopmentExpenses": 0, "generalAndAdministrativeExpenses": 0, "sellingAndMarketingExpenses": 0, "sellingGeneralAndAdministrativeExpenses": 0, "otherExpenses": -86000000, "operatingExpenses": -86000000, "costAndExpenses": -86000000, "interestIncome": 0, "interestExpense": 0, "depreciationAndAmortization": 0, "ebitda": 18400000, "ebitdaratio": 0.1762452107, "operatingIncome": 18400000, "operatingIncomeRatio": 0.1762452107, "totalOtherIncomeExpensesNet": 0, "incomeBeforeTax": 0, "incomeBeforeTaxRatio": 0, "incomeTaxExpense": 5400000, "netIncome": 13000000, "netIncomeRatio": 0.1245210728, "eps": 0.34, "epsdiluted": 0.34, "weightedAverageShsOut": 38518519, "weightedAverageShsOutDil": 38518519, "link": "", "finalLink": "", "calculatedOtherExpenses": 86000000, "calculatedOperatingExpenses": 86000000, "calculatedNetInterest": 0, "calculatedOtherIncome": -18400000, "calculatedIncomeNonControlling": -18400000, "calculatedEbitda": 18400000}, {"date": "1986-12-31", "symbol": "RLI", "reportedCurrency": "USD", "cik": "0000084246", "fillingDate": "1986-12-31", "acceptedDate": "1986-12-30 19:00:00", "calendarYear": "1986", "period": "FY", "revenue": 108500000, "costOfRevenue": 0, "grossProfit": 108500000, "grossProfitRatio": 1, "researchAndDevelopmentExpenses": 0, "generalAndAdministrativeExpenses": 0, "sellingAndMarketingExpenses": 0, "sellingGeneralAndAdministrativeExpenses": 0, "otherExpenses": -93400000, "operatingExpenses": -93400000, "costAndExpenses": -93400000, "interestIncome": 0, "interestExpense": 0, "depreciationAndAmortization": 0, "ebitda": 15100000, "ebitdaratio": 0.1391705069, "operatingIncome": 15100000, "operatingIncomeRatio": 0.1391705069, "totalOtherIncomeExpensesNet": 0, "incomeBeforeTax": 0, "incomeBeforeTaxRatio": 0, "incomeTaxExpense": 5300000, "netIncome": 9800000, "netIncomeRatio": 0.0903225806, "eps": 0.26, "epsdiluted": 0.26, "weightedAverageShsOut": 37692308, "weightedAverageShsOutDil": 37692308, "link": "", "finalLink": "", "calculatedOtherExpenses": 93400000, "calculatedOperatingExpenses": 93400000, "calculatedNetInterest": 0, "calculatedOtherIncome": -15100000, "calculatedIncomeNonControlling": -15100000, "calculatedEbitda": 15100000}, {"date": "1985-12-31", "symbol": "RLI", "reportedCurrency": "USD", "cik": "0000084246", "fillingDate": "1985-12-31", "acceptedDate": "1985-12-30 19:00:00", "calendarYear": "1985", "period": "FY", "revenue": 69200000, "costOfRevenue": 0, "grossProfit": 69200000, "grossProfitRatio": 1, "researchAndDevelopmentExpenses": 0, "generalAndAdministrativeExpenses": 0, "sellingAndMarketingExpenses": 0, "sellingGeneralAndAdministrativeExpenses": 0, "otherExpenses": -62700000, "operatingExpenses": -62700000, "costAndExpenses": -62700000, "interestIncome": 0, "interestExpense": 0, "depreciationAndAmortization": 0, "ebitda": 6500000, "ebitdaratio": 0.0939306358, "operatingIncome": 6500000, "operatingIncomeRatio": 0.0939306358, "totalOtherIncomeExpensesNet": 0, "incomeBeforeTax": 0, "incomeBeforeTaxRatio": 0, "incomeTaxExpense": 2400000, "netIncome": 4100000, "netIncomeRatio": 0.0592485549, "eps": 0.13, "epsdiluted": 0.13, "weightedAverageShsOut": 31538462, "weightedAverageShsOutDil": 31538462, "link": "", "finalLink": "", "calculatedOtherExpenses": 62700000, "calculatedOperatingExpenses": 62700000, "calculatedNetInterest": 0, "calculatedOtherIncome": -6500000, "calculatedIncomeNonControlling": -6500000, "calculatedEbitda": 6500000}]}