{"originalCurrency": "USD", "convertedCurrency": "USD", "report": [{"date": "2023-12-31", "symbol": "RNG", "reportedCurrency": "USD", "cik": "0001384905", "fillingDate": "2024-02-22", "acceptedDate": "2024-02-22 17:26:11", "calendarYear": "2023", "period": "FY", "revenue": 2202429000, "costOfRevenue": 663415000, "grossProfit": 1539014000, "grossProfitRatio": 0.6987803012, "researchAndDevelopmentExpenses": 331394000, "generalAndAdministrativeExpenses": 333048000, "sellingAndMarketingExpenses": 1068050000, "sellingGeneralAndAdministrativeExpenses": 1386063000, "otherExpenses": 77963000, "operatingExpenses": 1717457000, "costAndExpenses": 2380872000, "interestIncome": 35997000, "interestExpense": 35997000, "depreciationAndAmortization": 254409000, "ebitda": 75966000, "ebitdaratio": 0.0344919178, "operatingIncome": -178443000, "operatingIncomeRatio": -0.081021, "totalOtherIncomeExpensesNet": 21598000, "incomeBeforeTax": -156845000, "incomeBeforeTaxRatio": -0.0712145545, "incomeTaxExpense": 8395000, "netIncome": -165240000, "netIncomeRatio": -0.0750262551, "eps": -1.74, "epsdiluted": -1.74, "weightedAverageShsOut": 94912000, "weightedAverageShsOutDil": 94912000, "link": "https://www.sec.gov/Archives/edgar/data/1384905/000138490524000013/0001384905-24-000013-index.htm", "finalLink": "https://www.sec.gov/Archives/edgar/data/1384905/000138490524000013/rng-20231231.htm", "calculatedOtherExpenses": 0, "calculatedOperatingExpenses": 1717457000, "calculatedNetInterest": 0, "calculatedOtherIncome": 21598000, "calculatedIncomeNonControlling": 0, "calculatedEbitda": 75966000}, {"date": "2022-12-31", "symbol": "RNG", "reportedCurrency": "USD", "cik": "0001384905", "fillingDate": "2023-02-23", "acceptedDate": "2023-02-23 17:00:01", "calendarYear": "2022", "period": "FY", "revenue": 1988330000, "costOfRevenue": 641731000, "grossProfit": 1346599000, "grossProfitRatio": 0.6772512611, "researchAndDevelopmentExpenses": 362256000, "generalAndAdministrativeExpenses": 292898000, "sellingAndMarketingExpenses": 1057231000, "sellingGeneralAndAdministrativeExpenses": 1350129000, "otherExpenses": -219771000, "operatingExpenses": 1712385000, "costAndExpenses": 2354116000, "interestIncome": 4807000, "interestExpense": 4807000, "depreciationAndAmortization": 26790000, "ebitda": -338996000, "ebitdaratio": -0.1704928256, "operatingIncome": -365786000, "operatingIncomeRatio": -0.1839664442, "totalOtherIncomeExpensesNet": -508267000, "incomeBeforeTax": -874053000, "incomeBeforeTaxRatio": -0.4395915165, "incomeTaxExpense": 5113000, "netIncome": -879166000, "netIncomeRatio": -0.4421630212, "eps": -9.23, "epsdiluted": -9.23, "weightedAverageShsOut": 95239000, "weightedAverageShsOutDil": 95239000, "link": "https://www.sec.gov/Archives/edgar/data/1384905/000138490523000017/0001384905-23-000017-index.htm", "finalLink": "https://www.sec.gov/Archives/edgar/data/1384905/000138490523000017/rng-20221231.htm", "calculatedOtherExpenses": 0, "calculatedOperatingExpenses": 1712385000, "calculatedNetInterest": 0, "calculatedOtherIncome": -508267000, "calculatedIncomeNonControlling": 0, "calculatedEbitda": -338996000}, {"date": "2021-12-31", "symbol": "RNG", "reportedCurrency": "USD", "cik": "0001384905", "fillingDate": "2022-03-01", "acceptedDate": "2022-03-01 16:50:21", "calendarYear": "2021", "period": "FY", "revenue": 1594754000, "costOfRevenue": 448369000, "grossProfit": 1146385000, "grossProfitRatio": 0.7188475464, "researchAndDevelopmentExpenses": 309739000, "generalAndAdministrativeExpenses": 284276000, "sellingAndMarketingExpenses": 854156000, "sellingGeneralAndAdministrativeExpenses": 1138432000, "otherExpenses": -7554000, "operatingExpenses": 1448171000, "costAndExpenses": 1896540000, "interestIncome": 64382000, "interestExpense": 64382000, "depreciationAndAmortization": 117738000, "ebitda": -184048000, "ebitdaratio": -0.1154083953, "operatingIncome": -301786000, "operatingIncomeRatio": -0.1892367099, "totalOtherIncomeExpensesNet": -71936000, "incomeBeforeTax": -373722000, "incomeBeforeTaxRatio": -0.2343446074, "incomeTaxExpense": 2528000, "netIncome": -376250000, "netIncomeRatio": -0.2359298048, "eps": -4.1, "epsdiluted": -4.1, "weightedAverageShsOut": 91738000, "weightedAverageShsOutDil": 91738000, "link": "https://www.sec.gov/Archives/edgar/data/1384905/000138490522000011/0001384905-22-000011-index.htm", "finalLink": "https://www.sec.gov/Archives/edgar/data/1384905/000138490522000011/rng-20211231.htm", "calculatedOtherExpenses": 0, "calculatedOperatingExpenses": 1448171000, "calculatedNetInterest": 0, "calculatedOtherIncome": -71936000, "calculatedIncomeNonControlling": 0, "calculatedEbitda": -184048000}, {"date": "2020-12-31", "symbol": "RNG", "reportedCurrency": "USD", "cik": "0001384905", "fillingDate": "2021-02-26", "acceptedDate": "2021-02-26 16:48:34", "calendarYear": "2020", "period": "FY", "revenue": 1183657000, "costOfRevenue": 323607000, "grossProfit": 860050000, "grossProfitRatio": 0.7266040753, "researchAndDevelopmentExpenses": 189484000, "generalAndAdministrativeExpenses": 200032000, "sellingAndMarketingExpenses": 583773000, "sellingGeneralAndAdministrativeExpenses": 783805000, "otherExpenses": 80458000, "operatingExpenses": 973289000, "costAndExpenses": 1296896000, "interestIncome": 49281000, "interestExpense": 49281000, "depreciationAndAmortization": 75612000, "ebitda": 42831000, "ebitdaratio": 0.0361853138, "operatingIncome": -32781000, "operatingIncomeRatio": -0.0276946784, "totalOtherIncomeExpensesNet": -49281000, "incomeBeforeTax": -82062000, "incomeBeforeTaxRatio": -0.069329206, "incomeTaxExpense": 934000, "netIncome": -82996000, "netIncomeRatio": -0.070118286, "eps": -0.94, "epsdiluted": -0.94, "weightedAverageShsOut": 88684000, "weightedAverageShsOutDil": 88684000, "link": "https://www.sec.gov/Archives/edgar/data/1384905/000138490521000007/0001384905-21-000007-index.htm", "finalLink": "https://www.sec.gov/Archives/edgar/data/1384905/000138490521000007/rng-20201231.htm", "calculatedOtherExpenses": -80458000, "calculatedOperatingExpenses": 892831000, "calculatedNetInterest": 0, "calculatedOtherIncome": -49281000, "calculatedIncomeNonControlling": 0, "calculatedEbitda": 42831000}, {"date": "2019-12-31", "symbol": "RNG", "reportedCurrency": "USD", "cik": "0001384905", "fillingDate": "2020-02-26", "acceptedDate": "2020-02-26 09:01:22", "calendarYear": "2019", "period": "FY", "revenue": 902858000, "costOfRevenue": 231043000, "grossProfit": 671815000, "grossProfitRatio": 0.744098186, "researchAndDevelopmentExpenses": 136363000, "generalAndAdministrativeExpenses": 142027000, "sellingAndMarketingExpenses": 439100000, "sellingGeneralAndAdministrativeExpenses": 581127000, "otherExpenses": 9247000, "operatingExpenses": 717490000, "costAndExpenses": 948533000, "interestIncome": 20512000, "interestExpense": 20512000, "depreciationAndAmortization": 37870000, "ebitda": 1442000, "ebitdaratio": 0.0015971504, "operatingIncome": -36428000, "operatingIncomeRatio": -0.04034743, "totalOtherIncomeExpensesNet": -20512000, "incomeBeforeTax": -56940000, "incomeBeforeTaxRatio": -0.0630663958, "incomeTaxExpense": -3333000, "netIncome": -53607000, "netIncomeRatio": -0.0593747854, "eps": -0.64, "epsdiluted": -0.64, "weightedAverageShsOut": 83130000, "weightedAverageShsOutDil": 83130000, "link": "https://www.sec.gov/Archives/edgar/data/1384905/000138490520000008/0001384905-20-000008-index.htm", "finalLink": "https://www.sec.gov/Archives/edgar/data/1384905/000138490520000008/rng-20191231x10k.htm", "calculatedOtherExpenses": -9247000, "calculatedOperatingExpenses": 708243000, "calculatedNetInterest": 0, "calculatedOtherIncome": -20512000, "calculatedIncomeNonControlling": 0, "calculatedEbitda": 1442000}, {"date": "2018-12-31", "symbol": "RNG", "reportedCurrency": "USD", "cik": "0001384905", "fillingDate": "2019-02-27", "acceptedDate": "2019-02-26 21:40:30", "calendarYear": "2018", "period": "FY", "revenue": 673624000, "costOfRevenue": 157129000, "grossProfit": 516495000, "grossProfitRatio": 0.7667407931, "researchAndDevelopmentExpenses": 101042000, "generalAndAdministrativeExpenses": 102773000, "sellingAndMarketingExpenses": 329116000, "sellingGeneralAndAdministrativeExpenses": 431889000, "otherExpenses": 6475000, "operatingExpenses": 532931000, "costAndExpenses": 690060000, "interestIncome": 0, "interestExpense": 16102000, "depreciationAndAmortization": 23273000, "ebitda": 13312000, "ebitdaratio": 0.0197617662, "operatingIncome": -16436000, "operatingIncomeRatio": -0.0243993682, "totalOtherIncomeExpensesNet": 6475000, "incomeBeforeTax": -26063000, "incomeBeforeTaxRatio": -0.0386907236, "incomeTaxExpense": 140000, "netIncome": -26203000, "netIncomeRatio": -0.0388985547, "eps": -0.33, "epsdiluted": -0.33, "weightedAverageShsOut": 79500000, "weightedAverageShsOutDil": 79500000, "link": "https://www.sec.gov/Archives/edgar/data/1384905/000156459019004630/0001564590-19-004630-index.htm", "finalLink": "https://www.sec.gov/Archives/edgar/data/1384905/000156459019004630/rng-10k_20181231.htm", "calculatedOtherExpenses": 0, "calculatedOperatingExpenses": 532931000, "calculatedNetInterest": -16102000, "calculatedOtherIncome": 6475000, "calculatedIncomeNonControlling": 0, "calculatedEbitda": 6837000}, {"date": "2017-12-31", "symbol": "RNG", "reportedCurrency": "USD", "cik": "0001384905", "fillingDate": "2018-02-26", "acceptedDate": "2018-02-26 16:22:53", "calendarYear": "2017", "period": "FY", "revenue": 501526000, "costOfRevenue": 121271000, "grossProfit": 380255000, "grossProfitRatio": 0.7581959859, "researchAndDevelopmentExpenses": 75148000, "generalAndAdministrativeExpenses": 72313000, "sellingAndMarketingExpenses": 260069000, "sellingGeneralAndAdministrativeExpenses": 332382000, "otherExpenses": 1491000, "operatingExpenses": 407530000, "costAndExpenses": 528801000, "interestIncome": 0, "interestExpense": 99000, "depreciationAndAmortization": 16214000, "ebitda": -9570000, "ebitdaratio": -0.0190817625, "operatingIncome": -27275000, "operatingIncomeRatio": -0.05438402, "totalOtherIncomeExpensesNet": 1491000, "incomeBeforeTax": -25883000, "incomeBeforeTaxRatio": -0.0516084909, "incomeTaxExpense": 258000, "netIncome": -26141000, "netIncomeRatio": -0.0521229208, "eps": -0.34, "epsdiluted": -0.34, "weightedAverageShsOut": 76281000, "weightedAverageShsOutDil": 76281000, "link": "https://www.sec.gov/Archives/edgar/data/1384905/000156459018003245/0001564590-18-003245-index.htm", "finalLink": "https://www.sec.gov/Archives/edgar/data/1384905/000156459018003245/rng-10k_20171231.htm", "calculatedOtherExpenses": 0, "calculatedOperatingExpenses": 407530000, "calculatedNetInterest": -99000, "calculatedOtherIncome": 1491000, "calculatedIncomeNonControlling": 0, "calculatedEbitda": -11061000}, {"date": "2016-12-31", "symbol": "RNG", "reportedCurrency": "USD", "cik": "0001384905", "fillingDate": "2017-02-28", "acceptedDate": "2017-02-28 08:31:38", "calendarYear": "2016", "period": "FY", "revenue": 379724000, "costOfRevenue": 92211000, "grossProfit": 287513000, "grossProfitRatio": 0.7571630974, "researchAndDevelopmentExpenses": 65514000, "generalAndAdministrativeExpenses": 55454000, "sellingAndMarketingExpenses": 192497000, "sellingGeneralAndAdministrativeExpenses": 247951000, "otherExpenses": -2375000, "operatingExpenses": 313465000, "costAndExpenses": 405676000, "interestIncome": 0, "interestExpense": 746000, "depreciationAndAmortization": 14663000, "ebitda": -13664000, "ebitdaratio": -0.0359840305, "operatingIncome": -25952000, "operatingIncomeRatio": -0.0683443764, "totalOtherIncomeExpensesNet": -2375000, "incomeBeforeTax": -29073000, "incomeBeforeTaxRatio": -0.076563504, "incomeTaxExpense": 236000, "netIncome": -29309000, "netIncomeRatio": -0.0771850081, "eps": -0.4, "epsdiluted": -0.4, "weightedAverageShsOut": 72994000, "weightedAverageShsOutDil": 72994000, "link": "https://www.sec.gov/Archives/edgar/data/1384905/000156459017002718/0001564590-17-002718-index.htm", "finalLink": "https://www.sec.gov/Archives/edgar/data/1384905/000156459017002718/rng-10k_20161231.htm", "calculatedOtherExpenses": 0, "calculatedOperatingExpenses": 313465000, "calculatedNetInterest": -746000, "calculatedOtherIncome": -2375000, "calculatedIncomeNonControlling": 0, "calculatedEbitda": -11289000}, {"date": "2015-12-31", "symbol": "RNG", "reportedCurrency": "USD", "cik": "0001384905", "fillingDate": "2016-02-29", "acceptedDate": "2016-02-29 06:12:02", "calendarYear": "2015", "period": "FY", "revenue": 296228000, "costOfRevenue": 87271000, "grossProfit": 208957000, "grossProfitRatio": 0.705392468, "researchAndDevelopmentExpenses": 52924000, "generalAndAdministrativeExpenses": 47114000, "sellingAndMarketingExpenses": 139851000, "sellingGeneralAndAdministrativeExpenses": 186965000, "otherExpenses": -1307000, "operatingExpenses": 239889000, "costAndExpenses": 327160000, "interestIncome": 0, "interestExpense": 1123000, "depreciationAndAmortization": 13467000, "ebitda": -17465000, "ebitdaratio": -0.0589579648, "operatingIncome": -30932000, "operatingIncomeRatio": -0.1044195687, "totalOtherIncomeExpensesNet": -2430000, "incomeBeforeTax": -33362000, "incomeBeforeTaxRatio": -0.1126227095, "incomeTaxExpense": -1263000, "netIncome": -32099000, "netIncomeRatio": -0.1083591018, "eps": -0.46, "epsdiluted": -0.46, "weightedAverageShsOut": 70069000, "weightedAverageShsOutDil": 70069000, "link": "https://www.sec.gov/Archives/edgar/data/1384905/000156459016013637/0001564590-16-013637-index.htm", "finalLink": "https://www.sec.gov/Archives/edgar/data/1384905/000156459016013637/rng-10k_20151231.htm", "calculatedOtherExpenses": 0, "calculatedOperatingExpenses": 239889000, "calculatedNetInterest": -1123000, "calculatedOtherIncome": -1307000, "calculatedIncomeNonControlling": 0, "calculatedEbitda": -17465000}, {"date": "2014-12-31", "symbol": "RNG", "reportedCurrency": "USD", "cik": "0001384905", "fillingDate": "2015-02-27", "acceptedDate": "2015-02-27 16:16:15", "calendarYear": "2014", "period": "FY", "revenue": 219887000, "costOfRevenue": 76773000, "grossProfit": 143114000, "grossProfitRatio": 0.6508524833, "researchAndDevelopmentExpenses": 44582000, "generalAndAdministrativeExpenses": 38910000, "sellingAndMarketingExpenses": 104827000, "sellingGeneralAndAdministrativeExpenses": 143737000, "otherExpenses": -1031000, "operatingExpenses": 188319000, "costAndExpenses": 265092000, "interestIncome": 0, "interestExpense": 2007000, "depreciationAndAmortization": 10378000, "ebitda": -34827000, "ebitdaratio": -0.1583858982, "operatingIncome": -45205000, "operatingIncomeRatio": -0.2055828676, "totalOtherIncomeExpensesNet": -3038000, "incomeBeforeTax": -48243000, "incomeBeforeTaxRatio": -0.219399055, "incomeTaxExpense": 97000, "netIncome": -48340000, "netIncomeRatio": -0.2198401906, "eps": -0.72, "epsdiluted": -0.72, "weightedAverageShsOut": 66818000, "weightedAverageShsOutDil": 66818000, "link": "https://www.sec.gov/Archives/edgar/data/1384905/000156459015001097/0001564590-15-001097-index.htm", "finalLink": "https://www.sec.gov/Archives/edgar/data/1384905/000156459015001097/rng-10k_20141231.htm", "calculatedOtherExpenses": 0, "calculatedOperatingExpenses": 188319000, "calculatedNetInterest": -2007000, "calculatedOtherIncome": -1031000, "calculatedIncomeNonControlling": 0, "calculatedEbitda": -34827000}, {"date": "2013-12-31", "symbol": "RNG", "reportedCurrency": "USD", "cik": "0001384905", "fillingDate": "2014-02-26", "acceptedDate": "2014-02-26 06:07:51", "calendarYear": "2013", "period": "FY", "revenue": 160505000, "costOfRevenue": 61519000, "grossProfit": 98986000, "grossProfitRatio": 0.6167159902, "researchAndDevelopmentExpenses": 33399000, "generalAndAdministrativeExpenses": 34284000, "sellingAndMarketingExpenses": 72336000, "sellingGeneralAndAdministrativeExpenses": 106620000, "otherExpenses": 274000, "operatingExpenses": 140019000, "costAndExpenses": 201538000, "interestIncome": 0, "interestExpense": 5384000, "depreciationAndAmortization": 8980000, "ebitda": -32053000, "ebitdaratio": -0.1997009439, "operatingIncome": -41033000, "operatingIncomeRatio": -0.2556493567, "totalOtherIncomeExpensesNet": -5110000, "incomeBeforeTax": -46143000, "incomeBeforeTaxRatio": -0.2874863711, "incomeTaxExpense": -45000, "netIncome": -46098000, "netIncomeRatio": -0.287206006, "eps": -1.39, "epsdiluted": -1.39, "weightedAverageShsOut": 33155000, "weightedAverageShsOutDil": 33155000, "link": "https://www.sec.gov/Archives/edgar/data/1384905/000156459014000347/0001564590-14-000347-index.htm", "finalLink": "https://www.sec.gov/Archives/edgar/data/1384905/000156459014000347/rng-10k_20131231.htm", "calculatedOtherExpenses": 0, "calculatedOperatingExpenses": 140019000, "calculatedNetInterest": -5384000, "calculatedOtherIncome": 274000, "calculatedIncomeNonControlling": 0, "calculatedEbitda": -32053000}, {"date": "2012-12-31", "symbol": "RNG", "reportedCurrency": "USD", "cik": "0001384905", "fillingDate": "2012-12-31", "acceptedDate": "2012-12-30 19:00:00", "calendarYear": "2012", "period": "FY", "revenue": 114526000, "costOfRevenue": 44903000, "grossProfit": 69623000, "grossProfitRatio": 0.6079230917, "researchAndDevelopmentExpenses": 24450000, "generalAndAdministrativeExpenses": 24434000, "sellingAndMarketingExpenses": 54566000, "sellingGeneralAndAdministrativeExpenses": 79000000, "otherExpenses": 32000, "operatingExpenses": 103450000, "costAndExpenses": 148353000, "interestIncome": 0, "interestExpense": 1503000, "depreciationAndAmortization": 6191000, "ebitda": -27604000, "ebitdaratio": -0.2410282381, "operatingIncome": -33827000, "operatingIncomeRatio": -0.2953652446, "totalOtherIncomeExpensesNet": 32000, "incomeBeforeTax": -35298000, "incomeBeforeTaxRatio": -0.3082094895, "incomeTaxExpense": 92000, "netIncome": -35390000, "netIncomeRatio": -0.3090128006, "eps": -0.67, "epsdiluted": -0.67, "weightedAverageShsOut": 52722000, "weightedAverageShsOutDil": 52722000, "link": "", "finalLink": "", "calculatedOtherExpenses": 0, "calculatedOperatingExpenses": 103450000, "calculatedNetInterest": -1503000, "calculatedOtherIncome": 32000, "calculatedIncomeNonControlling": 0, "calculatedEbitda": -27636000}, {"date": "2011-12-31", "symbol": "RNG", "reportedCurrency": "USD", "cik": "0001384905", "fillingDate": "2011-12-31", "acceptedDate": "2011-12-30 19:00:00", "calendarYear": "2011", "period": "FY", "revenue": 78877000, "costOfRevenue": 32998000, "grossProfit": 45879000, "grossProfitRatio": 0.5816524462, "researchAndDevelopmentExpenses": 12199000, "generalAndAdministrativeExpenses": 12969000, "sellingAndMarketingExpenses": 34550000, "sellingGeneralAndAdministrativeExpenses": 47519000, "otherExpenses": 109000, "operatingExpenses": 59718000, "costAndExpenses": 92716000, "interestIncome": 0, "interestExpense": 158000, "depreciationAndAmortization": 3546000, "ebitda": -10184000, "ebitdaratio": -0.1291124155, "operatingIncome": -13839000, "operatingIncomeRatio": -0.1754503848, "totalOtherIncomeExpensesNet": 109000, "incomeBeforeTax": -13888000, "incomeBeforeTaxRatio": -0.1760716052, "incomeTaxExpense": 15000, "netIncome": -13903000, "netIncomeRatio": -0.1762617747, "eps": -0.26, "epsdiluted": -0.26, "weightedAverageShsOut": 53068000, "weightedAverageShsOutDil": 53068000, "link": "", "finalLink": "", "calculatedOtherExpenses": 0, "calculatedOperatingExpenses": 59718000, "calculatedNetInterest": -158000, "calculatedOtherIncome": 109000, "calculatedIncomeNonControlling": 0, "calculatedEbitda": -10293000}, {"date": "2010-12-31", "symbol": "RNG", "reportedCurrency": "USD", "cik": "0001384905", "fillingDate": "2010-12-31", "acceptedDate": "2010-12-30 19:00:00", "calendarYear": "2010", "period": "FY", "revenue": 50222000, "costOfRevenue": 22452000, "grossProfit": 27770000, "grossProfitRatio": 0.5529449245, "researchAndDevelopmentExpenses": 7208000, "generalAndAdministrativeExpenses": 4934000, "sellingAndMarketingExpenses": 22922000, "sellingGeneralAndAdministrativeExpenses": 27856000, "otherExpenses": 172000, "operatingExpenses": 35064000, "costAndExpenses": 57516000, "interestIncome": 0, "interestExpense": 184000, "depreciationAndAmortization": 1270000, "ebitda": -5852000, "ebitdaratio": -0.1165226395, "operatingIncome": -7294000, "operatingIncomeRatio": -0.1452351559, "totalOtherIncomeExpensesNet": 172000, "incomeBeforeTax": -7306000, "incomeBeforeTaxRatio": -0.145474095, "incomeTaxExpense": 1000, "netIncome": -7307000, "netIncomeRatio": -0.1454940066, "eps": -0.14, "epsdiluted": -0.14, "weightedAverageShsOut": 53068000, "weightedAverageShsOutDil": 53068000, "link": "", "finalLink": "", "calculatedOtherExpenses": 0, "calculatedOperatingExpenses": 35064000, "calculatedNetInterest": -184000, "calculatedOtherIncome": 172000, "calculatedIncomeNonControlling": 0, "calculatedEbitda": -6024000}]}