{"originalCurrency": "USD", "convertedCurrency": "USD", "report": [{"date": "2023-09-30", "symbol": "ROAD", "reportedCurrency": "USD", "cik": "0001718227", "fillingDate": "2023-11-29", "acceptedDate": "2023-11-29 09:47:36", "calendarYear": "2023", "period": "FY", "revenue": 1563548000, "costOfRevenue": 1367163000, "grossProfit": 196385000, "grossProfitRatio": 0.1256021561, "researchAndDevelopmentExpenses": 0, "generalAndAdministrativeExpenses": 126947000, "sellingAndMarketingExpenses": 0, "sellingGeneralAndAdministrativeExpenses": 126947000, "otherExpenses": 875000, "operatingExpenses": 126947000, "costAndExpenses": 1494110000, "interestIncome": 0, "interestExpense": 17346000, "depreciationAndAmortization": 79100000, "ebitda": 149413000, "ebitdaratio": 0.0955602258, "operatingIncome": 81875000, "operatingIncomeRatio": 0.0523648778, "totalOtherIncomeExpensesNet": 13312000, "incomeBeforeTax": 65404000, "incomeBeforeTaxRatio": 0.0418305034, "incomeTaxExpense": 16403000, "netIncome": 49001000, "netIncomeRatio": 0.0313396199, "eps": 0.95, "epsdiluted": 0.94, "weightedAverageShsOut": 51827001, "weightedAverageShsOutDil": 52260206, "link": "https://www.sec.gov/Archives/edgar/data/1718227/000171822723000081/0001718227-23-000081-index.htm", "finalLink": "https://www.sec.gov/Archives/edgar/data/1718227/000171822723000081/road-20230930.htm", "calculatedOtherExpenses": -12437000, "calculatedOperatingExpenses": 114510000, "calculatedNetInterest": -17346000, "calculatedOtherIncome": 875000, "calculatedIncomeNonControlling": 0, "calculatedEbitda": 160975000}, {"date": "2022-09-30", "symbol": "ROAD", "reportedCurrency": "USD", "cik": "0001718227", "fillingDate": "2022-11-22", "acceptedDate": "2022-11-22 09:49:53", "calendarYear": "2022", "period": "FY", "revenue": 1301674000, "costOfRevenue": 1162372000, "grossProfit": 139302000, "grossProfitRatio": 0.1070175789, "researchAndDevelopmentExpenses": 0, "generalAndAdministrativeExpenses": 107562000, "sellingAndMarketingExpenses": 0, "sellingGeneralAndAdministrativeExpenses": 107562000, "otherExpenses": 600000, "operatingExpenses": 107562000, "costAndExpenses": 1269934000, "interestIncome": 8563000, "interestExpense": 7701000, "depreciationAndAmortization": 62657000, "ebitda": 98070000, "ebitdaratio": 0.0753414449, "operatingIncome": 35413000, "operatingIncomeRatio": 0.0272057366, "totalOtherIncomeExpensesNet": -7101000, "incomeBeforeTax": 28312000, "incomeBeforeTaxRatio": 0.0217504536, "incomeTaxExpense": 6915000, "netIncome": 21376000, "netIncomeRatio": 0.0164219305, "eps": 0.41, "epsdiluted": 0.41, "weightedAverageShsOut": 51773559, "weightedAverageShsOutDil": 51957420, "link": "https://www.sec.gov/Archives/edgar/data/1718227/000171822722000103/0001718227-22-000103-index.htm", "finalLink": "https://www.sec.gov/Archives/edgar/data/1718227/000171822722000103/road-20220930.htm", "calculatedOtherExpenses": -3673000, "calculatedOperatingExpenses": 103889000, "calculatedNetInterest": 862000, "calculatedOtherIncome": -7963000, "calculatedIncomeNonControlling": 21000, "calculatedEbitda": 98070000}, {"date": "2021-09-30", "symbol": "ROAD", "reportedCurrency": "USD", "cik": "0001718227", "fillingDate": "2021-11-29", "acceptedDate": "2021-11-29 10:42:16", "calendarYear": "2021", "period": "FY", "revenue": 910739000, "costOfRevenue": 790803000, "grossProfit": 119936000, "grossProfitRatio": 0.1316908576, "researchAndDevelopmentExpenses": 0, "generalAndAdministrativeExpenses": 91878000, "sellingAndMarketingExpenses": 0, "sellingGeneralAndAdministrativeExpenses": 91878000, "otherExpenses": 819000, "operatingExpenses": 91878000, "costAndExpenses": 882681000, "interestIncome": 2408000, "interestExpense": 2404000, "depreciationAndAmortization": 48582000, "ebitda": 78683000, "ebitdaratio": 0.0863946751, "operatingIncome": 30101000, "operatingIncomeRatio": 0.0330511815, "totalOtherIncomeExpensesNet": -1585000, "incomeBeforeTax": 28516000, "incomeBeforeTaxRatio": 0.0313108366, "incomeTaxExpense": 8349000, "netIncome": 20177000, "netIncomeRatio": 0.022154536, "eps": 0.39, "epsdiluted": 0.39, "weightedAverageShsOut": 51636955, "weightedAverageShsOutDil": 51773213, "link": "https://www.sec.gov/Archives/edgar/data/1718227/000171822721000107/0001718227-21-000107-index.htm", "finalLink": "https://www.sec.gov/Archives/edgar/data/1718227/000171822721000107/road-20210930.htm", "calculatedOtherExpenses": -2043000, "calculatedOperatingExpenses": 89835000, "calculatedNetInterest": 4000, "calculatedOtherIncome": -1589000, "calculatedIncomeNonControlling": -10000, "calculatedEbitda": 78683000}, {"date": "2020-09-30", "symbol": "ROAD", "reportedCurrency": "USD", "cik": "0001718227", "fillingDate": "2020-12-11", "acceptedDate": "2020-12-11 10:06:47", "calendarYear": "2020", "period": "FY", "revenue": 785679000, "costOfRevenue": 663467000, "grossProfit": 122212000, "grossProfitRatio": 0.155549531, "researchAndDevelopmentExpenses": 0, "generalAndAdministrativeExpenses": 68597000, "sellingAndMarketingExpenses": 0, "sellingGeneralAndAdministrativeExpenses": 68597000, "otherExpenses": 336000, "operatingExpenses": 68597000, "costAndExpenses": 732064000, "interestIncome": 1328000, "interestExpense": 3113000, "depreciationAndAmortization": 38021000, "ebitda": 93252000, "ebitdaratio": 0.1186896939, "operatingIncome": 55231000, "operatingIncomeRatio": 0.070297157, "totalOtherIncomeExpensesNet": -2777000, "incomeBeforeTax": 52454000, "incomeBeforeTaxRatio": 0.0667626346, "incomeTaxExpense": 12760000, "netIncome": 40297000, "netIncomeRatio": 0.0512893943, "eps": 0.78, "epsdiluted": 0.78, "weightedAverageShsOut": 51489211, "weightedAverageShsOutDil": 51636934, "link": "https://www.sec.gov/Archives/edgar/data/1718227/000171822720000093/0001718227-20-000093-index.htm", "finalLink": "https://www.sec.gov/Archives/edgar/data/1718227/000171822720000093/road-20200930.htm", "calculatedOtherExpenses": -1616000, "calculatedOperatingExpenses": 66981000, "calculatedNetInterest": -1785000, "calculatedOtherIncome": -992000, "calculatedIncomeNonControlling": -603000, "calculatedEbitda": 93252000}, {"date": "2019-09-30", "symbol": "ROAD", "reportedCurrency": "USD", "cik": "0001718227", "fillingDate": "2019-12-13", "acceptedDate": "2019-12-13 10:44:46", "calendarYear": "2019", "period": "FY", "revenue": 783238000, "costOfRevenue": 665285000, "grossProfit": 117953000, "grossProfitRatio": 0.1505966258, "researchAndDevelopmentExpenses": 0, "generalAndAdministrativeExpenses": 62724000, "sellingAndMarketingExpenses": 0, "sellingGeneralAndAdministrativeExpenses": 62724000, "otherExpenses": 416000, "operatingExpenses": 62724000, "costAndExpenses": 728009000, "interestIncome": 1301000, "interestExpense": 1861000, "depreciationAndAmortization": 29738000, "ebitda": 86876000, "ebitdaratio": 0.110919031, "operatingIncome": 57138000, "operatingIncomeRatio": 0.072951006, "totalOtherIncomeExpensesNet": -1445000, "incomeBeforeTax": 55693000, "incomeBeforeTaxRatio": 0.0711061006, "incomeTaxExpense": 13909000, "netIncome": 43121000, "netIncomeRatio": 0.0550547854, "eps": 0.84, "epsdiluted": 0.84, "weightedAverageShsOut": 51421159, "weightedAverageShsOutDil": 51427220, "link": "https://www.sec.gov/Archives/edgar/data/1718227/000171822719000098/0001718227-19-000098-index.htm", "finalLink": "https://www.sec.gov/Archives/edgar/data/1718227/000171822719000098/road-20190930.htm", "calculatedOtherExpenses": -1909000, "calculatedOperatingExpenses": 60815000, "calculatedNetInterest": -560000, "calculatedOtherIncome": -885000, "calculatedIncomeNonControlling": -1337000, "calculatedEbitda": 86876000}, {"date": "2018-09-30", "symbol": "ROAD", "reportedCurrency": "USD", "cik": "0001718227", "fillingDate": "2018-12-14", "acceptedDate": "2018-12-14 11:36:57", "calendarYear": "2018", "period": "FY", "revenue": 680096000, "costOfRevenue": 580560000, "grossProfit": 99536000, "grossProfitRatio": 0.1463558086, "researchAndDevelopmentExpenses": 0, "generalAndAdministrativeExpenses": 55303000, "sellingAndMarketingExpenses": 0, "sellingGeneralAndAdministrativeExpenses": 55303000, "otherExpenses": -101000, "operatingExpenses": 55303000, "costAndExpenses": 635863000, "interestIncome": 0, "interestExpense": 1270000, "depreciationAndAmortization": 25321000, "ebitda": 44132000, "ebitdaratio": 0.0648908389, "operatingIncome": 61428000, "operatingIncomeRatio": 0.0903225427, "totalOtherIncomeExpensesNet": 17094000, "incomeBeforeTax": 60057000, "incomeBeforeTaxRatio": 0.0883066508, "incomeTaxExpense": 10525000, "netIncome": 50791000, "netIncomeRatio": 0.0746821037, "eps": 1.11, "epsdiluted": 1.11, "weightedAverageShsOut": 45605845, "weightedAverageShsOutDil": 45919648, "link": "https://www.sec.gov/Archives/edgar/data/1718227/000171822718000014/0001718227-18-000014-index.htm", "finalLink": "https://www.sec.gov/Archives/edgar/data/1718227/000171822718000014/road-09302018x10k.htm", "calculatedOtherExpenses": -17195000, "calculatedOperatingExpenses": 38108000, "calculatedNetInterest": -1270000, "calculatedOtherIncome": -101000, "calculatedIncomeNonControlling": -1259000, "calculatedEbitda": 86749000}, {"date": "2017-09-30", "symbol": "ROAD", "reportedCurrency": "USD", "cik": "0001718227", "fillingDate": "2017-09-30", "acceptedDate": "2017-09-29 20:00:00", "calendarYear": "2017", "period": "FY", "revenue": 568212000, "costOfRevenue": 477241000, "grossProfit": 90971000, "grossProfitRatio": 0.1601004555, "researchAndDevelopmentExpenses": 0, "generalAndAdministrativeExpenses": 47867000, "sellingAndMarketingExpenses": 0, "sellingGeneralAndAdministrativeExpenses": 47867000, "otherExpenses": -205000, "operatingExpenses": 47867000, "costAndExpenses": 525108000, "interestIncome": 0, "interestExpense": 3960000, "depreciationAndAmortization": 21072000, "ebitda": 63971000, "ebitdaratio": 0.1125829796, "operatingIncome": 46585000, "operatingIncomeRatio": 0.0819852449, "totalOtherIncomeExpensesNet": 1638000, "incomeBeforeTax": 40782000, "incomeBeforeTaxRatio": 0.0717725074, "incomeTaxExpense": 14742000, "netIncome": 26040000, "netIncomeRatio": 0.0458279656, "eps": 0.51, "epsdiluted": 0.51, "weightedAverageShsOut": 50817537, "weightedAverageShsOutDil": 50817537, "link": "", "finalLink": "", "calculatedOtherExpenses": -3481000, "calculatedOperatingExpenses": 44386000, "calculatedNetInterest": -3960000, "calculatedOtherIncome": -1843000, "calculatedIncomeNonControlling": 0, "calculatedEbitda": 67657000}, {"date": "2016-09-30", "symbol": "ROAD", "reportedCurrency": "USD", "cik": "0001718227", "fillingDate": "2016-09-30", "acceptedDate": "2016-09-29 20:00:00", "calendarYear": "2016", "period": "FY", "revenue": 542347000, "costOfRevenue": 467464000, "grossProfit": 74883000, "grossProfitRatio": 0.1380721199, "researchAndDevelopmentExpenses": 0, "generalAndAdministrativeExpenses": 40428000, "sellingAndMarketingExpenses": 0, "sellingGeneralAndAdministrativeExpenses": 40428000, "otherExpenses": -227000, "operatingExpenses": 40428000, "costAndExpenses": 507892000, "interestIncome": 0, "interestExpense": 4662000, "depreciationAndAmortization": 21530000, "ebitda": 55758000, "ebitdaratio": 0.1028087184, "operatingIncome": 37452000, "operatingIncomeRatio": 0.0690554202, "totalOtherIncomeExpensesNet": 2770000, "incomeBeforeTax": 32563000, "incomeBeforeTaxRatio": 0.0600408963, "incomeTaxExpense": 10541000, "netIncome": 22022000, "netIncomeRatio": 0.0406050001, "eps": 0.43, "epsdiluted": 0.43, "weightedAverageShsOut": 50817537, "weightedAverageShsOutDil": 50817537, "link": "", "finalLink": "", "calculatedOtherExpenses": -2997000, "calculatedOperatingExpenses": 37431000, "calculatedNetInterest": -4662000, "calculatedOtherIncome": -227000, "calculatedIncomeNonControlling": 0, "calculatedEbitda": 58982000}]}