{"originalCurrency": "USD", "convertedCurrency": "USD", "report": [{"date": "2023-12-31", "symbol": "ROCK", "reportedCurrency": "USD", "cik": "0000912562", "fillingDate": "2024-02-21", "acceptedDate": "2024-02-21 08:55:45", "calendarYear": "2023", "period": "FY", "revenue": 1377736000, "costOfRevenue": 1015770000, "grossProfit": 361966000, "grossProfitRatio": 0.2627252246, "researchAndDevelopmentExpenses": 0, "generalAndAdministrativeExpenses": 0, "sellingAndMarketingExpenses": 0, "sellingGeneralAndAdministrativeExpenses": 207440000, "otherExpenses": 1265000, "operatingExpenses": 207440000, "costAndExpenses": 1223210000, "interestIncome": 0, "interestExpense": 3002000, "depreciationAndAmortization": 27378000, "ebitda": 183169000, "ebitdaratio": 0.1329492733, "operatingIncome": 150729000, "operatingIncomeRatio": 0.109403398, "totalOtherIncomeExpensesNet": -2532000, "incomeBeforeTax": 148992000, "incomeBeforeTaxRatio": 0.108142634, "incomeTaxExpense": 38459000, "netIncome": 110533000, "netIncomeRatio": 0.0802279972, "eps": 3.61, "epsdiluted": 3.59, "weightedAverageShsOut": 30626000, "weightedAverageShsOutDil": 30785000, "link": "https://www.sec.gov/Archives/edgar/data/912562/000091256224000012/0000912562-24-000012-index.htm", "finalLink": "https://www.sec.gov/Archives/edgar/data/912562/000091256224000012/rock-20231231.htm", "calculatedOtherExpenses": 3797000, "calculatedOperatingExpenses": 211237000, "calculatedNetInterest": -3002000, "calculatedOtherIncome": 1265000, "calculatedIncomeNonControlling": 0, "calculatedEbitda": 178107000}, {"date": "2022-12-31", "symbol": "ROCK", "reportedCurrency": "USD", "cik": "0000912562", "fillingDate": "2023-02-22", "acceptedDate": "2023-02-22 16:04:33", "calendarYear": "2022", "period": "FY", "revenue": 1389966000, "costOfRevenue": 1071272000, "grossProfit": 318694000, "grossProfitRatio": 0.2292818673, "researchAndDevelopmentExpenses": 0, "generalAndAdministrativeExpenses": 0, "sellingAndMarketingExpenses": 0, "sellingGeneralAndAdministrativeExpenses": 188592000, "otherExpenses": -14565000, "operatingExpenses": 188592000, "costAndExpenses": 1259864000, "interestIncome": 4046999, "interestExpense": 4047000, "depreciationAndAmortization": 11602000, "ebitda": 141704000, "ebitdaratio": 0.1019478174, "operatingIncome": 130102000, "operatingIncomeRatio": 0.0936008507, "totalOtherIncomeExpensesNet": -18612000, "incomeBeforeTax": 111490000, "incomeBeforeTaxRatio": 0.0802105951, "incomeTaxExpense": 29084000, "netIncome": 82406000, "netIncomeRatio": 0.0592863423, "eps": 2.57, "epsdiluted": 2.56, "weightedAverageShsOut": 32095999, "weightedAverageShsOutDil": 32192000, "link": "https://www.sec.gov/Archives/edgar/data/912562/000091256223000009/0000912562-23-000009-index.htm", "finalLink": "https://www.sec.gov/Archives/edgar/data/912562/000091256223000009/rock-20221231.htm", "calculatedOtherExpenses": 0, "calculatedOperatingExpenses": 188592000, "calculatedNetInterest": -1, "calculatedOtherIncome": -18611999, "calculatedIncomeNonControlling": 0, "calculatedEbitda": 141704000}, {"date": "2021-12-31", "symbol": "ROCK", "reportedCurrency": "USD", "cik": "0000912562", "fillingDate": "2022-02-23", "acceptedDate": "2022-02-23 17:00:47", "calendarYear": "2021", "period": "FY", "revenue": 1339783000, "costOfRevenue": 1049772000, "grossProfit": 290011000, "grossProfitRatio": 0.2164611732, "researchAndDevelopmentExpenses": 0, "generalAndAdministrativeExpenses": 0, "sellingAndMarketingExpenses": 0, "sellingGeneralAndAdministrativeExpenses": 184723000, "otherExpenses": 4213000, "operatingExpenses": 184723000, "costAndExpenses": 1234495000, "interestIncome": 1639000, "interestExpense": 1639000, "depreciationAndAmortization": 44479000, "ebitda": 141467000, "ebitdaratio": 0.1055894873, "operatingIncome": 96988000, "operatingIncomeRatio": 0.0723908275, "totalOtherIncomeExpensesNet": 2574000, "incomeBeforeTax": 99562000, "incomeBeforeTaxRatio": 0.0743120341, "incomeTaxExpense": 25046000, "netIncome": 75629000, "netIncomeRatio": 0.0564486936, "eps": 2.3, "epsdiluted": 2.29, "weightedAverageShsOut": 32872999, "weightedAverageShsOutDil": 33054000, "link": "https://www.sec.gov/Archives/edgar/data/912562/000091256222000009/0000912562-22-000009-index.htm", "finalLink": "https://www.sec.gov/Archives/edgar/data/912562/000091256222000009/rock-20211231.htm", "calculatedOtherExpenses": 8300000, "calculatedOperatingExpenses": 193023000, "calculatedNetInterest": 0, "calculatedOtherIncome": 2574000, "calculatedIncomeNonControlling": -1113000, "calculatedEbitda": 141467000}, {"date": "2020-12-31", "symbol": "ROCK", "reportedCurrency": "USD", "cik": "0000912562", "fillingDate": "2021-02-25", "acceptedDate": "2021-02-25 17:05:46", "calendarYear": "2020", "period": "FY", "revenue": 1032578000, "costOfRevenue": 776235000, "grossProfit": 256343000, "grossProfitRatio": 0.2482553376, "researchAndDevelopmentExpenses": 0, "generalAndAdministrativeExpenses": 0, "sellingAndMarketingExpenses": 0, "sellingGeneralAndAdministrativeExpenses": 149153000, "otherExpenses": 1272000, "operatingExpenses": 149153000, "costAndExpenses": 925388000, "interestIncome": 703000, "interestExpense": 703000, "depreciationAndAmortization": 22187000, "ebitda": 129377000, "ebitdaratio": 0.1252951351, "operatingIncome": 107190000, "operatingIncomeRatio": 0.1038081385, "totalOtherIncomeExpensesNet": 569000, "incomeBeforeTax": 107759000, "incomeBeforeTaxRatio": 0.1043591864, "incomeTaxExpense": 24468000, "netIncome": 64566000, "netIncomeRatio": 0.0625289324, "eps": 1.98, "epsdiluted": 1.96, "weightedAverageShsOut": 32664000, "weightedAverageShsOutDil": 32918000, "link": "https://www.sec.gov/Archives/edgar/data/912562/000091256221000007/0000912562-21-000007-index.htm", "finalLink": "https://www.sec.gov/Archives/edgar/data/912562/000091256221000007/rock-20201231.htm", "calculatedOtherExpenses": 0, "calculatedOperatingExpenses": 149153000, "calculatedNetInterest": 0, "calculatedOtherIncome": 569000, "calculatedIncomeNonControlling": 18725000, "calculatedEbitda": 129377000}, {"date": "2019-12-31", "symbol": "ROCK", "reportedCurrency": "USD", "cik": "0000912562", "fillingDate": "2020-02-28", "acceptedDate": "2020-02-28 14:08:42", "calendarYear": "2019", "period": "FY", "revenue": 1047439000, "costOfRevenue": 802548000, "grossProfit": 244891000, "grossProfitRatio": 0.2337997726, "researchAndDevelopmentExpenses": 0, "generalAndAdministrativeExpenses": 0, "sellingAndMarketingExpenses": 0, "sellingGeneralAndAdministrativeExpenses": 157052000, "otherExpenses": -871000, "operatingExpenses": 157052000, "costAndExpenses": 959600000, "interestIncome": 2323000, "interestExpense": 2205000, "depreciationAndAmortization": 19949000, "ebitda": 107788000, "ebitdaratio": 0.1029062313, "operatingIncome": 87839000, "operatingIncomeRatio": 0.0838607308, "totalOtherIncomeExpensesNet": -3076000, "incomeBeforeTax": 84763000, "incomeBeforeTaxRatio": 0.0809240443, "incomeTaxExpense": 19672000, "netIncome": 65091000, "netIncomeRatio": 0.0621429983, "eps": 2.01, "epsdiluted": 1.99, "weightedAverageShsOut": 32389000, "weightedAverageShsOutDil": 32722000, "link": "https://www.sec.gov/Archives/edgar/data/912562/000091256220000007/0000912562-20-000007-index.htm", "finalLink": "https://www.sec.gov/Archives/edgar/data/912562/000091256220000007/rock-20191231x10k.htm", "calculatedOtherExpenses": 0, "calculatedOperatingExpenses": 157052000, "calculatedNetInterest": 118000, "calculatedOtherIncome": -3194000, "calculatedIncomeNonControlling": 0, "calculatedEbitda": 107788000}, {"date": "2018-12-31", "symbol": "ROCK", "reportedCurrency": "USD", "cik": "0000912562", "fillingDate": "2019-02-27", "acceptedDate": "2019-02-26 18:04:39", "calendarYear": "2018", "period": "FY", "revenue": 1002372000, "costOfRevenue": 760012000, "grossProfit": 242360000, "grossProfitRatio": 0.2417864825, "researchAndDevelopmentExpenses": 0, "generalAndAdministrativeExpenses": 0, "sellingAndMarketingExpenses": 0, "sellingGeneralAndAdministrativeExpenses": 146840000, "otherExpenses": -1959000, "operatingExpenses": 146840000, "costAndExpenses": 906852000, "interestIncome": 0, "interestExpense": 12064000, "depreciationAndAmortization": 19967000, "ebitda": 113935000, "ebitdaratio": 0.1136653857, "operatingIncome": 93968000, "operatingIncomeRatio": 0.0937456354, "totalOtherIncomeExpensesNet": -14023000, "incomeBeforeTax": 79945000, "incomeBeforeTaxRatio": 0.0797558192, "incomeTaxExpense": 16136000, "netIncome": 63809000, "netIncomeRatio": 0.0636580032, "eps": 2, "epsdiluted": 1.96, "weightedAverageShsOut": 31979000, "weightedAverageShsOutDil": 32534000, "link": "https://www.sec.gov/Archives/edgar/data/912562/000091256219000009/0000912562-19-000009-index.htm", "finalLink": "https://www.sec.gov/Archives/edgar/data/912562/000091256219000009/rock-20181231x10k.htm", "calculatedOtherExpenses": 1552000, "calculatedOperatingExpenses": 148392000, "calculatedNetInterest": -12064000, "calculatedOtherIncome": -1959000, "calculatedIncomeNonControlling": 0, "calculatedEbitda": 113935000}, {"date": "2017-12-31", "symbol": "ROCK", "reportedCurrency": "USD", "cik": "0000912562", "fillingDate": "2018-02-27", "acceptedDate": "2018-02-27 16:09:52", "calendarYear": "2017", "period": "FY", "revenue": 986918000, "costOfRevenue": 750374000, "grossProfit": 236544000, "grossProfitRatio": 0.239679487, "researchAndDevelopmentExpenses": 0, "generalAndAdministrativeExpenses": 143448000, "sellingAndMarketingExpenses": 0, "sellingGeneralAndAdministrativeExpenses": 143448000, "otherExpenses": -909000, "operatingExpenses": 143448000, "costAndExpenses": 893822000, "interestIncome": 0, "interestExpense": 14032000, "depreciationAndAmortization": 21690000, "ebitda": 113877000, "ebitdaratio": 0.115386486, "operatingIncome": 92849000, "operatingIncomeRatio": 0.0940797513, "totalOtherIncomeExpensesNet": -1156000, "incomeBeforeTax": 77908000, "incomeBeforeTaxRatio": 0.0789407023, "incomeTaxExpense": 14943000, "netIncome": 62560000, "netIncomeRatio": 0.0633892583, "eps": 1.97, "epsdiluted": 1.94, "weightedAverageShsOut": 31701000, "weightedAverageShsOutDil": 32250000, "link": "https://www.sec.gov/Archives/edgar/data/912562/000091256218000006/0000912562-18-000006-index.htm", "finalLink": "https://www.sec.gov/Archives/edgar/data/912562/000091256218000006/rock-20171231x10k.htm", "calculatedOtherExpenses": 247000, "calculatedOperatingExpenses": 143695000, "calculatedNetInterest": -14032000, "calculatedOtherIncome": -909000, "calculatedIncomeNonControlling": 405000, "calculatedEbitda": 114539000}, {"date": "2016-12-31", "symbol": "ROCK", "reportedCurrency": "USD", "cik": "0000912562", "fillingDate": "2017-02-21", "acceptedDate": "2017-02-21 14:55:15", "calendarYear": "2016", "period": "FY", "revenue": 1007981000, "costOfRevenue": 763219000, "grossProfit": 244762000, "grossProfitRatio": 0.2428240215, "researchAndDevelopmentExpenses": 2200000, "generalAndAdministrativeExpenses": 161623000, "sellingAndMarketingExpenses": 0, "sellingGeneralAndAdministrativeExpenses": 161623000, "otherExpenses": -8404000, "operatingExpenses": 161623000, "costAndExpenses": 924842000, "interestIncome": 0, "interestExpense": 14577000, "depreciationAndAmortization": 24114000, "ebitda": 98849000, "ebitdaratio": 0.0980663326, "operatingIncome": 72964000, "operatingIncomeRatio": 0.0723862851, "totalOtherIncomeExpensesNet": -18579000, "incomeBeforeTax": 49983000, "incomeBeforeTaxRatio": 0.0495872442, "incomeTaxExpense": 16264000, "netIncome": 33675000, "netIncomeRatio": 0.0334083678, "eps": 1.07, "epsdiluted": 1.05, "weightedAverageShsOut": 31536000, "weightedAverageShsOutDil": 32069000, "link": "https://www.sec.gov/Archives/edgar/data/912562/000091256217000008/0000912562-17-000008-index.htm", "finalLink": "https://www.sec.gov/Archives/edgar/data/912562/000091256217000008/rock-20161231x10k.htm", "calculatedOtherExpenses": 7975000, "calculatedOperatingExpenses": 171798000, "calculatedNetInterest": -14577000, "calculatedOtherIncome": -8404000, "calculatedIncomeNonControlling": 44000, "calculatedEbitda": 97078000}, {"date": "2015-12-31", "symbol": "ROCK", "reportedCurrency": "USD", "cik": "0000912562", "fillingDate": "2016-02-18", "acceptedDate": "2016-02-18 14:49:29", "calendarYear": "2015", "period": "FY", "revenue": 1040873000, "costOfRevenue": 853897000, "grossProfit": 186976000, "grossProfitRatio": 0.1796338266, "researchAndDevelopmentExpenses": 900000, "generalAndAdministrativeExpenses": 134028000, "sellingAndMarketingExpenses": 0, "sellingGeneralAndAdministrativeExpenses": 134028000, "otherExpenses": 4018000, "operatingExpenses": 134028000, "costAndExpenses": 987925000, "interestIncome": 0, "interestExpense": 15003000, "depreciationAndAmortization": 30548000, "ebitda": 87514000, "ebitdaratio": 0.0840775003, "operatingIncome": 48085000, "operatingIncomeRatio": 0.0461967983, "totalOtherIncomeExpensesNet": -845000, "incomeBeforeTax": 37100000, "incomeBeforeTaxRatio": 0.0356431572, "incomeTaxExpense": 13624000, "netIncome": 23448000, "netIncomeRatio": 0.022527244, "eps": 0.75, "epsdiluted": 0.74, "weightedAverageShsOut": 31233000, "weightedAverageShsOutDil": 31545000, "link": "https://www.sec.gov/Archives/edgar/data/912562/000091256216000073/0000912562-16-000073-index.htm", "finalLink": "https://www.sec.gov/Archives/edgar/data/912562/000091256216000073/rock-20151231x10k.htm", "calculatedOtherExpenses": 3963000, "calculatedOperatingExpenses": 138891000, "calculatedNetInterest": -15003000, "calculatedOtherIncome": 4018000, "calculatedIncomeNonControlling": 28000, "calculatedEbitda": 78633000}, {"date": "2014-12-31", "symbol": "ROCK", "reportedCurrency": "USD", "cik": "0000912562", "fillingDate": "2015-02-24", "acceptedDate": "2015-02-24 15:54:24", "calendarYear": "2014", "period": "FY", "revenue": 862087000, "costOfRevenue": 722042000, "grossProfit": 140045000, "grossProfitRatio": 0.1624488016, "researchAndDevelopmentExpenses": 60000, "generalAndAdministrativeExpenses": 102492000, "sellingAndMarketingExpenses": 0, "sellingGeneralAndAdministrativeExpenses": 102492000, "otherExpenses": 88000, "operatingExpenses": 102492000, "costAndExpenses": 824534000, "interestIncome": 0, "interestExpense": 14421000, "depreciationAndAmortization": 25432000, "ebitda": 63073000, "ebitdaratio": 0.0731631494, "operatingIncome": -70417000, "operatingIncomeRatio": -0.0816820112, "totalOtherIncomeExpensesNet": -107882000, "incomeBeforeTax": -84750000, "incomeBeforeTaxRatio": -0.0983079434, "incomeTaxExpense": -2958000, "netIncome": -81824000, "netIncomeRatio": -0.0949138544, "eps": -2.63, "epsdiluted": -2.63, "weightedAverageShsOut": 31066000, "weightedAverageShsOutDil": 31066000, "link": "https://www.sec.gov/Archives/edgar/data/912562/000091256215000009/0000912562-15-000009-index.htm", "finalLink": "https://www.sec.gov/Archives/edgar/data/912562/000091256215000009/rock-20141231x10k.htm", "calculatedOtherExpenses": 107910000, "calculatedOperatingExpenses": 210462000, "calculatedNetInterest": -14421000, "calculatedOtherIncome": 88000, "calculatedIncomeNonControlling": 32000, "calculatedEbitda": -44985000}, {"date": "2013-12-31", "symbol": "ROCK", "reportedCurrency": "USD", "cik": "0000912562", "fillingDate": "2014-02-20", "acceptedDate": "2014-02-20 17:12:12", "calendarYear": "2013", "period": "FY", "revenue": 827567000, "costOfRevenue": 669470000, "grossProfit": 158097000, "grossProfitRatio": 0.1910383087, "researchAndDevelopmentExpenses": 0, "generalAndAdministrativeExpenses": 113457000, "sellingAndMarketingExpenses": 0, "sellingGeneralAndAdministrativeExpenses": 113457000, "otherExpenses": 177000, "operatingExpenses": 113457000, "costAndExpenses": 782927000, "interestIncome": 0, "interestExpense": 22489000, "depreciationAndAmortization": 27050000, "ebitda": 71867000, "ebitdaratio": 0.0868413071, "operatingIncome": 21480000, "operatingIncomeRatio": 0.0259556024, "totalOtherIncomeExpensesNet": -22983000, "incomeBeforeTax": -832000, "incomeBeforeTaxRatio": -0.0010053567, "incomeTaxExpense": 4797000, "netIncome": -5633000, "netIncomeRatio": -0.0068066996, "eps": -0.18, "epsdiluted": -0.18, "weightedAverageShsOut": 30930000, "weightedAverageShsOutDil": 30930000, "link": "https://www.sec.gov/Archives/edgar/data/912562/000119312514060904/0001193125-14-060904-index.htm", "finalLink": "https://www.sec.gov/Archives/edgar/data/912562/000119312514060904/d645434d10k.htm", "calculatedOtherExpenses": 23160000, "calculatedOperatingExpenses": 136617000, "calculatedNetInterest": -22489000, "calculatedOtherIncome": 177000, "calculatedIncomeNonControlling": 4000, "calculatedEbitda": 48530000}, {"date": "2012-12-31", "symbol": "ROCK", "reportedCurrency": "USD", "cik": "0000912562", "fillingDate": "2013-02-22", "acceptedDate": "2013-02-22 17:27:50", "calendarYear": "2012", "period": "FY", "revenue": 790058000, "costOfRevenue": 640498000, "grossProfit": 149560000, "grossProfitRatio": 0.1893025575, "researchAndDevelopmentExpenses": 0, "generalAndAdministrativeExpenses": 104671000, "sellingAndMarketingExpenses": 0, "sellingGeneralAndAdministrativeExpenses": 104671000, "otherExpenses": 488000, "operatingExpenses": 104671000, "costAndExpenses": 745169000, "interestIncome": 0, "interestExpense": 18582000, "depreciationAndAmortization": 26344000, "ebitda": 71721000, "ebitdaratio": 0.0907794111, "operatingIncome": 40261000, "operatingIncomeRatio": 0.0509595498, "totalOtherIncomeExpensesNet": -4140000, "incomeBeforeTax": 22167000, "incomeBeforeTaxRatio": 0.0280574338, "incomeTaxExpense": 9517000, "netIncome": 12645000, "netIncomeRatio": 0.0160051541, "eps": 0.41, "epsdiluted": 0.41, "weightedAverageShsOut": 30752000, "weightedAverageShsOutDil": 30857000, "link": "https://www.sec.gov/Archives/edgar/data/912562/000119312513071754/0001193125-13-071754-index.htm", "finalLink": "https://www.sec.gov/Archives/edgar/data/912562/000119312513071754/d489527d10k.htm", "calculatedOtherExpenses": 4628000, "calculatedOperatingExpenses": 109299000, "calculatedNetInterest": -18582000, "calculatedOtherIncome": 488000, "calculatedIncomeNonControlling": 5000, "calculatedEbitda": 66605000}, {"date": "2011-12-31", "symbol": "ROCK", "reportedCurrency": "USD", "cik": "0000912562", "fillingDate": "2012-02-24", "acceptedDate": "2012-02-24 16:10:16", "calendarYear": "2011", "period": "FY", "revenue": 766607000, "costOfRevenue": 621492000, "grossProfit": 145115000, "grossProfitRatio": 0.1892951669, "researchAndDevelopmentExpenses": 0, "generalAndAdministrativeExpenses": 108957000, "sellingAndMarketingExpenses": 0, "sellingGeneralAndAdministrativeExpenses": 108957000, "otherExpenses": 0, "operatingExpenses": 108957000, "costAndExpenses": 730449000, "interestIncome": 0, "interestExpense": 19363000, "depreciationAndAmortization": 26181000, "ebitda": 62339000, "ebitdaratio": 0.0813180678, "operatingIncome": 36158000, "operatingIncomeRatio": 0.0471662795, "totalOtherIncomeExpensesNet": 90000, "incomeBeforeTax": 16885000, "incomeBeforeTaxRatio": 0.0220256272, "incomeTaxExpense": 7669000, "netIncome": 16523000, "netIncomeRatio": 0.0215534165, "eps": 0.54, "epsdiluted": 0.54, "weightedAverageShsOut": 30507000, "weightedAverageShsOutDil": 30650000, "link": "https://www.sec.gov/Archives/edgar/data/912562/000119312512078110/0001193125-12-078110-index.htm", "finalLink": "https://www.sec.gov/Archives/edgar/data/912562/000119312512078110/d305234d10k.htm", "calculatedOtherExpenses": 0, "calculatedOperatingExpenses": 108957000, "calculatedNetInterest": -19363000, "calculatedOtherIncome": 90000, "calculatedIncomeNonControlling": -7307000, "calculatedEbitda": 62339000}, {"date": "2010-12-31", "symbol": "ROCK", "reportedCurrency": "USD", "cik": "0000912562", "fillingDate": "2011-02-25", "acceptedDate": "2011-02-25 14:03:38", "calendarYear": "2010", "period": "FY", "revenue": 685068000, "costOfRevenue": 566673000, "grossProfit": 118395000, "grossProfitRatio": 0.17282226, "researchAndDevelopmentExpenses": 0, "generalAndAdministrativeExpenses": 109537000, "sellingAndMarketingExpenses": 0, "sellingGeneralAndAdministrativeExpenses": 109537000, "otherExpenses": 0, "operatingExpenses": 109537000, "costAndExpenses": 676210000, "interestIncome": 0, "interestExpense": 21160000, "depreciationAndAmortization": 26395000, "ebitda": 35334000, "ebitdaratio": 0.0515773617, "operatingIncome": -68106000, "operatingIncomeRatio": -0.0994149486, "totalOtherIncomeExpensesNet": -76883000, "incomeBeforeTax": -89185000, "incomeBeforeTaxRatio": -0.1301841569, "incomeTaxExpense": -15789000, "netIncome": -91068000, "netIncomeRatio": -0.1329327892, "eps": -3.01, "epsdiluted": -3.01, "weightedAverageShsOut": 30303000, "weightedAverageShsOutDil": 30303000, "link": "https://www.sec.gov/Archives/edgar/data/912562/000095012311018507/0000950123-11-018507-index.htm", "finalLink": "https://www.sec.gov/Archives/edgar/data/912562/000095012311018507/l41771e10vk.htm", "calculatedOtherExpenses": 76964000, "calculatedOperatingExpenses": 186501000, "calculatedNetInterest": -21160000, "calculatedOtherIncome": 81000, "calculatedIncomeNonControlling": 17672000, "calculatedEbitda": -41711000}, {"date": "2009-12-31", "symbol": "ROCK", "reportedCurrency": "USD", "cik": "0000912562", "fillingDate": "2010-02-25", "acceptedDate": "2010-02-25 15:04:22", "calendarYear": "2009", "period": "FY", "revenue": 834218000, "costOfRevenue": 709239000, "grossProfit": 124979000, "grossProfitRatio": 0.1498157556, "researchAndDevelopmentExpenses": 0, "generalAndAdministrativeExpenses": 116915000, "sellingAndMarketingExpenses": 0, "sellingGeneralAndAdministrativeExpenses": 116915000, "otherExpenses": 0, "operatingExpenses": 116915000, "costAndExpenses": 826154000, "interestIncome": 0, "interestExpense": 25915000, "depreciationAndAmortization": 32413000, "ebitda": 40793000, "ebitdaratio": 0.0488996881, "operatingIncome": -52034000, "operatingIncomeRatio": -0.0623745831, "totalOtherIncomeExpensesNet": -59782000, "incomeBeforeTax": -77633000, "incomeBeforeTaxRatio": -0.0930608066, "incomeTaxExpense": -25761000, "netIncome": -52025000, "netIncomeRatio": -0.0623637946, "eps": -1.73, "epsdiluted": -1.73, "weightedAverageShsOut": 30135000, "weightedAverageShsOutDil": 30135000, "link": "https://www.sec.gov/Archives/edgar/data/912562/000095012310016979/0000950123-10-016979-index.htm", "finalLink": "https://www.sec.gov/Archives/edgar/data/912562/000095012310016979/l38714e10vk.htm", "calculatedOtherExpenses": 60098000, "calculatedOperatingExpenses": 177013000, "calculatedNetInterest": -25915000, "calculatedOtherIncome": 316000, "calculatedIncomeNonControlling": 153000, "calculatedEbitda": -19621000}, {"date": "2008-12-31", "symbol": "ROCK", "reportedCurrency": "USD", "cik": "0000912562", "fillingDate": "2009-02-26", "acceptedDate": "2009-02-26 15:08:31", "calendarYear": "2008", "period": "FY", "revenue": 1232299000, "costOfRevenue": 996193000, "grossProfit": 236106000, "grossProfitRatio": 0.1915979807, "researchAndDevelopmentExpenses": 0, "generalAndAdministrativeExpenses": 154637000, "sellingAndMarketingExpenses": 0, "sellingGeneralAndAdministrativeExpenses": 154637000, "otherExpenses": 0, "operatingExpenses": 154637000, "costAndExpenses": 1150830000, "interestIncome": 0, "interestExpense": 29235000, "depreciationAndAmortization": 33907000, "ebitda": 115376000, "ebitdaratio": 0.093626628, "operatingIncome": 81469000, "operatingIncomeRatio": 0.0661113902, "totalOtherIncomeExpensesNet": 724000, "incomeBeforeTax": 52958000, "incomeBeforeTaxRatio": 0.0429749598, "incomeTaxExpense": 19553000, "netIncome": 24068000, "netIncomeRatio": 0.0195309742, "eps": 0.8, "epsdiluted": 0.8, "weightedAverageShsOut": 29981000, "weightedAverageShsOutDil": 30193000, "link": "https://www.sec.gov/Archives/edgar/data/912562/000095015209001842/0000950152-09-001842-index.htm", "finalLink": "https://www.sec.gov/Archives/edgar/data/912562/000095015209001842/l35445ae10vk.htm", "calculatedOtherExpenses": 0, "calculatedOperatingExpenses": 154637000, "calculatedNetInterest": -29235000, "calculatedOtherIncome": 724000, "calculatedIncomeNonControlling": 9337000, "calculatedEbitda": 115376000}, {"date": "2007-12-31", "symbol": "ROCK", "reportedCurrency": "USD", "cik": "0000912562", "fillingDate": "2008-02-27", "acceptedDate": "2008-02-27 12:05:50", "calendarYear": "2007", "period": "FY", "revenue": 1311818000, "costOfRevenue": 1082423000, "grossProfit": 229395000, "grossProfitRatio": 0.1748680076, "researchAndDevelopmentExpenses": 0, "generalAndAdministrativeExpenses": 148107000, "sellingAndMarketingExpenses": 0, "sellingGeneralAndAdministrativeExpenses": 148107000, "otherExpenses": 0, "operatingExpenses": 148107000, "costAndExpenses": 1230530000, "interestIncome": 0, "interestExpense": 31887000, "depreciationAndAmortization": 33057000, "ebitda": 114345000, "ebitdaratio": 0.0871652927, "operatingIncome": 81288000, "operatingIncomeRatio": 0.061965913, "totalOtherIncomeExpensesNet": 1215000, "incomeBeforeTax": 50616000, "incomeBeforeTaxRatio": 0.0385846207, "incomeTaxExpense": 19512000, "netIncome": 13224000, "netIncomeRatio": 0.0100806667, "eps": 0.44, "epsdiluted": 0.44, "weightedAverageShsOut": 29879000, "weightedAverageShsOutDil": 30111000, "link": "https://www.sec.gov/Archives/edgar/data/912562/000095015208001451/0000950152-08-001451-index.htm", "finalLink": "https://www.sec.gov/Archives/edgar/data/912562/000095015208001451/l29855ae10vk.htm", "calculatedOtherExpenses": 0, "calculatedOperatingExpenses": 148107000, "calculatedNetInterest": -31887000, "calculatedOtherIncome": 1215000, "calculatedIncomeNonControlling": 17880000, "calculatedEbitda": 114345000}, {"date": "2006-12-31", "symbol": "ROCK", "reportedCurrency": "USD", "cik": "0000912562", "fillingDate": "2007-03-01", "acceptedDate": "2007-03-01 17:14:26", "calendarYear": "2006", "period": "FY", "revenue": 1303355000, "costOfRevenue": 1041459000, "grossProfit": 261896000, "grossProfitRatio": 0.2009398821, "researchAndDevelopmentExpenses": 0, "generalAndAdministrativeExpenses": 141592000, "sellingAndMarketingExpenses": 0, "sellingGeneralAndAdministrativeExpenses": 141592000, "otherExpenses": 0, "operatingExpenses": 141592000, "costAndExpenses": 1183051000, "interestIncome": 0, "interestExpense": 27324000, "depreciationAndAmortization": 27499000, "ebitda": 147803000, "ebitdaratio": 0.1134019511, "operatingIncome": 120304000, "operatingIncomeRatio": 0.0923033249, "totalOtherIncomeExpensesNet": -13045000, "incomeBeforeTax": 79935000, "incomeBeforeTaxRatio": 0.0613301825, "incomeTaxExpense": 30081000, "netIncome": 57269000, "netIncomeRatio": 0.0439396788, "eps": 1.93, "epsdiluted": 1.91, "weightedAverageShsOut": 29712000, "weightedAverageShsOutDil": 30006000, "link": "https://www.sec.gov/Archives/edgar/data/912562/000095015207001687/0000950152-07-001687-index.htm", "finalLink": "https://www.sec.gov/Archives/edgar/data/912562/000095015207001687/l24992ae10vk.htm", "calculatedOtherExpenses": 0, "calculatedOperatingExpenses": 141592000, "calculatedNetInterest": -27324000, "calculatedOtherIncome": -13045000, "calculatedIncomeNonControlling": -7415000, "calculatedEbitda": 147803000}, {"date": "2005-12-31", "symbol": "ROCK", "reportedCurrency": "USD", "cik": "0000912562", "fillingDate": "2006-03-16", "acceptedDate": "2006-03-16 15:58:54", "calendarYear": "2005", "period": "FY", "revenue": 1178236000, "costOfRevenue": 959755000, "grossProfit": 218481000, "grossProfitRatio": 0.1854305929, "researchAndDevelopmentExpenses": 0, "generalAndAdministrativeExpenses": 120779000, "sellingAndMarketingExpenses": 0, "sellingGeneralAndAdministrativeExpenses": 120779000, "otherExpenses": 0, "operatingExpenses": 120779000, "costAndExpenses": 1080534000, "interestIncome": 0, "interestExpense": 25442000, "depreciationAndAmortization": 28607000, "ebitda": 126309000, "ebitdaratio": 0.107201783, "operatingIncome": 97702000, "operatingIncomeRatio": 0.0829222668, "totalOtherIncomeExpensesNet": 266000, "incomeBeforeTax": 72526000, "incomeBeforeTaxRatio": 0.061554731, "incomeTaxExpense": 27845000, "netIncome": 43472000, "netIncomeRatio": 0.0368958341, "eps": 1.47, "epsdiluted": 1.46, "weightedAverageShsOut": 29608000, "weightedAverageShsOutDil": 29810000, "link": "https://www.sec.gov/Archives/edgar/data/912562/000119439606000106/0001194396-06-000106-index.htm", "finalLink": "https://www.sec.gov/Archives/edgar/data/912562/000119439606000106/gibraltar10k_17774.htm", "calculatedOtherExpenses": 0, "calculatedOperatingExpenses": 120779000, "calculatedNetInterest": -25442000, "calculatedOtherIncome": 266000, "calculatedIncomeNonControlling": 1209000, "calculatedEbitda": 126309000}, {"date": "2004-12-31", "symbol": "ROCK", "reportedCurrency": "USD", "cik": "0000912562", "fillingDate": "2005-03-11", "acceptedDate": "2005-03-11 16:08:52", "calendarYear": "2004", "period": "FY", "revenue": 1014664000, "costOfRevenue": 804930000, "grossProfit": 209734000, "grossProfitRatio": 0.2067029085, "researchAndDevelopmentExpenses": 0, "generalAndAdministrativeExpenses": 117088000, "sellingAndMarketingExpenses": 0, "sellingGeneralAndAdministrativeExpenses": 117088000, "otherExpenses": 0, "operatingExpenses": 117088000, "costAndExpenses": 922018000, "interestIncome": 0, "interestExpense": 14243000, "depreciationAndAmortization": 25029000, "ebitda": 117675000, "ebitdaratio": 0.1159743521, "operatingIncome": 92646000, "operatingIncomeRatio": 0.0913070731, "totalOtherIncomeExpensesNet": 4846000, "incomeBeforeTax": 83249000, "incomeBeforeTaxRatio": 0.0820458792, "incomeTaxExpense": 32467000, "netIncome": 50782000, "netIncomeRatio": 0.0500480947, "eps": 1.73, "epsdiluted": 1.72, "weightedAverageShsOut": 29362000, "weightedAverageShsOutDil": 29596000, "link": "https://www.sec.gov/Archives/edgar/data/912562/000121987005000024/0001219870-05-000024-index.htm", "finalLink": "https://www.sec.gov/Archives/edgar/data/912562/000121987005000024/ten-kdec2004.htm", "calculatedOtherExpenses": 0, "calculatedOperatingExpenses": 117088000, "calculatedNetInterest": -14243000, "calculatedOtherIncome": 4846000, "calculatedIncomeNonControlling": 0, "calculatedEbitda": 117675000}, {"date": "2003-12-31", "symbol": "ROCK", "reportedCurrency": "USD", "cik": "0000912562", "fillingDate": "2004-02-25", "acceptedDate": "2004-02-25 12:16:05", "calendarYear": "2003", "period": "FY", "revenue": 758261000, "costOfRevenue": 610147000, "grossProfit": 148114000, "grossProfitRatio": 0.1953337967, "researchAndDevelopmentExpenses": 0, "generalAndAdministrativeExpenses": 89312000, "sellingAndMarketingExpenses": 0, "sellingGeneralAndAdministrativeExpenses": 89312000, "otherExpenses": 0, "operatingExpenses": 89312000, "costAndExpenses": 699459000, "interestIncome": 0, "interestExpense": 14252000, "depreciationAndAmortization": 22448000, "ebitda": 81250000, "ebitdaratio": 0.1071530779, "operatingIncome": 58802000, "operatingIncomeRatio": 0.0775484958, "totalOtherIncomeExpensesNet": -14252000, "incomeBeforeTax": 44550000, "incomeBeforeTaxRatio": 0.0587528569, "incomeTaxExpense": 17597000, "netIncome": 26953000, "netIncomeRatio": 0.0355458081, "eps": 1.2, "epsdiluted": 1.18, "weightedAverageShsOut": 24143000, "weightedAverageShsOutDil": 24387000, "link": "https://www.sec.gov/Archives/edgar/data/912562/000121987004000026/0001219870-04-000026-index.htm", "finalLink": "https://www.sec.gov/Archives/edgar/data/912562/000121987004000026/gibraltar.htm", "calculatedOtherExpenses": 0, "calculatedOperatingExpenses": 89312000, "calculatedNetInterest": -14252000, "calculatedOtherIncome": 0, "calculatedIncomeNonControlling": 0, "calculatedEbitda": 81250000}, {"date": "2002-12-31", "symbol": "ROCK", "reportedCurrency": "USD", "cik": "0000912562", "fillingDate": "2003-03-31", "acceptedDate": "2003-03-31 15:21:30", "calendarYear": "2002", "period": "FY", "revenue": 645114000, "costOfRevenue": 517825000, "grossProfit": 127289000, "grossProfitRatio": 0.197312413, "researchAndDevelopmentExpenses": 0, "generalAndAdministrativeExpenses": 77129000, "sellingAndMarketingExpenses": 0, "sellingGeneralAndAdministrativeExpenses": 77129000, "otherExpenses": 0, "operatingExpenses": 77129000, "costAndExpenses": 594954000, "interestIncome": 0, "interestExpense": 10403000, "depreciationAndAmortization": 20481000, "ebitda": 70641000, "ebitdaratio": 0.1095015765, "operatingIncome": 50160000, "operatingIncomeRatio": 0.0777536993, "totalOtherIncomeExpensesNet": -10403000, "incomeBeforeTax": 39757000, "incomeBeforeTaxRatio": 0.0616278673, "incomeTaxExpense": 15903000, "netIncome": 23854000, "netIncomeRatio": 0.0369764104, "eps": 0.77, "epsdiluted": 0.76, "weightedAverageShsOut": 22921000, "weightedAverageShsOutDil": 23279000, "link": "https://www.sec.gov/Archives/edgar/data/912562/000090480203000007/0000904802-03-000007-index.htm", "finalLink": "https://www.sec.gov/Archives/edgar/data/912562/000090480203000007/g10k303.htm", "calculatedOtherExpenses": 0, "calculatedOperatingExpenses": 77129000, "calculatedNetInterest": -10403000, "calculatedOtherIncome": 0, "calculatedIncomeNonControlling": 0, "calculatedEbitda": 70641000}, {"date": "2001-12-31", "symbol": "ROCK", "reportedCurrency": "USD", "cik": "0000912562", "fillingDate": "2002-03-28", "acceptedDate": "2002-03-28 00:00:00", "calendarYear": "2001", "period": "FY", "revenue": 616028000, "costOfRevenue": 499945000, "grossProfit": 116083000, "grossProfitRatio": 0.1884378632, "researchAndDevelopmentExpenses": 0, "generalAndAdministrativeExpenses": 78574000, "sellingAndMarketingExpenses": 0, "sellingGeneralAndAdministrativeExpenses": 78574000, "otherExpenses": 0, "operatingExpenses": 78574000, "costAndExpenses": 578519000, "interestIncome": 0, "interestExpense": 16446000, "depreciationAndAmortization": 23486000, "ebitda": 60995000, "ebitdaratio": 0.0990133565, "operatingIncome": 37509000, "operatingIncomeRatio": 0.0608884661, "totalOtherIncomeExpensesNet": -16446000, "incomeBeforeTax": 21063000, "incomeBeforeTaxRatio": 0.0341916277, "incomeTaxExpense": 8530000, "netIncome": 12533000, "netIncomeRatio": 0.0203448545, "eps": 0.67, "epsdiluted": 0.65, "weightedAverageShsOut": 18886500, "weightedAverageShsOutDil": 19159500, "link": "https://www.sec.gov/Archives/edgar/data/912562/000090480202000006/0000904802-02-000006-index.htm", "finalLink": "https://www.sec.gov/Archives/edgar/data/912562/000090480202000006/g10k302.htm", "calculatedOtherExpenses": 0, "calculatedOperatingExpenses": 78574000, "calculatedNetInterest": -16446000, "calculatedOtherIncome": 0, "calculatedIncomeNonControlling": 0, "calculatedEbitda": 60995000}, {"date": "2000-12-31", "symbol": "ROCK", "reportedCurrency": "USD", "cik": "0000912562", "fillingDate": "2001-02-22", "acceptedDate": "2001-02-22 00:00:00", "calendarYear": "2000", "period": "FY", "revenue": 677540000, "costOfRevenue": 520555000, "grossProfit": 156985000, "grossProfitRatio": 0.2316984975, "researchAndDevelopmentExpenses": 0, "generalAndAdministrativeExpenses": 75905000, "sellingAndMarketingExpenses": 0, "sellingGeneralAndAdministrativeExpenses": 75905000, "otherExpenses": 21188000, "operatingExpenses": 97093000, "costAndExpenses": 617648000, "interestIncome": 0, "interestExpense": 18942000, "depreciationAndAmortization": 21188000, "ebitda": 81080000, "ebitdaratio": 0.1196682115, "operatingIncome": 59892000, "operatingIncomeRatio": 0.088396257, "totalOtherIncomeExpensesNet": -18942000, "incomeBeforeTax": 40950000, "incomeBeforeTaxRatio": 0.0604392361, "incomeTaxExpense": 16585000, "netIncome": 24365000, "netIncomeRatio": 0.0359609765, "eps": 1.29, "epsdiluted": 1.28, "weightedAverageShsOut": 18865500, "weightedAverageShsOutDil": 19027500, "link": "https://www.sec.gov/Archives/edgar/data/912562/000091256201000003/0000912562-01-000003-index.htm", "finalLink": "https://www.sec.gov/Archives/edgar/data/912562/000091256201000003/0000912562-01-000003-0001.txt", "calculatedOtherExpenses": 21188000, "calculatedOperatingExpenses": 97093000, "calculatedNetInterest": -18942000, "calculatedOtherIncome": 0, "calculatedIncomeNonControlling": 0, "calculatedEbitda": 81080000}, {"date": "1999-12-31", "symbol": "ROCK", "reportedCurrency": "USD", "cik": "0000912562", "fillingDate": "2000-02-01", "acceptedDate": "2000-02-01 00:00:00", "calendarYear": "1999", "period": "FY", "revenue": 621918000, "costOfRevenue": 476493000, "grossProfit": 145425000, "grossProfitRatio": 0.2338330777, "researchAndDevelopmentExpenses": 0, "generalAndAdministrativeExpenses": 72504000, "sellingAndMarketingExpenses": 0, "sellingGeneralAndAdministrativeExpenses": 72504000, "otherExpenses": 17452000, "operatingExpenses": 89956000, "costAndExpenses": 566449000, "interestIncome": 0, "interestExpense": 0, "depreciationAndAmortization": 17452000, "ebitda": 72921000, "ebitdaratio": 0.117251792, "operatingIncome": 55469000, "operatingIncomeRatio": 0.0891902148, "totalOtherIncomeExpensesNet": -13439000, "incomeBeforeTax": 42030000, "incomeBeforeTaxRatio": 0.0675812567, "incomeTaxExpense": 17022000, "netIncome": 25008000, "netIncomeRatio": 0.0402110889, "eps": 1.33, "epsdiluted": 1.3, "weightedAverageShsOut": 18810000, "weightedAverageShsOutDil": 19209000, "link": "https://www.sec.gov/Archives/edgar/data/912562/000091256200000004/0000912562-00-000004-index.html", "finalLink": "https://www.sec.gov/Archives/edgar/data/912562/000091256200000004/", "calculatedOtherExpenses": 17452000, "calculatedOperatingExpenses": 89956000, "calculatedNetInterest": 0, "calculatedOtherIncome": -13439000, "calculatedIncomeNonControlling": 0, "calculatedEbitda": 72921000}, {"date": "1998-12-31", "symbol": "ROCK", "reportedCurrency": "USD", "cik": "0000912562", "fillingDate": "1999-02-04", "acceptedDate": "1999-02-04 00:00:00", "calendarYear": "1998", "period": "FY", "revenue": 557900000, "costOfRevenue": 443100000, "grossProfit": 114800000, "grossProfitRatio": 0.2057716437, "researchAndDevelopmentExpenses": 0, "generalAndAdministrativeExpenses": 57000000, "sellingAndMarketingExpenses": 0, "sellingGeneralAndAdministrativeExpenses": 57000000, "otherExpenses": 13300000, "operatingExpenses": 70300000, "costAndExpenses": 513400000, "interestIncome": 0, "interestExpense": 11400000, "depreciationAndAmortization": 13300000, "ebitda": 57800000, "ebitdaratio": 0.1036027962, "operatingIncome": 44500000, "operatingIncomeRatio": 0.0797633985, "totalOtherIncomeExpensesNet": -100000, "incomeBeforeTax": 33000000, "incomeBeforeTaxRatio": 0.0591503854, "incomeTaxExpense": 13200000, "netIncome": 19800000, "netIncomeRatio": 0.0354902312, "eps": 1.06, "epsdiluted": 1.05, "weightedAverageShsOut": 18684000, "weightedAverageShsOutDil": 18976500, "link": "https://www.sec.gov/Archives/edgar/data/912562/000091256299000003/0000912562-99-000003-index.html", "finalLink": "https://www.sec.gov/Archives/edgar/data/912562/", "calculatedOtherExpenses": 13300000, "calculatedOperatingExpenses": 70300000, "calculatedNetInterest": -11400000, "calculatedOtherIncome": -100000, "calculatedIncomeNonControlling": 0, "calculatedEbitda": 57800000}, {"date": "1997-12-31", "symbol": "ROCK", "reportedCurrency": "USD", "cik": "0000912562", "fillingDate": "1998-02-03", "acceptedDate": "1998-02-03 00:00:00", "calendarYear": "1997", "period": "FY", "revenue": 449700000, "costOfRevenue": 367000000, "grossProfit": 82700000, "grossProfitRatio": 0.183900378, "researchAndDevelopmentExpenses": 0, "generalAndAdministrativeExpenses": 41600000, "sellingAndMarketingExpenses": 0, "sellingGeneralAndAdministrativeExpenses": 41600000, "otherExpenses": 8500000, "operatingExpenses": 50100000, "costAndExpenses": 417100000, "interestIncome": 0, "interestExpense": 0, "depreciationAndAmortization": 8500000, "ebitda": 41100000, "ebitdaratio": 0.0913942628, "operatingIncome": 32600000, "operatingIncomeRatio": 0.072492773, "totalOtherIncomeExpensesNet": -5100000, "incomeBeforeTax": 27500000, "incomeBeforeTaxRatio": 0.061151879, "incomeTaxExpense": 11100000, "netIncome": 16400000, "netIncomeRatio": 0.0364687569, "eps": 0.89, "epsdiluted": 0.87, "weightedAverageShsOut": 18486997, "weightedAverageShsOutDil": 18913620, "link": "https://www.sec.gov/Archives/edgar/data/912562/000091256298000005/0000912562-98-000005-index.html", "finalLink": "https://www.sec.gov/Archives/edgar/data/912562/", "calculatedOtherExpenses": 8500000, "calculatedOperatingExpenses": 50100000, "calculatedNetInterest": 0, "calculatedOtherIncome": -5100000, "calculatedIncomeNonControlling": 0, "calculatedEbitda": 41100000}, {"date": "1996-12-31", "symbol": "ROCK", "reportedCurrency": "USD", "cik": "0000912562", "fillingDate": "1997-01-24", "acceptedDate": "1997-01-24 00:00:00", "calendarYear": "1996", "period": "FY", "revenue": 343000000, "costOfRevenue": 275500000, "grossProfit": 67500000, "grossProfitRatio": 0.1967930029, "researchAndDevelopmentExpenses": 0, "generalAndAdministrativeExpenses": 30600000, "sellingAndMarketingExpenses": 0, "sellingGeneralAndAdministrativeExpenses": 30600000, "otherExpenses": 6200000, "operatingExpenses": 36800000, "costAndExpenses": 312300000, "interestIncome": 0, "interestExpense": 3800000, "depreciationAndAmortization": 6200000, "ebitda": 36900000, "ebitdaratio": 0.1075801749, "operatingIncome": 30700000, "operatingIncomeRatio": 0.0895043732, "totalOtherIncomeExpensesNet": -100000, "incomeBeforeTax": 26800000, "incomeBeforeTaxRatio": 0.0781341108, "incomeTaxExpense": 10800000, "netIncome": 16000000, "netIncomeRatio": 0.0466472303, "eps": 0.95, "epsdiluted": 0.95, "weightedAverageShsOut": 16891434, "weightedAverageShsOutDil": 16891434, "link": "https://www.sec.gov/Archives/edgar/data/912562/000091256297000003/0000912562-97-000003-index.html", "finalLink": "https://www.sec.gov/Archives/edgar/data/912562/", "calculatedOtherExpenses": 6200000, "calculatedOperatingExpenses": 36800000, "calculatedNetInterest": -3800000, "calculatedOtherIncome": -100000, "calculatedIncomeNonControlling": 0, "calculatedEbitda": 36900000}, {"date": "1995-12-31", "symbol": "ROCK", "reportedCurrency": "USD", "cik": "0000912562", "fillingDate": "1995-12-31", "acceptedDate": "1995-12-30 19:00:00", "calendarYear": "1995", "period": "FY", "revenue": 282800000, "costOfRevenue": 235900000, "grossProfit": 46900000, "grossProfitRatio": 0.1658415842, "researchAndDevelopmentExpenses": 0, "generalAndAdministrativeExpenses": 0, "sellingAndMarketingExpenses": 0, "sellingGeneralAndAdministrativeExpenses": 22100000, "otherExpenses": 4500000, "operatingExpenses": 26600000, "costAndExpenses": 262500000, "interestIncome": 0, "interestExpense": 4000000, "depreciationAndAmortization": 4500000, "ebitda": 24800000, "ebitdaratio": 0.0876944837, "operatingIncome": 20300000, "operatingIncomeRatio": 0.0717821782, "totalOtherIncomeExpensesNet": 100000, "incomeBeforeTax": 16400000, "incomeBeforeTaxRatio": 0.0579915134, "incomeTaxExpense": 6700000, "netIncome": 9700000, "netIncomeRatio": 0.0342998586, "eps": 0.64, "epsdiluted": 0.63, "weightedAverageShsOut": 15148676, "weightedAverageShsOutDil": 15308135, "link": "", "finalLink": "", "calculatedOtherExpenses": 4500000, "calculatedOperatingExpenses": 26600000, "calculatedNetInterest": -4000000, "calculatedOtherIncome": 100000, "calculatedIncomeNonControlling": 0, "calculatedEbitda": 24800000}, {"date": "1994-12-31", "symbol": "ROCK", "reportedCurrency": "USD", "cik": "0000912562", "fillingDate": "1994-12-31", "acceptedDate": "1994-12-30 19:00:00", "calendarYear": "1994", "period": "FY", "revenue": 200100000, "costOfRevenue": 163700000, "grossProfit": 36400000, "grossProfitRatio": 0.1819090455, "researchAndDevelopmentExpenses": 0, "generalAndAdministrativeExpenses": 0, "sellingAndMarketingExpenses": 0, "sellingGeneralAndAdministrativeExpenses": 17500000, "otherExpenses": 3400000, "operatingExpenses": 20900000, "costAndExpenses": 184600000, "interestIncome": 0, "interestExpense": 1400000, "depreciationAndAmortization": 3400000, "ebitda": 18200000, "ebitdaratio": 0.0909545227, "operatingIncome": 15500000, "operatingIncomeRatio": 0.0774612694, "totalOtherIncomeExpensesNet": 700000, "incomeBeforeTax": 14800000, "incomeBeforeTaxRatio": 0.0739630185, "incomeTaxExpense": 6000000, "netIncome": 8800000, "netIncomeRatio": 0.043978011, "eps": 0.58, "epsdiluted": 0.57, "weightedAverageShsOut": 15164831, "weightedAverageShsOutDil": 15341167, "link": "", "finalLink": "", "calculatedOtherExpenses": 3400000, "calculatedOperatingExpenses": 20900000, "calculatedNetInterest": -1400000, "calculatedOtherIncome": 700000, "calculatedIncomeNonControlling": 0, "calculatedEbitda": 18900000}, {"date": "1993-12-31", "symbol": "ROCK", "reportedCurrency": "USD", "cik": "0000912562", "fillingDate": "1993-12-31", "acceptedDate": "1993-12-30 19:00:00", "calendarYear": "1993", "period": "FY", "revenue": 167900000, "costOfRevenue": 135900000, "grossProfit": 32000000, "grossProfitRatio": 0.1905896367, "researchAndDevelopmentExpenses": 0, "generalAndAdministrativeExpenses": 0, "sellingAndMarketingExpenses": 0, "sellingGeneralAndAdministrativeExpenses": 16400000, "otherExpenses": 3400000, "operatingExpenses": 19800000, "costAndExpenses": 155700000, "interestIncome": 0, "interestExpense": 1600000, "depreciationAndAmortization": 3400000, "ebitda": 14600000, "ebitdaratio": 0.0869565217, "operatingIncome": 12200000, "operatingIncomeRatio": 0.072662299, "totalOtherIncomeExpensesNet": 1000000, "incomeBeforeTax": 11500000, "incomeBeforeTaxRatio": 0.0684931507, "incomeTaxExpense": 6300000, "netIncome": 5200000, "netIncomeRatio": 0.030970816, "eps": 0.48, "epsdiluted": 0.48, "weightedAverageShsOut": 10827919, "weightedAverageShsOutDil": 10827919, "link": "", "finalLink": "", "calculatedOtherExpenses": 3400000, "calculatedOperatingExpenses": 19800000, "calculatedNetInterest": -1600000, "calculatedOtherIncome": 900000, "calculatedIncomeNonControlling": 0, "calculatedEbitda": 15600000}]}