{"originalCurrency": "USD", "convertedCurrency": "USD", "report": [{"date": "2023-12-31", "symbol": "ROG", "reportedCurrency": "USD", "cik": "0000084748", "fillingDate": "2024-02-27", "acceptedDate": "2024-02-26 17:52:16", "calendarYear": "2023", "period": "FY", "revenue": 908400000, "costOfRevenue": 601300000, "grossProfit": 307100000, "grossProfitRatio": 0.3380669309, "researchAndDevelopmentExpenses": 35700000, "generalAndAdministrativeExpenses": 199700000, "sellingAndMarketingExpenses": 3500000, "sellingGeneralAndAdministrativeExpenses": 203200000, "otherExpenses": -700000, "operatingExpenses": 238900000, "costAndExpenses": 840200000, "interestIncome": 1200000, "interestExpense": 11300000, "depreciationAndAmortization": 51100000, "ebitda": 119300000, "ebitdaratio": 0.1313298107, "operatingIncome": 68200000, "operatingIncomeRatio": 0.0750770586, "totalOtherIncomeExpensesNet": 8100000, "incomeBeforeTax": 76300000, "incomeBeforeTaxRatio": 0.0839938353, "incomeTaxExpense": 19700000, "netIncome": 56600000, "netIncomeRatio": 0.0623073536, "eps": 3.04, "epsdiluted": 3.03, "weightedAverageShsOut": 18600000, "weightedAverageShsOutDil": 18700000, "link": "https://www.sec.gov/Archives/edgar/data/84748/000008474824000018/0000084748-24-000018-index.htm", "finalLink": "https://www.sec.gov/Archives/edgar/data/84748/000008474824000018/rog-20231231.htm", "calculatedOtherExpenses": 0, "calculatedOperatingExpenses": 238900000, "calculatedNetInterest": -10100000, "calculatedOtherIncome": 18200000, "calculatedIncomeNonControlling": 0, "calculatedEbitda": 119300000}, {"date": "2022-12-31", "symbol": "ROG", "reportedCurrency": "USD", "cik": "0000084748", "fillingDate": "2023-03-01", "acceptedDate": "2023-03-01 15:54:05", "calendarYear": "2022", "period": "FY", "revenue": 971171000, "costOfRevenue": 650156000, "grossProfit": 321015000, "grossProfitRatio": 0.3305442605, "researchAndDevelopmentExpenses": 35207000, "generalAndAdministrativeExpenses": 215528000, "sellingAndMarketingExpenses": 3300000, "sellingGeneralAndAdministrativeExpenses": 218828000, "otherExpenses": -144014000, "operatingExpenses": 110021000, "costAndExpenses": 760177000, "interestIncome": 685000, "interestExpense": 9547000, "depreciationAndAmortization": 72057000, "ebitda": 216489000, "ebitdaratio": 0.2229154289, "operatingIncome": 144432000, "operatingIncomeRatio": 0.1487194325, "totalOtherIncomeExpensesNet": -4052000, "incomeBeforeTax": 140380000, "incomeBeforeTaxRatio": 0.1445471498, "incomeTaxExpense": 23751000, "netIncome": 116600000, "netIncomeRatio": 0.1200612457, "eps": 6.21, "epsdiluted": 6.15, "weightedAverageShsOut": 18784000, "weightedAverageShsOutDil": 18953000, "link": "https://www.sec.gov/Archives/edgar/data/84748/000008474823000019/0000084748-23-000019-index.htm", "finalLink": "https://www.sec.gov/Archives/edgar/data/84748/000008474823000019/rog-20221231.htm", "calculatedOtherExpenses": -77452000, "calculatedOperatingExpenses": 176583000, "calculatedNetInterest": -8862000, "calculatedOtherIncome": 4810000, "calculatedIncomeNonControlling": 29000, "calculatedEbitda": 216489000}, {"date": "2021-12-31", "symbol": "ROG", "reportedCurrency": "USD", "cik": "0000084748", "fillingDate": "2022-02-22", "acceptedDate": "2022-02-22 17:19:05", "calendarYear": "2021", "period": "FY", "revenue": 932886000, "costOfRevenue": 583747000, "grossProfit": 349139000, "grossProfitRatio": 0.374256876, "researchAndDevelopmentExpenses": 29904000, "generalAndAdministrativeExpenses": 190453000, "sellingAndMarketingExpenses": 2700000, "sellingGeneralAndAdministrativeExpenses": 193153000, "otherExpenses": 5330000, "operatingExpenses": 228387000, "costAndExpenses": 812134000, "interestIncome": 541000, "interestExpense": 2536000, "depreciationAndAmortization": 43284000, "ebitda": 132386000, "ebitdaratio": 0.1419101584, "operatingIncome": 89102000, "operatingIncomeRatio": 0.0955122062, "totalOtherIncomeExpensesNet": 37178000, "incomeBeforeTax": 126280000, "incomeBeforeTaxRatio": 0.1353648785, "incomeTaxExpense": 18147000, "netIncome": 108100000, "netIncomeRatio": 0.1158769667, "eps": 5.77, "epsdiluted": 5.73, "weightedAverageShsOut": 18731000, "weightedAverageShsOutDil": 18863000, "link": "https://www.sec.gov/Archives/edgar/data/84748/000008474822000019/0000084748-22-000019-index.htm", "finalLink": "https://www.sec.gov/Archives/edgar/data/84748/000008474822000019/rog-20211231.htm", "calculatedOtherExpenses": 36980000, "calculatedOperatingExpenses": 260037000, "calculatedNetInterest": -1995000, "calculatedOtherIncome": 39173000, "calculatedIncomeNonControlling": 33000, "calculatedEbitda": 132386000}, {"date": "2020-12-31", "symbol": "ROG", "reportedCurrency": "USD", "cik": "0000084748", "fillingDate": "2021-02-19", "acceptedDate": "2021-02-18 20:16:25", "calendarYear": "2020", "period": "FY", "revenue": 802583000, "costOfRevenue": 510763000, "grossProfit": 291820000, "grossProfitRatio": 0.3636010232, "researchAndDevelopmentExpenses": 29320000, "generalAndAdministrativeExpenses": 180083000, "sellingAndMarketingExpenses": 2200000, "sellingGeneralAndAdministrativeExpenses": 182283000, "otherExpenses": -104000, "operatingExpenses": 211499000, "costAndExpenses": 722262000, "interestIncome": 939000, "interestExpense": 7135000, "depreciationAndAmortization": 71425000, "ebitda": 88656000, "ebitdaratio": 0.1104633415, "operatingIncome": 17231000, "operatingIncomeRatio": 0.0214694306, "totalOtherIncomeExpensesNet": 51303000, "incomeBeforeTax": 68534000, "incomeBeforeTaxRatio": 0.0853917913, "incomeTaxExpense": 18544000, "netIncome": 49990000, "netIncomeRatio": 0.0622863928, "eps": 2.68, "epsdiluted": 2.67, "weightedAverageShsOut": 18681000, "weightedAverageShsOutDil": 18706000, "link": "https://www.sec.gov/Archives/edgar/data/84748/000008474821000021/0000084748-21-000021-index.htm", "finalLink": "https://www.sec.gov/Archives/edgar/data/84748/000008474821000021/rog-20201231.htm", "calculatedOtherExpenses": 62986000, "calculatedOperatingExpenses": 274589000, "calculatedNetInterest": -6196000, "calculatedOtherIncome": 57499000, "calculatedIncomeNonControlling": 0, "calculatedEbitda": 88656000}, {"date": "2019-12-31", "symbol": "ROG", "reportedCurrency": "USD", "cik": "0000084748", "fillingDate": "2020-02-21", "acceptedDate": "2020-02-20 19:14:19", "calendarYear": "2019", "period": "FY", "revenue": 898260000, "costOfRevenue": 583968000, "grossProfit": 314292000, "grossProfitRatio": 0.3498897869, "researchAndDevelopmentExpenses": 31685000, "generalAndAdministrativeExpenses": 165082000, "sellingAndMarketingExpenses": 3600000, "sellingGeneralAndAdministrativeExpenses": 168682000, "otherExpenses": 959000, "operatingExpenses": 201326000, "costAndExpenses": 785294000, "interestIncome": 1610000, "interestExpense": 7927000, "depreciationAndAmortization": 49162000, "ebitda": 115451000, "ebitdaratio": 0.1285273751, "operatingIncome": 66289000, "operatingIncomeRatio": 0.0737971189, "totalOtherIncomeExpensesNet": -11163000, "incomeBeforeTax": 55126000, "incomeBeforeTaxRatio": 0.0613697593, "incomeTaxExpense": 7807000, "netIncome": 47319000, "netIncomeRatio": 0.0526785118, "eps": 2.55, "epsdiluted": 2.53, "weightedAverageShsOut": 18573000, "weightedAverageShsOutDil": 18713000, "link": "https://www.sec.gov/Archives/edgar/data/84748/000008474820000009/0000084748-20-000009-index.htm", "finalLink": "https://www.sec.gov/Archives/edgar/data/84748/000008474820000009/rog-20191231x10k.htm", "calculatedOtherExpenses": 47636000, "calculatedOperatingExpenses": 248003000, "calculatedNetInterest": -6317000, "calculatedOtherIncome": -4846000, "calculatedIncomeNonControlling": 0, "calculatedEbitda": 115451000}, {"date": "2018-12-31", "symbol": "ROG", "reportedCurrency": "USD", "cik": "0000084748", "fillingDate": "2019-02-21", "acceptedDate": "2019-02-20 20:22:30", "calendarYear": "2018", "period": "FY", "revenue": 879091000, "costOfRevenue": 568308000, "grossProfit": 310783000, "grossProfitRatio": 0.353527678, "researchAndDevelopmentExpenses": 33075000, "generalAndAdministrativeExpenses": 160246000, "sellingAndMarketingExpenses": 3800000, "sellingGeneralAndAdministrativeExpenses": 164046000, "otherExpenses": -994000, "operatingExpenses": 194034000, "costAndExpenses": 762342000, "interestIncome": 0, "interestExpense": -6629000, "depreciationAndAmortization": 50073000, "ebitda": 120787000, "ebitdaratio": 0.1373998824, "operatingIncome": 112711000, "operatingIncomeRatio": 0.1282131201, "totalOtherIncomeExpensesNet": 469000, "incomeBeforeTax": 110589000, "incomeBeforeTaxRatio": 0.1257992631, "incomeTaxExpense": 22938000, "netIncome": 87651000, "netIncomeRatio": 0.0997064013, "eps": 4.77, "epsdiluted": 4.7, "weightedAverageShsOut": 18374000, "weightedAverageShsOutDil": 18659000, "link": "https://www.sec.gov/Archives/edgar/data/84748/000008474819000006/0000084748-19-000006-index.htm", "finalLink": "https://www.sec.gov/Archives/edgar/data/84748/000008474819000006/rog-20181231x10k.htm", "calculatedOtherExpenses": 951000, "calculatedOperatingExpenses": 198072000, "calculatedNetInterest": 6629000, "calculatedOtherIncome": -8751000, "calculatedIncomeNonControlling": 0, "calculatedEbitda": 162784000}, {"date": "2017-12-31", "symbol": "ROG", "reportedCurrency": "USD", "cik": "0000084748", "fillingDate": "2018-02-28", "acceptedDate": "2018-02-27 20:22:29", "calendarYear": "2017", "period": "FY", "revenue": 821043000, "costOfRevenue": 502468000, "grossProfit": 318575000, "grossProfitRatio": 0.3880125645, "researchAndDevelopmentExpenses": 29547000, "generalAndAdministrativeExpenses": 0, "sellingAndMarketingExpenses": 0, "sellingGeneralAndAdministrativeExpenses": 160011000, "otherExpenses": 3379000, "operatingExpenses": 189558000, "costAndExpenses": 692026000, "interestIncome": 0, "interestExpense": -6131000, "depreciationAndAmortization": 44099000, "ebitda": 127255000, "ebitdaratio": 0.1549918823, "operatingIncome": 130779000, "operatingIncomeRatio": 0.1592839839, "totalOtherIncomeExpensesNet": 10039000, "incomeBeforeTax": 132925000, "incomeBeforeTaxRatio": 0.1618977325, "incomeTaxExpense": 52466000, "netIncome": 80459000, "netIncomeRatio": 0.0979960855, "eps": 4.43, "epsdiluted": 4.34, "weightedAverageShsOut": 18154000, "weightedAverageShsOutDil": 18547000, "link": "https://www.sec.gov/Archives/edgar/data/84748/000008474818000007/0000084748-18-000007-index.htm", "finalLink": "https://www.sec.gov/Archives/edgar/data/84748/000008474818000007/rog-20171231x10k.htm", "calculatedOtherExpenses": -1762000, "calculatedOperatingExpenses": 187796000, "calculatedNetInterest": 6131000, "calculatedOtherIncome": -3985000, "calculatedIncomeNonControlling": 0, "calculatedEbitda": 174878000}, {"date": "2016-12-31", "symbol": "ROG", "reportedCurrency": "USD", "cik": "0000084748", "fillingDate": "2017-02-21", "acceptedDate": "2017-02-21 16:47:29", "calendarYear": "2016", "period": "FY", "revenue": 656314000, "costOfRevenue": 406829000, "grossProfit": 249485000, "grossProfitRatio": 0.3801305473, "researchAndDevelopmentExpenses": 28582000, "generalAndAdministrativeExpenses": 0, "sellingAndMarketingExpenses": 0, "sellingGeneralAndAdministrativeExpenses": 136317000, "otherExpenses": -1788000, "operatingExpenses": 164899000, "costAndExpenses": 571728000, "interestIncome": 0, "interestExpense": -3930000, "depreciationAndAmortization": 37847000, "ebitda": 85320000, "ebitdaratio": 0.1299987506, "operatingIncome": 83852000, "operatingIncomeRatio": 0.1277620164, "totalOtherIncomeExpensesNet": 1624000, "incomeBeforeTax": 82280000, "incomeBeforeTaxRatio": 0.1253668214, "incomeTaxExpense": 33997000, "netIncome": 48283000, "netIncomeRatio": 0.0735669207, "eps": 2.68, "epsdiluted": 2.65, "weightedAverageShsOut": 17991000, "weightedAverageShsOutDil": 18223000, "link": "https://www.sec.gov/Archives/edgar/data/84748/000008474817000004/0000084748-17-000004-index.htm", "finalLink": "https://www.sec.gov/Archives/edgar/data/84748/000008474817000004/rog-20161231x10k.htm", "calculatedOtherExpenses": 734000, "calculatedOperatingExpenses": 165633000, "calculatedNetInterest": 3930000, "calculatedOtherIncome": -5502000, "calculatedIncomeNonControlling": 0, "calculatedEbitda": 121699000}, {"date": "2015-12-31", "symbol": "ROG", "reportedCurrency": "USD", "cik": "0000084748", "fillingDate": "2016-02-23", "acceptedDate": "2016-02-23 17:18:59", "calendarYear": "2015", "period": "FY", "revenue": 641443000, "costOfRevenue": 406081000, "grossProfit": 235362000, "grossProfitRatio": 0.3669258219, "researchAndDevelopmentExpenses": 27644000, "generalAndAdministrativeExpenses": 0, "sellingAndMarketingExpenses": 0, "sellingGeneralAndAdministrativeExpenses": 131463000, "otherExpenses": -8492000, "operatingExpenses": 159107000, "costAndExpenses": 565188000, "interestIncome": 0, "interestExpense": -4480000, "depreciationAndAmortization": 34054000, "ebitda": 76255000, "ebitdaratio": 0.1188803993, "operatingIncome": 76255000, "operatingIncomeRatio": 0.1188803993, "totalOtherIncomeExpensesNet": -5602000, "incomeBeforeTax": 66173000, "incomeBeforeTaxRatio": 0.1031627128, "incomeTaxExpense": 19853000, "netIncome": 46320000, "netIncomeRatio": 0.0722121841, "eps": 2.52, "epsdiluted": 2.48, "weightedAverageShsOut": 18371000, "weightedAverageShsOutDil": 18680000, "link": "https://www.sec.gov/Archives/edgar/data/84748/000008474816000013/0000084748-16-000013-index.htm", "finalLink": "https://www.sec.gov/Archives/edgar/data/84748/000008474816000013/rog-20151231x10k.htm", "calculatedOtherExpenses": 0, "calculatedOperatingExpenses": 159107000, "calculatedNetInterest": 4480000, "calculatedOtherIncome": -14562000, "calculatedIncomeNonControlling": 0, "calculatedEbitda": 110309000}, {"date": "2014-12-31", "symbol": "ROG", "reportedCurrency": "USD", "cik": "0000084748", "fillingDate": "2015-02-18", "acceptedDate": "2015-02-18 16:53:23", "calendarYear": "2014", "period": "FY", "revenue": 610911000, "costOfRevenue": 376972000, "grossProfit": 233939000, "grossProfitRatio": 0.3829346664, "researchAndDevelopmentExpenses": 22878000, "generalAndAdministrativeExpenses": 0, "sellingAndMarketingExpenses": 0, "sellingGeneralAndAdministrativeExpenses": 125244000, "otherExpenses": -1194000, "operatingExpenses": 148122000, "costAndExpenses": 525094000, "interestIncome": 0, "interestExpense": -2946000, "depreciationAndAmortization": 26268000, "ebitda": 91207000, "ebitdaratio": 0.1492967061, "operatingIncome": 80427000, "operatingIncomeRatio": 0.1316509279, "totalOtherIncomeExpensesNet": -2461000, "incomeBeforeTax": 80410000, "incomeBeforeTaxRatio": 0.1316231006, "incomeTaxExpense": 27527000, "netIncome": 52883000, "netIncomeRatio": 0.086564164, "eps": 2.94, "epsdiluted": 2.86, "weightedAverageShsOut": 18177000, "weightedAverageShsOutDil": 18698000, "link": "https://www.sec.gov/Archives/edgar/data/84748/000008474815000003/0000084748-15-000003-index.htm", "finalLink": "https://www.sec.gov/Archives/edgar/data/84748/000008474815000003/rog-20141231x10k.htm", "calculatedOtherExpenses": 5390000, "calculatedOperatingExpenses": 153512000, "calculatedNetInterest": 2946000, "calculatedOtherIncome": -2963000, "calculatedIncomeNonControlling": 0, "calculatedEbitda": 106695000}, {"date": "2013-12-31", "symbol": "ROG", "reportedCurrency": "USD", "cik": "0000084748", "fillingDate": "2014-02-24", "acceptedDate": "2014-02-24 11:13:14", "calendarYear": "2013", "period": "FY", "revenue": 537482000, "costOfRevenue": 349782000, "grossProfit": 187700000, "grossProfitRatio": 0.3492209972, "researchAndDevelopmentExpenses": 21646000, "generalAndAdministrativeExpenses": 0, "sellingAndMarketingExpenses": 0, "sellingGeneralAndAdministrativeExpenses": 106398000, "otherExpenses": -1240000, "operatingExpenses": 128044000, "costAndExpenses": 477826000, "interestIncome": 0, "interestExpense": -3481000, "depreciationAndAmortization": 26351000, "ebitda": 96383000, "ebitdaratio": 0.1793232145, "operatingIncome": 49280000, "operatingIncomeRatio": 0.0916867914, "totalOtherIncomeExpensesNet": -7290000, "incomeBeforeTax": 48885000, "incomeBeforeTaxRatio": 0.090951883, "incomeTaxExpense": 11226000, "netIncome": 37761000, "netIncomeRatio": 0.070255376, "eps": 2.23, "epsdiluted": 2.16, "weightedAverageShsOut": 17198000, "weightedAverageShsOutDil": 17768000, "link": "https://www.sec.gov/Archives/edgar/data/84748/000008474814000003/0000084748-14-000003-index.htm", "finalLink": "https://www.sec.gov/Archives/edgar/data/84748/000008474814000003/rog-20131231x10k.htm", "calculatedOtherExpenses": 10376000, "calculatedOperatingExpenses": 138420000, "calculatedNetInterest": 3481000, "calculatedOtherIncome": -3876000, "calculatedIncomeNonControlling": -102000, "calculatedEbitda": 75631000}, {"date": "2012-12-31", "symbol": "ROG", "reportedCurrency": "USD", "cik": "0000084748", "fillingDate": "2013-02-20", "acceptedDate": "2013-02-20 16:41:35", "calendarYear": "2012", "period": "FY", "revenue": 498761000, "costOfRevenue": 340015000, "grossProfit": 158746000, "grossProfitRatio": 0.3182806996, "researchAndDevelopmentExpenses": 19311000, "generalAndAdministrativeExpenses": 0, "sellingAndMarketingExpenses": 0, "sellingGeneralAndAdministrativeExpenses": 99689000, "otherExpenses": -208000, "operatingExpenses": 119000000, "costAndExpenses": 459015000, "interestIncome": 0, "interestExpense": -4304000, "depreciationAndAmortization": 27130000, "ebitda": 57073000, "ebitdaratio": 0.1144295564, "operatingIncome": 25664000, "operatingIncomeRatio": 0.0514555067, "totalOtherIncomeExpensesNet": -12792000, "incomeBeforeTax": 22650000, "incomeBeforeTaxRatio": 0.0454125323, "incomeTaxExpense": -46484000, "netIncome": 68685000, "netIncomeRatio": 0.1377112485, "eps": 4.18, "epsdiluted": 4.04, "weightedAverageShsOut": 16426209, "weightedAverageShsOutDil": 16991158, "link": "https://www.sec.gov/Archives/edgar/data/84748/000008474813000004/0000084748-13-000004-index.htm", "finalLink": "https://www.sec.gov/Archives/edgar/data/84748/000008474813000004/rog-20121231x10k.htm", "calculatedOtherExpenses": 14082000, "calculatedOperatingExpenses": 133082000, "calculatedNetInterest": 4304000, "calculatedOtherIncome": -7318000, "calculatedIncomeNonControlling": 449000, "calculatedEbitda": 52794000}, {"date": "2011-12-31", "symbol": "ROG", "reportedCurrency": "USD", "cik": "0000084748", "fillingDate": "2012-02-17", "acceptedDate": "2012-02-17 11:46:17", "calendarYear": "2011", "period": "FY", "revenue": 553150000, "costOfRevenue": 374070000, "grossProfit": 179080000, "grossProfitRatio": 0.3237458194, "researchAndDevelopmentExpenses": 21617000, "generalAndAdministrativeExpenses": 0, "sellingAndMarketingExpenses": 0, "sellingGeneralAndAdministrativeExpenses": 104219000, "otherExpenses": 0, "operatingExpenses": 125836000, "costAndExpenses": 499906000, "interestIncome": 0, "interestExpense": -4911000, "depreciationAndAmortization": 26308000, "ebitda": 51940000, "ebitdaratio": 0.0938985809, "operatingIncome": 52803000, "operatingIncomeRatio": 0.0954587363, "totalOtherIncomeExpensesNet": 6755000, "incomeBeforeTax": 55088000, "incomeBeforeTaxRatio": 0.0995896231, "incomeTaxExpense": 11282000, "netIncome": 37055000, "netIncomeRatio": 0.0669890626, "eps": 2.31, "epsdiluted": 2.21, "weightedAverageShsOut": 16035882, "weightedAverageShsOutDil": 16737711, "link": "https://www.sec.gov/Archives/edgar/data/84748/000115752312000876/0001157523-12-000876-index.htm", "finalLink": "https://www.sec.gov/Archives/edgar/data/84748/000115752312000876/a50166620.htm", "calculatedOtherExpenses": 441000, "calculatedOperatingExpenses": 126277000, "calculatedNetInterest": 4911000, "calculatedOtherIncome": -2626000, "calculatedIncomeNonControlling": 6751000, "calculatedEbitda": 79111000}, {"date": "2010-12-31", "symbol": "ROG", "reportedCurrency": "USD", "cik": "0000084748", "fillingDate": "2011-02-18", "acceptedDate": "2011-02-18 12:47:46", "calendarYear": "2010", "period": "FY", "revenue": 379188000, "costOfRevenue": 242487000, "grossProfit": 136701000, "grossProfitRatio": 0.3605098263, "researchAndDevelopmentExpenses": 19789000, "generalAndAdministrativeExpenses": 0, "sellingAndMarketingExpenses": 0, "sellingGeneralAndAdministrativeExpenses": 89554000, "otherExpenses": 0, "operatingExpenses": 109343000, "costAndExpenses": 351830000, "interestIncome": 0, "interestExpense": 184000, "depreciationAndAmortization": 16111000, "ebitda": 23372000, "ebitdaratio": 0.0616369716, "operatingIncome": 27358000, "operatingIncomeRatio": 0.0721489077, "totalOtherIncomeExpensesNet": 12644000, "incomeBeforeTax": 40186000, "incomeBeforeTaxRatio": 0.1059790922, "incomeTaxExpense": 5615000, "netIncome": 34571000, "netIncomeRatio": 0.0911711341, "eps": 2.19, "epsdiluted": 2.16, "weightedAverageShsOut": 15800913, "weightedAverageShsOutDil": 16005662, "link": "https://www.sec.gov/Archives/edgar/data/84748/000115752311000998/0001157523-11-000998-index.htm", "finalLink": "https://www.sec.gov/Archives/edgar/data/84748/000115752311000998/a6614574.htm", "calculatedOtherExpenses": 0, "calculatedOperatingExpenses": 109343000, "calculatedNetInterest": -184000, "calculatedOtherIncome": 13012000, "calculatedIncomeNonControlling": 0, "calculatedEbitda": 43469000}, {"date": "2009-12-31", "symbol": "ROG", "reportedCurrency": "USD", "cik": "0000084748", "fillingDate": "2010-02-19", "acceptedDate": "2010-02-19 16:19:09", "calendarYear": "2009", "period": "FY", "revenue": 291821000, "costOfRevenue": 212546000, "grossProfit": 79275000, "grossProfitRatio": 0.271656255, "researchAndDevelopmentExpenses": 17395000, "generalAndAdministrativeExpenses": 0, "sellingAndMarketingExpenses": 0, "sellingGeneralAndAdministrativeExpenses": 68549000, "otherExpenses": 0, "operatingExpenses": 85944000, "costAndExpenses": 298490000, "interestIncome": 377000, "interestExpense": 377000, "depreciationAndAmortization": 17961000, "ebitda": 15194000, "ebitdaratio": 0.0520661638, "operatingIncome": -29572000, "operatingIncomeRatio": -0.101336093, "totalOtherIncomeExpensesNet": -16401000, "incomeBeforeTax": -20149000, "incomeBeforeTaxRatio": -0.0690457506, "incomeTaxExpense": 42721000, "netIncome": -62870000, "netIncomeRatio": -0.215440287, "eps": -4.01, "epsdiluted": -4.01, "weightedAverageShsOut": 15691579, "weightedAverageShsOutDil": 15691579, "link": "https://www.sec.gov/Archives/edgar/data/84748/000115752310001072/0001157523-10-001072-index.htm", "finalLink": "https://www.sec.gov/Archives/edgar/data/84748/000115752310001072/a6179760.htm", "calculatedOtherExpenses": 22903000, "calculatedOperatingExpenses": 108847000, "calculatedNetInterest": 0, "calculatedOtherIncome": 9423000, "calculatedIncomeNonControlling": 0, "calculatedEbitda": -11611000}, {"date": "2008-12-31", "symbol": "ROG", "reportedCurrency": "USD", "cik": "0000084748", "fillingDate": "2009-02-26", "acceptedDate": "2009-02-26 17:21:33", "calendarYear": "2008", "period": "FY", "revenue": 365362000, "costOfRevenue": 251399000, "grossProfit": 113963000, "grossProfitRatio": 0.3119180429, "researchAndDevelopmentExpenses": 21885000, "generalAndAdministrativeExpenses": 0, "sellingAndMarketingExpenses": 0, "sellingGeneralAndAdministrativeExpenses": 82215000, "otherExpenses": 0, "operatingExpenses": 104100000, "costAndExpenses": 355499000, "interestIncome": 0, "interestExpense": 2947000, "depreciationAndAmortization": 18397000, "ebitda": 3803000, "ebitdaratio": 0.0104088548, "operatingIncome": 9863000, "operatingIncomeRatio": 0.0269951445, "totalOtherIncomeExpensesNet": 12296000, "incomeBeforeTax": 25106000, "incomeBeforeTaxRatio": 0.068715411, "incomeTaxExpense": 3489000, "netIncome": 26515000, "netIncomeRatio": 0.0725718602, "eps": 1.69, "epsdiluted": 1.67, "weightedAverageShsOut": 15714884, "weightedAverageShsOutDil": 15924172, "link": "https://www.sec.gov/Archives/edgar/data/84748/000115752309001682/0001157523-09-001682-index.htm", "finalLink": "https://www.sec.gov/Archives/edgar/data/84748/000115752309001682/a5904744.htm", "calculatedOtherExpenses": 0, "calculatedOperatingExpenses": 104100000, "calculatedNetInterest": -2947000, "calculatedOtherIncome": 18190000, "calculatedIncomeNonControlling": -4898000, "calculatedEbitda": 28260000}, {"date": "2007-12-30", "symbol": "ROG", "reportedCurrency": "USD", "cik": "0000084748", "fillingDate": "2008-02-27", "acceptedDate": "2008-02-27 14:17:34", "calendarYear": "2007", "period": "FY", "revenue": 431354000, "costOfRevenue": 315717000, "grossProfit": 115637000, "grossProfitRatio": 0.2680791183, "researchAndDevelopmentExpenses": 24658000, "generalAndAdministrativeExpenses": 0, "sellingAndMarketingExpenses": 0, "sellingGeneralAndAdministrativeExpenses": 73185000, "otherExpenses": 0, "operatingExpenses": 97843000, "costAndExpenses": 413560000, "interestIncome": 0, "interestExpense": 0, "depreciationAndAmortization": 25718000, "ebitda": 46285000, "ebitdaratio": 0.1073016594, "operatingIncome": 14256000, "operatingIncomeRatio": 0.0330494211, "totalOtherIncomeExpensesNet": 5314000, "incomeBeforeTax": 25185000, "incomeBeforeTaxRatio": 0.0583859197, "incomeTaxExpense": 3317000, "netIncome": 22124000, "netIncomeRatio": 0.05128966, "eps": 1.34, "epsdiluted": 1.32, "weightedAverageShsOut": 16555656, "weightedAverageShsOutDil": 16749337, "link": "https://www.sec.gov/Archives/edgar/data/84748/000115752308001787/0001157523-08-001787-index.htm", "finalLink": "https://www.sec.gov/Archives/edgar/data/84748/000115752308001787/a5620596.htm", "calculatedOtherExpenses": 3538000, "calculatedOperatingExpenses": 101381000, "calculatedNetInterest": 0, "calculatedOtherIncome": 10929000, "calculatedIncomeNonControlling": -256000, "calculatedEbitda": 39974000}, {"date": "2006-12-31", "symbol": "ROG", "reportedCurrency": "USD", "cik": "0000084748", "fillingDate": "2007-02-27", "acceptedDate": "2007-02-27 17:04:09", "calendarYear": "2006", "period": "FY", "revenue": 454562000, "costOfRevenue": 311661000, "grossProfit": 142901000, "grossProfitRatio": 0.3143707569, "researchAndDevelopmentExpenses": 24364000, "generalAndAdministrativeExpenses": 0, "sellingAndMarketingExpenses": 0, "sellingGeneralAndAdministrativeExpenses": 63006000, "otherExpenses": 11272000, "operatingExpenses": 98642000, "costAndExpenses": 410303000, "interestIncome": 0, "interestExpense": 0, "depreciationAndAmortization": 19529000, "ebitda": 71904000, "ebitdaratio": 0.1581830421, "operatingIncome": 44259000, "operatingIncomeRatio": 0.0973662559, "totalOtherIncomeExpensesNet": 447000, "incomeBeforeTax": 58331000, "incomeBeforeTaxRatio": 0.128323529, "incomeTaxExpense": 11875000, "netIncome": 46456000, "netIncomeRatio": 0.1021994799, "eps": 2.77, "epsdiluted": 2.69, "weightedAverageShsOut": 16747444, "weightedAverageShsOutDil": 17287837, "link": "https://www.sec.gov/Archives/edgar/data/84748/000115752307002100/0001157523-07-002100-index.htm", "finalLink": "https://www.sec.gov/Archives/edgar/data/84748/000115752307002100/a5341749.htm", "calculatedOtherExpenses": 11272000, "calculatedOperatingExpenses": 98642000, "calculatedNetInterest": 0, "calculatedOtherIncome": 14072000, "calculatedIncomeNonControlling": 0, "calculatedEbitda": 63788000}, {"date": "2005-12-31", "symbol": "ROG", "reportedCurrency": "USD", "cik": "0000084748", "fillingDate": "2006-03-31", "acceptedDate": "2006-03-31 17:13:47", "calendarYear": "2005", "period": "FY", "revenue": 356112000, "costOfRevenue": 252966000, "grossProfit": 103146000, "grossProfitRatio": 0.2896448308, "researchAndDevelopmentExpenses": 19959000, "generalAndAdministrativeExpenses": 0, "sellingAndMarketingExpenses": 0, "sellingGeneralAndAdministrativeExpenses": 55801000, "otherExpenses": 0, "operatingExpenses": 75760000, "costAndExpenses": 328726000, "interestIncome": 0, "interestExpense": 0, "depreciationAndAmortization": 16853000, "ebitda": 66001000, "ebitdaratio": 0.1853377589, "operatingIncome": 4738000, "operatingIncomeRatio": 0.013304803, "totalOtherIncomeExpensesNet": -16511000, "incomeBeforeTax": 11786000, "incomeBeforeTaxRatio": 0.0330963292, "incomeTaxExpense": -4654000, "netIncome": 16440000, "netIncomeRatio": 0.0461652514, "eps": 1.01, "epsdiluted": 0.98, "weightedAverageShsOut": 16306314, "weightedAverageShsOutDil": 16724397, "link": "https://www.sec.gov/Archives/edgar/data/84748/000115752306003198/0001157523-06-003198-index.htm", "finalLink": "https://www.sec.gov/Archives/edgar/data/84748/000115752306003198/a5114310.htm", "calculatedOtherExpenses": 22648000, "calculatedOperatingExpenses": 98408000, "calculatedNetInterest": 0, "calculatedOtherIncome": 7048000, "calculatedIncomeNonControlling": 0, "calculatedEbitda": 21591000}, {"date": "2004-12-31", "symbol": "ROG", "reportedCurrency": "USD", "cik": "0000084748", "fillingDate": "2005-03-18", "acceptedDate": "2005-03-18 17:28:33", "calendarYear": "2004", "period": "FY", "revenue": 365002000, "costOfRevenue": 251811000, "grossProfit": 113191000, "grossProfitRatio": 0.3101106295, "researchAndDevelopmentExpenses": 20490000, "generalAndAdministrativeExpenses": 0, "sellingAndMarketingExpenses": 0, "sellingGeneralAndAdministrativeExpenses": 58410000, "otherExpenses": 0, "operatingExpenses": 78900000, "costAndExpenses": 330711000, "interestIncome": 0, "interestExpense": 0, "depreciationAndAmortization": 18068000, "ebitda": 46228000, "ebitdaratio": 0.1266513608, "operatingIncome": 34291000, "operatingIncomeRatio": 0.0939474304, "totalOtherIncomeExpensesNet": 12228000, "incomeBeforeTax": 46779000, "incomeBeforeTaxRatio": 0.1281609416, "incomeTaxExpense": 6681000, "netIncome": 40098000, "netIncomeRatio": 0.1098569323, "eps": 2.41, "epsdiluted": 2.3, "weightedAverageShsOut": 16437790, "weightedAverageShsOutDil": 16437790, "link": "https://www.sec.gov/Archives/edgar/data/84748/000115752305002672/0001157523-05-002672-index.htm", "finalLink": "https://www.sec.gov/Archives/edgar/data/84748/000115752305002672/a4846542.txt", "calculatedOtherExpenses": 0, "calculatedOperatingExpenses": 78900000, "calculatedNetInterest": 0, "calculatedOtherIncome": 12488000, "calculatedIncomeNonControlling": 0, "calculatedEbitda": 52359000}, {"date": "2003-12-31", "symbol": "ROG", "reportedCurrency": "USD", "cik": "0000084748", "fillingDate": "2003-12-28", "acceptedDate": "2003-12-27 19:00:00", "calendarYear": "2003", "period": "FY", "revenue": 243329000, "costOfRevenue": 164789000, "grossProfit": 78540000, "grossProfitRatio": 0.3227728713, "researchAndDevelopmentExpenses": 13665000, "generalAndAdministrativeExpenses": 0, "sellingAndMarketingExpenses": 0, "sellingGeneralAndAdministrativeExpenses": 43304000, "otherExpenses": 0, "operatingExpenses": 56969000, "costAndExpenses": 221758000, "interestIncome": 0, "interestExpense": 0, "depreciationAndAmortization": 13615000, "ebitda": 28614000, "ebitdaratio": 0.117593875, "operatingIncome": 21571000, "operatingIncomeRatio": 0.0886495239, "totalOtherIncomeExpensesNet": 13143000, "incomeBeforeTax": 35034000, "incomeBeforeTaxRatio": 0.1439779065, "incomeTaxExpense": 8759000, "netIncome": 26275000, "netIncomeRatio": 0.107981375, "eps": 1.83, "epsdiluted": 1.77, "weightedAverageShsOut": 15995713, "weightedAverageShsOutDil": 15995713, "link": "", "finalLink": "", "calculatedOtherExpenses": 0, "calculatedOperatingExpenses": 56969000, "calculatedNetInterest": 0, "calculatedOtherIncome": 13463000, "calculatedIncomeNonControlling": 0, "calculatedEbitda": 35186000}, {"date": "2002-12-29", "symbol": "ROG", "reportedCurrency": "USD", "cik": "0000084748", "fillingDate": "2003-03-31", "acceptedDate": "2003-03-31 13:48:22", "calendarYear": "2002", "period": "FY", "revenue": 219438000, "costOfRevenue": 150183000, "grossProfit": 69255000, "grossProfitRatio": 0.3156016734, "researchAndDevelopmentExpenses": 13596000, "generalAndAdministrativeExpenses": 0, "sellingAndMarketingExpenses": 0, "sellingGeneralAndAdministrativeExpenses": 39335000, "otherExpenses": 0, "operatingExpenses": 52931000, "costAndExpenses": 203114000, "interestIncome": 0, "interestExpense": 0, "depreciationAndAmortization": 13571000, "ebitda": 21184000, "ebitdaratio": 0.0965375186, "operatingIncome": 14174000, "operatingIncomeRatio": 0.0645922766, "totalOtherIncomeExpensesNet": 8711000, "incomeBeforeTax": 24809000, "incomeBeforeTaxRatio": 0.113056991, "incomeTaxExpense": 6202000, "netIncome": 18607000, "netIncomeRatio": 0.0847938826, "eps": 1.2, "epsdiluted": 1.16, "weightedAverageShsOut": 15470697, "weightedAverageShsOutDil": 16023273, "link": "https://www.sec.gov/Archives/edgar/data/84748/000008474803000005/0000084748-03-000005-index.htm", "finalLink": "https://www.sec.gov/Archives/edgar/data/84748/000008474803000005/edgar10k2002.txt", "calculatedOtherExpenses": 2150000, "calculatedOperatingExpenses": 55081000, "calculatedNetInterest": 0, "calculatedOtherIncome": 10635000, "calculatedIncomeNonControlling": 0, "calculatedEbitda": 27745000}, {"date": "2001-12-30", "symbol": "ROG", "reportedCurrency": "USD", "cik": "0000084748", "fillingDate": "2002-03-27", "acceptedDate": "2002-03-27 00:00:00", "calendarYear": "2001", "period": "FY", "revenue": 216037000, "costOfRevenue": 149179000, "grossProfit": 66858000, "grossProfitRatio": 0.3094747659, "researchAndDevelopmentExpenses": 12570000, "generalAndAdministrativeExpenses": 0, "sellingAndMarketingExpenses": 0, "sellingGeneralAndAdministrativeExpenses": 39247000, "otherExpenses": 0, "operatingExpenses": 51817000, "costAndExpenses": 200996000, "interestIncome": 0, "interestExpense": 0, "depreciationAndAmortization": 13712000, "ebitda": 22795000, "ebitdaratio": 0.1055143332, "operatingIncome": 13046000, "operatingIncomeRatio": 0.0603878039, "totalOtherIncomeExpensesNet": 5958000, "incomeBeforeTax": 20979000, "incomeBeforeTaxRatio": 0.0971083657, "incomeTaxExpense": 5245000, "netIncome": 15734000, "netIncomeRatio": 0.0728301171, "eps": 1.03, "epsdiluted": 0.98, "weightedAverageShsOut": 15274479, "weightedAverageShsOutDil": 16001965, "link": "https://www.sec.gov/Archives/edgar/data/84748/000008474802000011/0000084748-02-000011-index.htm", "finalLink": "https://www.sec.gov/Archives/edgar/data/84748/000008474802000011/edg10k2001.txt", "calculatedOtherExpenses": 1995000, "calculatedOperatingExpenses": 53812000, "calculatedNetInterest": 0, "calculatedOtherIncome": 7933000, "calculatedIncomeNonControlling": 0, "calculatedEbitda": 26758000}, {"date": "2000-12-31", "symbol": "ROG", "reportedCurrency": "USD", "cik": "0000084748", "fillingDate": "2001-03-26", "acceptedDate": "2001-03-26 00:00:00", "calendarYear": "2000", "period": "FY", "revenue": 248215000, "costOfRevenue": 165710000, "grossProfit": 82505000, "grossProfitRatio": 0.3323932881, "researchAndDevelopmentExpenses": 12493000, "generalAndAdministrativeExpenses": 0, "sellingAndMarketingExpenses": 0, "sellingGeneralAndAdministrativeExpenses": 40529000, "otherExpenses": 0, "operatingExpenses": 53022000, "costAndExpenses": 218732000, "interestIncome": 0, "interestExpense": 0, "depreciationAndAmortization": 12507000, "ebitda": 34152000, "ebitdaratio": 0.1375903954, "operatingIncome": 29483000, "operatingIncomeRatio": 0.1187800898, "totalOtherIncomeExpensesNet": 7838000, "incomeBeforeTax": 37634000, "incomeBeforeTaxRatio": 0.1516185565, "incomeTaxExpense": 10914000, "netIncome": 26720000, "netIncomeRatio": 0.1076486111, "eps": 1.79, "epsdiluted": 1.69, "weightedAverageShsOut": 14896227, "weightedAverageShsOutDil": 15848736, "link": "https://www.sec.gov/Archives/edgar/data/84748/000008474801500003/0000084748-01-500003-index.htm", "finalLink": "https://www.sec.gov/Archives/edgar/data/84748/000008474801500003/r10k2000.txt", "calculatedOtherExpenses": 0, "calculatedOperatingExpenses": 53022000, "calculatedNetInterest": 0, "calculatedOtherIncome": 8151000, "calculatedIncomeNonControlling": 0, "calculatedEbitda": 41990000}, {"date": "1999-12-31", "symbol": "ROG", "reportedCurrency": "USD", "cik": "0000084748", "fillingDate": "2000-03-29", "acceptedDate": "2000-03-29 00:00:00", "calendarYear": "1999", "period": "FY", "revenue": 247800000, "costOfRevenue": 165600000, "grossProfit": 82200000, "grossProfitRatio": 0.3317191283, "researchAndDevelopmentExpenses": 10800000, "generalAndAdministrativeExpenses": 0, "sellingAndMarketingExpenses": 0, "sellingGeneralAndAdministrativeExpenses": 36700000, "otherExpenses": 10400000, "operatingExpenses": 57900000, "costAndExpenses": 223500000, "interestIncome": 0, "interestExpense": 0, "depreciationAndAmortization": 10400000, "ebitda": 33100000, "ebitdaratio": 0.1335754641, "operatingIncome": 24300000, "operatingIncomeRatio": 0.098062954, "totalOtherIncomeExpensesNet": 1600000, "incomeBeforeTax": 25800000, "incomeBeforeTaxRatio": 0.1041162228, "incomeTaxExpense": 7200000, "netIncome": 18600000, "netIncomeRatio": 0.0750605327, "eps": 0.62, "epsdiluted": 0.6, "weightedAverageShsOut": 30110068, "weightedAverageShsOutDil": 31285688, "link": "https://www.sec.gov/Archives/edgar/data/84748/000008474800000004/0000084748-00-000004-index.html", "finalLink": "https://www.sec.gov/Archives/edgar/data/84748/000008474800000004/", "calculatedOtherExpenses": 10400000, "calculatedOperatingExpenses": 57900000, "calculatedNetInterest": 0, "calculatedOtherIncome": 1500000, "calculatedIncomeNonControlling": 0, "calculatedEbitda": 34700000}, {"date": "1998-12-31", "symbol": "ROG", "reportedCurrency": "USD", "cik": "0000084748", "fillingDate": "1999-03-25", "acceptedDate": "1999-03-25 00:00:00", "calendarYear": "1998", "period": "FY", "revenue": 216600000, "costOfRevenue": 150100000, "grossProfit": 66500000, "grossProfitRatio": 0.3070175439, "researchAndDevelopmentExpenses": 10400000, "generalAndAdministrativeExpenses": 0, "sellingAndMarketingExpenses": 0, "sellingGeneralAndAdministrativeExpenses": 28100000, "otherExpenses": 8400000, "operatingExpenses": 46900000, "costAndExpenses": 197000000, "interestIncome": 0, "interestExpense": 0, "depreciationAndAmortization": 8400000, "ebitda": 28500000, "ebitdaratio": 0.1315789474, "operatingIncome": 19600000, "operatingIncomeRatio": 0.0904893813, "totalOtherIncomeExpensesNet": -500000, "incomeBeforeTax": 19200000, "incomeBeforeTaxRatio": 0.0886426593, "incomeTaxExpense": 5400000, "netIncome": 13800000, "netIncomeRatio": 0.0637119114, "eps": 0.91, "epsdiluted": 0.87, "weightedAverageShsOut": 15202470, "weightedAverageShsOutDil": 15799826, "link": "https://www.sec.gov/Archives/edgar/data/84748/000008474899000003/0000084748-99-000003-index.html", "finalLink": "https://www.sec.gov/Archives/edgar/data/84748/", "calculatedOtherExpenses": 8400000, "calculatedOperatingExpenses": 46900000, "calculatedNetInterest": 0, "calculatedOtherIncome": -400000, "calculatedIncomeNonControlling": 0, "calculatedEbitda": 28000000}, {"date": "1997-12-28", "symbol": "ROG", "reportedCurrency": "USD", "cik": "0000084748", "fillingDate": "1998-03-20", "acceptedDate": "1998-03-20 00:00:00", "calendarYear": "1997", "period": "FY", "revenue": 189700000, "costOfRevenue": 127000000, "grossProfit": 62700000, "grossProfitRatio": 0.3305218766, "researchAndDevelopmentExpenses": 9600000, "generalAndAdministrativeExpenses": 0, "sellingAndMarketingExpenses": 0, "sellingGeneralAndAdministrativeExpenses": 26100000, "otherExpenses": 6600000, "operatingExpenses": 42300000, "costAndExpenses": 169300000, "interestIncome": 0, "interestExpense": 0, "depreciationAndAmortization": 6600000, "ebitda": 25300000, "ebitdaratio": 0.1333684765, "operatingIncome": 20400000, "operatingIncomeRatio": 0.1075382182, "totalOtherIncomeExpensesNet": 1700000, "incomeBeforeTax": 22000000, "incomeBeforeTaxRatio": 0.1159725883, "incomeTaxExpense": 5500000, "netIncome": 16500000, "netIncomeRatio": 0.0869794412, "eps": 0.56, "epsdiluted": 0.53, "weightedAverageShsOut": 15088000, "weightedAverageShsOutDil": 15088000, "link": "https://www.sec.gov/Archives/edgar/data/84748/000008474898000010/0000084748-98-000010-index.html", "finalLink": "https://www.sec.gov/Archives/edgar/data/84748/", "calculatedOtherExpenses": 6600000, "calculatedOperatingExpenses": 42300000, "calculatedNetInterest": 0, "calculatedOtherIncome": 1600000, "calculatedIncomeNonControlling": 0, "calculatedEbitda": 27000000}, {"date": "1996-12-29", "symbol": "ROG", "reportedCurrency": "USD", "cik": "0000084748", "fillingDate": "1997-03-26", "acceptedDate": "1997-03-26 00:00:00", "calendarYear": "1996", "period": "FY", "revenue": 141500000, "costOfRevenue": 91500000, "grossProfit": 50000000, "grossProfitRatio": 0.3533568905, "researchAndDevelopmentExpenses": 0, "generalAndAdministrativeExpenses": 0, "sellingAndMarketingExpenses": 0, "sellingGeneralAndAdministrativeExpenses": 30500000, "otherExpenses": 5800000, "operatingExpenses": 36300000, "costAndExpenses": 127800000, "interestIncome": 0, "interestExpense": 0, "depreciationAndAmortization": 5800000, "ebitda": 15600000, "ebitdaratio": 0.1102473498, "operatingIncome": 13700000, "operatingIncomeRatio": 0.096819788, "totalOtherIncomeExpensesNet": 3900000, "incomeBeforeTax": 17600000, "incomeBeforeTaxRatio": 0.1243816254, "incomeTaxExpense": 3700000, "netIncome": 13900000, "netIncomeRatio": 0.0982332155, "eps": 0.48, "epsdiluted": 0.46, "weightedAverageShsOut": 14812000, "weightedAverageShsOutDil": 14812000, "link": "https://www.sec.gov/Archives/edgar/data/84748/000008474897000010/0000084748-97-000010-index.html", "finalLink": "https://www.sec.gov/Archives/edgar/data/84748/", "calculatedOtherExpenses": 5800000, "calculatedOperatingExpenses": 36300000, "calculatedNetInterest": 0, "calculatedOtherIncome": 3900000, "calculatedIncomeNonControlling": 0, "calculatedEbitda": 19500000}, {"date": "1995-12-31", "symbol": "ROG", "reportedCurrency": "USD", "cik": "0000084748", "fillingDate": "1996-03-29", "acceptedDate": "1996-03-29 00:00:00", "calendarYear": "1995", "period": "FY", "revenue": 140300000, "costOfRevenue": 90800000, "grossProfit": 49500000, "grossProfitRatio": 0.3528153956, "researchAndDevelopmentExpenses": 0, "generalAndAdministrativeExpenses": 0, "sellingAndMarketingExpenses": 0, "sellingGeneralAndAdministrativeExpenses": 30800000, "otherExpenses": 5700000, "operatingExpenses": 36500000, "costAndExpenses": 127300000, "interestIncome": 0, "interestExpense": 0, "depreciationAndAmortization": 5700000, "ebitda": 16300000, "ebitdaratio": 0.1161796151, "operatingIncome": 13000000, "operatingIncomeRatio": 0.0926585887, "totalOtherIncomeExpensesNet": 2400000, "incomeBeforeTax": 15400000, "incomeBeforeTaxRatio": 0.1097647897, "incomeTaxExpense": 2300000, "netIncome": 13100000, "netIncomeRatio": 0.0933713471, "eps": 0.46, "epsdiluted": 0.43, "weightedAverageShsOut": 14270000, "weightedAverageShsOutDil": 14270000, "link": "https://www.sec.gov/Archives/edgar/data/84748/000008474896000006/0000084748-96-000006-index.html", "finalLink": "https://www.sec.gov/Archives/edgar/data/84748/", "calculatedOtherExpenses": 5700000, "calculatedOperatingExpenses": 36500000, "calculatedNetInterest": 0, "calculatedOtherIncome": 2400000, "calculatedIncomeNonControlling": 0, "calculatedEbitda": 18700000}, {"date": "1994-12-31", "symbol": "ROG", "reportedCurrency": "USD", "cik": "0000084748", "fillingDate": "1995-03-29", "acceptedDate": "1995-03-29 00:00:00", "calendarYear": "1994", "period": "FY", "revenue": 133900000, "costOfRevenue": 87000000, "grossProfit": 46900000, "grossProfitRatio": 0.3502613891, "researchAndDevelopmentExpenses": 0, "generalAndAdministrativeExpenses": 0, "sellingAndMarketingExpenses": 0, "sellingGeneralAndAdministrativeExpenses": 29900000, "otherExpenses": 6700000, "operatingExpenses": 36600000, "costAndExpenses": 123600000, "interestIncome": 0, "interestExpense": 0, "depreciationAndAmortization": 6700000, "ebitda": 15400000, "ebitdaratio": 0.1150112024, "operatingIncome": 10300000, "operatingIncomeRatio": 0.0769230769, "totalOtherIncomeExpensesNet": 1600000, "incomeBeforeTax": 10700000, "incomeBeforeTaxRatio": 0.0799103809, "incomeTaxExpense": 600000, "netIncome": 10100000, "netIncomeRatio": 0.0754294249, "eps": 0.71, "epsdiluted": 0.69, "weightedAverageShsOut": 14258632, "weightedAverageShsOutDil": 14645992, "link": "https://www.sec.gov/Archives/edgar/data/84748/000008474895000008/0000084748-95-000008-index.html", "finalLink": "https://www.sec.gov/Archives/edgar/data/84748/", "calculatedOtherExpenses": 6700000, "calculatedOperatingExpenses": 36600000, "calculatedNetInterest": 0, "calculatedOtherIncome": 400000, "calculatedIncomeNonControlling": 0, "calculatedEbitda": 17000000}, {"date": "1993-12-31", "symbol": "ROG", "reportedCurrency": "USD", "cik": "0000084748", "fillingDate": "1994-03-31", "acceptedDate": "1994-03-31 00:00:00", "calendarYear": "1993", "period": "FY", "revenue": 123200000, "costOfRevenue": 82600000, "grossProfit": 40600000, "grossProfitRatio": 0.3295454545, "researchAndDevelopmentExpenses": 0, "generalAndAdministrativeExpenses": 0, "sellingAndMarketingExpenses": 0, "sellingGeneralAndAdministrativeExpenses": 25500000, "otherExpenses": 6700000, "operatingExpenses": 32200000, "costAndExpenses": 114800000, "interestIncome": 0, "interestExpense": 0, "depreciationAndAmortization": 6700000, "ebitda": 14100000, "ebitdaratio": 0.1144480519, "operatingIncome": 8400000, "operatingIncomeRatio": 0.0681818182, "totalOtherIncomeExpensesNet": 1000000, "incomeBeforeTax": 9400000, "incomeBeforeTaxRatio": 0.0762987013, "incomeTaxExpense": 1700000, "netIncome": 6700000, "netIncomeRatio": 0.0543831169, "eps": 0.14, "epsdiluted": 0.13, "weightedAverageShsOut": 12888000, "weightedAverageShsOutDil": 12888000, "link": "https://www.sec.gov/Archives/edgar/data/84748/000008474894000012/0000084748-94-000012-index.html", "finalLink": "https://www.sec.gov/Archives/edgar/data/84748/", "calculatedOtherExpenses": 6700000, "calculatedOperatingExpenses": 32200000, "calculatedNetInterest": 0, "calculatedOtherIncome": 1000000, "calculatedIncomeNonControlling": 1000000, "calculatedEbitda": 15100000}, {"date": "1992-12-31", "symbol": "ROG", "reportedCurrency": "USD", "cik": "0000084748", "fillingDate": "1992-12-31", "acceptedDate": "1992-12-30 19:00:00", "calendarYear": "1992", "period": "FY", "revenue": 172400000, "costOfRevenue": 129900000, "grossProfit": 42500000, "grossProfitRatio": 0.2465197216, "researchAndDevelopmentExpenses": 0, "generalAndAdministrativeExpenses": 0, "sellingAndMarketingExpenses": 0, "sellingGeneralAndAdministrativeExpenses": 56900000, "otherExpenses": 10900000, "operatingExpenses": 67800000, "costAndExpenses": 197700000, "interestIncome": 0, "interestExpense": 0, "depreciationAndAmortization": 10900000, "ebitda": -14900000, "ebitdaratio": -0.0864269142, "operatingIncome": -25300000, "operatingIncomeRatio": -0.1467517401, "totalOtherIncomeExpensesNet": 500000, "incomeBeforeTax": -28000000, "incomeBeforeTaxRatio": -0.162412993, "incomeTaxExpense": -1600000, "netIncome": -32600000, "netIncomeRatio": -0.1890951276, "eps": -2.63, "epsdiluted": -2.63, "weightedAverageShsOut": 12404000, "weightedAverageShsOutDil": 12404000, "link": "", "finalLink": "", "calculatedOtherExpenses": 10900000, "calculatedOperatingExpenses": 67800000, "calculatedNetInterest": 0, "calculatedOtherIncome": -2700000, "calculatedIncomeNonControlling": 6200000, "calculatedEbitda": -14400000}, {"date": "1991-12-31", "symbol": "ROG", "reportedCurrency": "USD", "cik": "0000084748", "fillingDate": "1991-12-31", "acceptedDate": "1991-12-30 19:00:00", "calendarYear": "1991", "period": "FY", "revenue": 182400000, "costOfRevenue": 134000000, "grossProfit": 48400000, "grossProfitRatio": 0.2653508772, "researchAndDevelopmentExpenses": 0, "generalAndAdministrativeExpenses": 0, "sellingAndMarketingExpenses": 0, "sellingGeneralAndAdministrativeExpenses": 37700000, "otherExpenses": 11700000, "operatingExpenses": 49400000, "costAndExpenses": 183400000, "interestIncome": 0, "interestExpense": 0, "depreciationAndAmortization": 11700000, "ebitda": 9800000, "ebitdaratio": 0.0537280702, "operatingIncome": -1000000, "operatingIncomeRatio": -0.0054824561, "totalOtherIncomeExpensesNet": 900000, "incomeBeforeTax": -3400000, "incomeBeforeTaxRatio": -0.0186403509, "incomeTaxExpense": -1100000, "netIncome": -2300000, "netIncomeRatio": -0.0126096491, "eps": -0.19, "epsdiluted": -0.19, "weightedAverageShsOut": 12340000, "weightedAverageShsOutDil": 12340000, "link": "", "finalLink": "", "calculatedOtherExpenses": 11700000, "calculatedOperatingExpenses": 49400000, "calculatedNetInterest": 0, "calculatedOtherIncome": -2400000, "calculatedIncomeNonControlling": 0, "calculatedEbitda": 10700000}, {"date": "1990-12-31", "symbol": "ROG", "reportedCurrency": "USD", "cik": "0000084748", "fillingDate": "1990-12-31", "acceptedDate": "1990-12-30 19:00:00", "calendarYear": "1990", "period": "FY", "revenue": 190300000, "costOfRevenue": 139400000, "grossProfit": 50900000, "grossProfitRatio": 0.267472412, "researchAndDevelopmentExpenses": 0, "generalAndAdministrativeExpenses": 0, "sellingAndMarketingExpenses": 0, "sellingGeneralAndAdministrativeExpenses": 42100000, "otherExpenses": 11200000, "operatingExpenses": 53300000, "costAndExpenses": 192700000, "interestIncome": 0, "interestExpense": 0, "depreciationAndAmortization": 11200000, "ebitda": 6900000, "ebitdaratio": 0.0362585391, "operatingIncome": -2400000, "operatingIncomeRatio": -0.0126116658, "totalOtherIncomeExpensesNet": 1900000, "incomeBeforeTax": -3600000, "incomeBeforeTaxRatio": -0.0189174987, "incomeTaxExpense": -1200000, "netIncome": -2400000, "netIncomeRatio": -0.0126116658, "eps": -0.2, "epsdiluted": -0.2, "weightedAverageShsOut": 12300000, "weightedAverageShsOutDil": 12300000, "link": "", "finalLink": "", "calculatedOtherExpenses": 11200000, "calculatedOperatingExpenses": 53300000, "calculatedNetInterest": 0, "calculatedOtherIncome": -1200000, "calculatedIncomeNonControlling": 0, "calculatedEbitda": 8800000}, {"date": "1989-12-31", "symbol": "ROG", "reportedCurrency": "USD", "cik": "0000084748", "fillingDate": "1989-12-31", "acceptedDate": "1989-12-30 19:00:00", "calendarYear": "1989", "period": "FY", "revenue": 174900000, "costOfRevenue": 126700000, "grossProfit": 48200000, "grossProfitRatio": 0.2755860492, "researchAndDevelopmentExpenses": 0, "generalAndAdministrativeExpenses": 0, "sellingAndMarketingExpenses": 0, "sellingGeneralAndAdministrativeExpenses": 32600000, "otherExpenses": 10600000, "operatingExpenses": 43200000, "costAndExpenses": 169900000, "interestIncome": 0, "interestExpense": 0, "depreciationAndAmortization": 10600000, "ebitda": 14400000, "ebitdaratio": 0.0823327616, "operatingIncome": 5000000, "operatingIncomeRatio": 0.0285877644, "totalOtherIncomeExpensesNet": 1200000, "incomeBeforeTax": 2200000, "incomeBeforeTaxRatio": 0.0125786164, "incomeTaxExpense": 600000, "netIncome": 1600000, "netIncomeRatio": 0.0091480846, "eps": 0.035, "epsdiluted": 0.035, "weightedAverageShsOut": 12252000, "weightedAverageShsOutDil": 12252000, "link": "", "finalLink": "", "calculatedOtherExpenses": 10600000, "calculatedOperatingExpenses": 43200000, "calculatedNetInterest": 0, "calculatedOtherIncome": -2800000, "calculatedIncomeNonControlling": 0, "calculatedEbitda": 15600000}, {"date": "1988-12-31", "symbol": "ROG", "reportedCurrency": "USD", "cik": "0000084748", "fillingDate": "1988-12-31", "acceptedDate": "1988-12-30 19:00:00", "calendarYear": "1988", "period": "FY", "revenue": 162500000, "costOfRevenue": 117900000, "grossProfit": 44600000, "grossProfitRatio": 0.2744615385, "researchAndDevelopmentExpenses": 0, "generalAndAdministrativeExpenses": 0, "sellingAndMarketingExpenses": 0, "sellingGeneralAndAdministrativeExpenses": 32300000, "otherExpenses": 9600000, "operatingExpenses": 41900000, "costAndExpenses": 159800000, "interestIncome": 0, "interestExpense": 0, "depreciationAndAmortization": 9600000, "ebitda": 10800000, "ebitdaratio": 0.0664615385, "operatingIncome": 2700000, "operatingIncomeRatio": 0.0166153846, "totalOtherIncomeExpensesNet": 1500000, "incomeBeforeTax": 1400000, "incomeBeforeTaxRatio": 0.0086153846, "incomeTaxExpense": 400000, "netIncome": 1000000, "netIncomeRatio": 0.0061538462, "eps": 0.0225, "epsdiluted": 0.0225, "weightedAverageShsOut": 12000000, "weightedAverageShsOutDil": 12000000, "link": "", "finalLink": "", "calculatedOtherExpenses": 9600000, "calculatedOperatingExpenses": 41900000, "calculatedNetInterest": 0, "calculatedOtherIncome": -1300000, "calculatedIncomeNonControlling": 0, "calculatedEbitda": 12300000}, {"date": "1987-12-31", "symbol": "ROG", "reportedCurrency": "USD", "cik": "0000084748", "fillingDate": "1987-12-31", "acceptedDate": "1987-12-30 19:00:00", "calendarYear": "1987", "period": "FY", "revenue": 145300000, "costOfRevenue": 101100000, "grossProfit": 44200000, "grossProfitRatio": 0.3041982106, "researchAndDevelopmentExpenses": 0, "generalAndAdministrativeExpenses": 0, "sellingAndMarketingExpenses": 0, "sellingGeneralAndAdministrativeExpenses": 30100000, "otherExpenses": 8600000, "operatingExpenses": 38700000, "costAndExpenses": 139800000, "interestIncome": 0, "interestExpense": 0, "depreciationAndAmortization": 8600000, "ebitda": 12800000, "ebitdaratio": 0.0880935994, "operatingIncome": 5500000, "operatingIncomeRatio": 0.0378527185, "totalOtherIncomeExpensesNet": 1300000, "incomeBeforeTax": 4900000, "incomeBeforeTaxRatio": 0.033723331, "incomeTaxExpense": 1500000, "netIncome": 3400000, "netIncomeRatio": 0.0233998624, "eps": 0.0725, "epsdiluted": 0.0725, "weightedAverageShsOut": 11924000, "weightedAverageShsOutDil": 11924000, "link": "", "finalLink": "", "calculatedOtherExpenses": 8600000, "calculatedOperatingExpenses": 38700000, "calculatedNetInterest": 0, "calculatedOtherIncome": -600000, "calculatedIncomeNonControlling": 0, "calculatedEbitda": 14100000}, {"date": "1986-12-31", "symbol": "ROG", "reportedCurrency": "USD", "cik": "0000084748", "fillingDate": "1986-12-31", "acceptedDate": "1986-12-30 19:00:00", "calendarYear": "1986", "period": "FY", "revenue": 128800000, "costOfRevenue": 90800000, "grossProfit": 38000000, "grossProfitRatio": 0.2950310559, "researchAndDevelopmentExpenses": 0, "generalAndAdministrativeExpenses": 0, "sellingAndMarketingExpenses": 0, "sellingGeneralAndAdministrativeExpenses": 27100000, "otherExpenses": 7300000, "operatingExpenses": 34400000, "costAndExpenses": 125200000, "interestIncome": 0, "interestExpense": 0, "depreciationAndAmortization": 7300000, "ebitda": 9900000, "ebitdaratio": 0.076863354, "operatingIncome": 3600000, "operatingIncomeRatio": 0.0279503106, "totalOtherIncomeExpensesNet": 1000000, "incomeBeforeTax": 2600000, "incomeBeforeTaxRatio": 0.0201863354, "incomeTaxExpense": 300000, "netIncome": 2300000, "netIncomeRatio": 0.0178571429, "eps": 0.05, "epsdiluted": 0.05, "weightedAverageShsOut": 11876000, "weightedAverageShsOutDil": 11876000, "link": "", "finalLink": "", "calculatedOtherExpenses": 7300000, "calculatedOperatingExpenses": 34400000, "calculatedNetInterest": 0, "calculatedOtherIncome": -1000000, "calculatedIncomeNonControlling": 0, "calculatedEbitda": 10900000}, {"date": "1985-12-31", "symbol": "ROG", "reportedCurrency": "USD", "cik": "0000084748", "fillingDate": "1985-12-31", "acceptedDate": "1985-12-30 19:00:00", "calendarYear": "1985", "period": "FY", "revenue": 125300000, "costOfRevenue": 91500000, "grossProfit": 33800000, "grossProfitRatio": 0.2697525938, "researchAndDevelopmentExpenses": 0, "generalAndAdministrativeExpenses": 0, "sellingAndMarketingExpenses": 0, "sellingGeneralAndAdministrativeExpenses": 27700000, "otherExpenses": 5900000, "operatingExpenses": 33600000, "costAndExpenses": 125100000, "interestIncome": 0, "interestExpense": 0, "depreciationAndAmortization": 5900000, "ebitda": 5400000, "ebitdaratio": 0.0430965682, "operatingIncome": 200000, "operatingIncomeRatio": 0.0015961692, "totalOtherIncomeExpensesNet": 700000, "incomeBeforeTax": -900000, "incomeBeforeTaxRatio": -0.0071827614, "incomeTaxExpense": -1700000, "netIncome": 800000, "netIncomeRatio": 0.0063846768, "eps": 0.0175, "epsdiluted": 0.0175, "weightedAverageShsOut": 11832000, "weightedAverageShsOutDil": 11832000, "link": "", "finalLink": "", "calculatedOtherExpenses": 5900000, "calculatedOperatingExpenses": 33600000, "calculatedNetInterest": 0, "calculatedOtherIncome": -1100000, "calculatedIncomeNonControlling": 0, "calculatedEbitda": 6100000}]}