{"originalCurrency": "USD", "convertedCurrency": "USD", "report": [{"date": "2023-09-30", "symbol": "ROK", "reportedCurrency": "USD", "cik": "0001024478", "fillingDate": "2023-11-08", "acceptedDate": "2023-11-08 08:56:55", "calendarYear": "2023", "period": "FY", "revenue": 9058000000, "costOfRevenue": 5341000000, "grossProfit": 3717000000, "grossProfitRatio": 0.4103554869, "researchAndDevelopmentExpenses": 529500000, "generalAndAdministrativeExpenses": 0, "sellingAndMarketingExpenses": 0, "sellingGeneralAndAdministrativeExpenses": 2023700000, "otherExpenses": -71300000, "operatingExpenses": 2023700000, "costAndExpenses": 7364700000, "interestIncome": 9700000, "interestExpense": 135300000, "depreciationAndAmortization": 250400000, "ebitda": 1872400000, "ebitdaratio": 0.2067122985, "operatingIncome": 1622000000, "operatingIncomeRatio": 0.179068227, "totalOtherIncomeExpensesNet": 50500000, "incomeBeforeTax": 1608500000, "incomeBeforeTaxRatio": 0.1775778318, "incomeTaxExpense": 330500000, "netIncome": 1278000000, "netIncomeRatio": 0.1410907485, "eps": 12.03, "epsdiluted": 11.95, "weightedAverageShsOut": 114800000, "weightedAverageShsOutDil": 115600000, "link": "https://www.sec.gov/Archives/edgar/data/1024478/000102447823000126/0001024478-23-000126-index.htm", "finalLink": "https://www.sec.gov/Archives/edgar/data/1024478/000102447823000126/rok-20230930.htm", "calculatedOtherExpenses": -458200000, "calculatedOperatingExpenses": 2095000000, "calculatedNetInterest": -125600000, "calculatedOtherIncome": 112100000, "calculatedIncomeNonControlling": 0, "calculatedEbitda": 1872400000}, {"date": "2022-09-30", "symbol": "ROK", "reportedCurrency": "USD", "cik": "0001024478", "fillingDate": "2022-11-08", "acceptedDate": "2022-11-08 14:05:57", "calendarYear": "2022", "period": "FY", "revenue": 7760400000, "costOfRevenue": 4658400000, "grossProfit": 3102000000, "grossProfitRatio": 0.3997216638, "researchAndDevelopmentExpenses": 440900000, "generalAndAdministrativeExpenses": 0, "sellingAndMarketingExpenses": 0, "sellingGeneralAndAdministrativeExpenses": 1766700000, "otherExpenses": -1600000, "operatingExpenses": 1766700000, "costAndExpenses": 6425100000, "interestIncome": 4400000, "interestExpense": 123200000, "depreciationAndAmortization": 238900000, "ebitda": 1572600000, "ebitdaratio": 0.2026441936, "operatingIncome": 1333700000, "operatingIncomeRatio": 0.171859698, "totalOtherIncomeExpensesNet": -260100000, "incomeBeforeTax": 1073600000, "incomeBeforeTaxRatio": 0.1383433844, "incomeTaxExpense": 154500000, "netIncome": 919100000, "netIncomeRatio": 0.1184346168, "eps": 8.02, "epsdiluted": 7.96, "weightedAverageShsOut": 115900000, "weightedAverageShsOutDil": 116700000, "link": "https://www.sec.gov/Archives/edgar/data/1024478/000102447822000093/0001024478-22-000093-index.htm", "finalLink": "https://www.sec.gov/Archives/edgar/data/1024478/000102447822000093/rok-20220930.htm", "calculatedOtherExpenses": -439300000, "calculatedOperatingExpenses": 1768300000, "calculatedNetInterest": -118800000, "calculatedOtherIncome": -141300000, "calculatedIncomeNonControlling": 0, "calculatedEbitda": 1572600000}, {"date": "2021-09-30", "symbol": "ROK", "reportedCurrency": "USD", "cik": "0001024478", "fillingDate": "2021-11-09", "acceptedDate": "2021-11-09 13:46:19", "calendarYear": "2021", "period": "FY", "revenue": 6997400000, "costOfRevenue": 4099700000, "grossProfit": 2897700000, "grossProfitRatio": 0.4141109555, "researchAndDevelopmentExpenses": 422500000, "generalAndAdministrativeExpenses": 0, "sellingAndMarketingExpenses": 0, "sellingGeneralAndAdministrativeExpenses": 1680000000, "otherExpenses": 5700000, "operatingExpenses": 1680000000, "costAndExpenses": 5779700000, "interestIncome": 1600000, "interestExpense": 94600000, "depreciationAndAmortization": 189800000, "ebitda": 1413200000, "ebitdaratio": 0.2019607283, "operatingIncome": 1223400000, "operatingIncomeRatio": 0.1748363678, "totalOtherIncomeExpensesNet": 302800000, "incomeBeforeTax": 1526200000, "incomeBeforeTaxRatio": 0.2181095836, "incomeTaxExpense": 181900000, "netIncome": 1344300000, "netIncomeRatio": 0.1921142139, "eps": 11.69, "epsdiluted": 11.58, "weightedAverageShsOut": 116000000, "weightedAverageShsOutDil": 117100000, "link": "https://www.sec.gov/Archives/edgar/data/1024478/000102447821000083/0001024478-21-000083-index.htm", "finalLink": "https://www.sec.gov/Archives/edgar/data/1024478/000102447821000083/rok-20210930.htm", "calculatedOtherExpenses": -428200000, "calculatedOperatingExpenses": 1674300000, "calculatedNetInterest": -93000000, "calculatedOtherIncome": 395800000, "calculatedIncomeNonControlling": 0, "calculatedEbitda": 1413200000}, {"date": "2020-09-30", "symbol": "ROK", "reportedCurrency": "USD", "cik": "0001024478", "fillingDate": "2020-11-10", "acceptedDate": "2020-11-10 13:49:48", "calendarYear": "2020", "period": "FY", "revenue": 6329800000, "costOfRevenue": 3734600000, "grossProfit": 2595200000, "grossProfitRatio": 0.4099971563, "researchAndDevelopmentExpenses": 371500000, "generalAndAdministrativeExpenses": 0, "sellingAndMarketingExpenses": 0, "sellingGeneralAndAdministrativeExpenses": 1479800000, "otherExpenses": -29700000, "operatingExpenses": 1479800000, "costAndExpenses": 5214400000, "interestIncome": 5500000, "interestExpense": 103500000, "depreciationAndAmortization": 172700000, "ebitda": 1258400000, "ebitdaratio": 0.1988056495, "operatingIncome": 1085700000, "operatingIncomeRatio": 0.171522007, "totalOtherIncomeExpensesNet": 50400000, "incomeBeforeTax": 1136100000, "incomeBeforeTaxRatio": 0.1794843439, "incomeTaxExpense": 112900000, "netIncome": 1023400000, "netIncomeRatio": 0.1616796739, "eps": 8.83, "epsdiluted": 8.77, "weightedAverageShsOut": 115800000, "weightedAverageShsOutDil": 116600000, "link": "https://www.sec.gov/Archives/edgar/data/1024478/000102447820000038/0001024478-20-000038-index.htm", "finalLink": "https://www.sec.gov/Archives/edgar/data/1024478/000102447820000038/fy2020form10k.htm", "calculatedOtherExpenses": -341800000, "calculatedOperatingExpenses": 1509500000, "calculatedNetInterest": -98000000, "calculatedOtherIncome": 148400000, "calculatedIncomeNonControlling": -200000, "calculatedEbitda": 1258400000}, {"date": "2019-09-30", "symbol": "ROK", "reportedCurrency": "USD", "cik": "0001024478", "fillingDate": "2019-11-12", "acceptedDate": "2019-11-12 10:58:12", "calendarYear": "2019", "period": "FY", "revenue": 6694800000, "costOfRevenue": 3794700000, "grossProfit": 2900100000, "grossProfitRatio": 0.4331869511, "researchAndDevelopmentExpenses": 378900000, "generalAndAdministrativeExpenses": 0, "sellingAndMarketingExpenses": 0, "sellingGeneralAndAdministrativeExpenses": 1538500000, "otherExpenses": -362400000, "operatingExpenses": 1538500000, "costAndExpenses": 5333200000, "interestIncome": 11100000, "interestExpense": 98200000, "depreciationAndAmortization": 152200000, "ebitda": 1151400000, "ebitdaratio": 0.1719842266, "operatingIncome": 999200000, "operatingIncomeRatio": 0.1492501643, "totalOtherIncomeExpensesNet": -98200000, "incomeBeforeTax": 901000000, "incomeBeforeTaxRatio": 0.1345820637, "incomeTaxExpense": 205200000, "netIncome": 695800000, "netIncomeRatio": 0.1039314095, "eps": 5.88, "epsdiluted": 5.83, "weightedAverageShsOut": 118300000, "weightedAverageShsOutDil": 119300000, "link": "https://www.sec.gov/Archives/edgar/data/1024478/000102447819000044/0001024478-19-000044-index.htm", "finalLink": "https://www.sec.gov/Archives/edgar/data/1024478/000102447819000044/fy2019form10k.htm", "calculatedOtherExpenses": -16500000, "calculatedOperatingExpenses": 1900900000, "calculatedNetInterest": -87100000, "calculatedOtherIncome": -11100000, "calculatedIncomeNonControlling": 0, "calculatedEbitda": 1151400000}, {"date": "2018-09-30", "symbol": "ROK", "reportedCurrency": "USD", "cik": "0001024478", "fillingDate": "2018-11-09", "acceptedDate": "2018-11-09 12:00:41", "calendarYear": "2018", "period": "FY", "revenue": 6666000000, "costOfRevenue": 3793800000, "grossProfit": 2872200000, "grossProfitRatio": 0.4308730873, "researchAndDevelopmentExpenses": 371800000, "generalAndAdministrativeExpenses": 1599000000, "sellingAndMarketingExpenses": 0, "sellingGeneralAndAdministrativeExpenses": 1599000000, "otherExpenses": 130600000, "operatingExpenses": 1599000000, "costAndExpenses": 5392800000, "interestIncome": 24400000, "interestExpense": 73000000, "depreciationAndAmortization": 164600000, "ebitda": 1568400000, "ebitdaratio": 0.2352835284, "operatingIncome": 1273200000, "operatingIncomeRatio": 0.1909990999, "totalOtherIncomeExpensesNet": 130600000, "incomeBeforeTax": 1330800000, "incomeBeforeTaxRatio": 0.199639964, "incomeTaxExpense": 795300000, "netIncome": 535500000, "netIncomeRatio": 0.0803330333, "eps": 4.42, "epsdiluted": 4.22, "weightedAverageShsOut": 121100000, "weightedAverageShsOutDil": 126900000, "link": "https://www.sec.gov/Archives/edgar/data/1024478/000102447818000032/0001024478-18-000032-index.htm", "finalLink": "https://www.sec.gov/Archives/edgar/data/1024478/000102447818000032/fy2018form10k.htm", "calculatedOtherExpenses": -371800000, "calculatedOperatingExpenses": 1599000000, "calculatedNetInterest": -48600000, "calculatedOtherIncome": 106200000, "calculatedIncomeNonControlling": 0, "calculatedEbitda": 1437800000}, {"date": "2017-09-30", "symbol": "ROK", "reportedCurrency": "USD", "cik": "0001024478", "fillingDate": "2017-11-15", "acceptedDate": "2017-11-15 11:51:58", "calendarYear": "2017", "period": "FY", "revenue": 6311300000, "costOfRevenue": 3687100000, "grossProfit": 2624200000, "grossProfitRatio": 0.4157938935, "researchAndDevelopmentExpenses": 348200000, "generalAndAdministrativeExpenses": 1591500000, "sellingAndMarketingExpenses": 0, "sellingGeneralAndAdministrativeExpenses": 1591500000, "otherExpenses": 80900000, "operatingExpenses": 1591500000, "costAndExpenses": 5278600000, "interestIncome": 19600000, "interestExpense": 76200000, "depreciationAndAmortization": 168900000, "ebitda": 1282500000, "ebitdaratio": 0.2032069463, "operatingIncome": 1032700000, "operatingIncomeRatio": 0.163627145, "totalOtherIncomeExpensesNet": 80900000, "incomeBeforeTax": 1037400000, "incomeBeforeTaxRatio": 0.164371841, "incomeTaxExpense": 211700000, "netIncome": 825700000, "netIncomeRatio": 0.1308288308, "eps": 6.43, "epsdiluted": 6.35, "weightedAverageShsOut": 128400000, "weightedAverageShsOutDil": 129900000, "link": "https://www.sec.gov/Archives/edgar/data/1024478/000102447817000034/0001024478-17-000034-index.htm", "finalLink": "https://www.sec.gov/Archives/edgar/data/1024478/000102447817000034/fy2017form10k.htm", "calculatedOtherExpenses": -348200000, "calculatedOperatingExpenses": 1591500000, "calculatedNetInterest": -56600000, "calculatedOtherIncome": 61300000, "calculatedIncomeNonControlling": 0, "calculatedEbitda": 1201600000}, {"date": "2016-09-30", "symbol": "ROK", "reportedCurrency": "USD", "cik": "0001024478", "fillingDate": "2016-11-15", "acceptedDate": "2016-11-15 13:03:41", "calendarYear": "2016", "period": "FY", "revenue": 5879500000, "costOfRevenue": 3404000000, "grossProfit": 2475500000, "grossProfitRatio": 0.421039204, "researchAndDevelopmentExpenses": 319300000, "generalAndAdministrativeExpenses": 1467400000, "sellingAndMarketingExpenses": 0, "sellingGeneralAndAdministrativeExpenses": 1467400000, "otherExpenses": 6300000, "operatingExpenses": 1467400000, "costAndExpenses": 4871400000, "interestIncome": 12700000, "interestExpense": 71300000, "depreciationAndAmortization": 172200000, "ebitda": 1186600000, "ebitdaratio": 0.2018198826, "operatingIncome": 1008100000, "operatingIncomeRatio": 0.1714601582, "totalOtherIncomeExpensesNet": 6300000, "incomeBeforeTax": 943100000, "incomeBeforeTaxRatio": 0.1604047963, "incomeTaxExpense": 213400000, "netIncome": 729700000, "netIncomeRatio": 0.124109193, "eps": 5.68, "epsdiluted": 5.56, "weightedAverageShsOut": 128500000, "weightedAverageShsOutDil": 131100000, "link": "https://www.sec.gov/Archives/edgar/data/1024478/000102447816000071/0001024478-16-000071-index.htm", "finalLink": "https://www.sec.gov/Archives/edgar/data/1024478/000102447816000071/fy2016form10k.htm", "calculatedOtherExpenses": -319300000, "calculatedOperatingExpenses": 1467400000, "calculatedNetInterest": -58600000, "calculatedOtherIncome": -6400000, "calculatedIncomeNonControlling": 0, "calculatedEbitda": 1180300000}, {"date": "2015-09-30", "symbol": "ROK", "reportedCurrency": "USD", "cik": "0001024478", "fillingDate": "2015-11-17", "acceptedDate": "2015-11-17 12:43:45", "calendarYear": "2015", "period": "FY", "revenue": 6307900000, "costOfRevenue": 3604800000, "grossProfit": 2703100000, "grossProfitRatio": 0.4285261339, "researchAndDevelopmentExpenses": 307300000, "generalAndAdministrativeExpenses": 1506400000, "sellingAndMarketingExpenses": 0, "sellingGeneralAndAdministrativeExpenses": 1506400000, "otherExpenses": -5500000, "operatingExpenses": 1506400000, "costAndExpenses": 5111200000, "interestIncome": 10700000, "interestExpense": 63700000, "depreciationAndAmortization": 162500000, "ebitda": 1353700000, "ebitdaratio": 0.2146039094, "operatingIncome": 1196700000, "operatingIncomeRatio": 0.189714485, "totalOtherIncomeExpensesNet": -5500000, "incomeBeforeTax": 1127500000, "incomeBeforeTaxRatio": 0.1787441145, "incomeTaxExpense": 299900000, "netIncome": 827600000, "netIncomeRatio": 0.131200558, "eps": 6.25, "epsdiluted": 6.09, "weightedAverageShsOut": 132400000, "weightedAverageShsOutDil": 135700000, "link": "https://www.sec.gov/Archives/edgar/data/1024478/000102447815000028/0001024478-15-000028-index.htm", "finalLink": "https://www.sec.gov/Archives/edgar/data/1024478/000102447815000028/fy2015form10k.htm", "calculatedOtherExpenses": -307300000, "calculatedOperatingExpenses": 1506400000, "calculatedNetInterest": -53000000, "calculatedOtherIncome": -16200000, "calculatedIncomeNonControlling": 0, "calculatedEbitda": 1359200000}, {"date": "2014-09-30", "symbol": "ROK", "reportedCurrency": "USD", "cik": "0001024478", "fillingDate": "2014-11-18", "acceptedDate": "2014-11-18 15:33:33", "calendarYear": "2014", "period": "FY", "revenue": 6623500000, "costOfRevenue": 3869600000, "grossProfit": 2753900000, "grossProfitRatio": 0.4157771571, "researchAndDevelopmentExpenses": 290100000, "generalAndAdministrativeExpenses": 1570100000, "sellingAndMarketingExpenses": 0, "sellingGeneralAndAdministrativeExpenses": 1570100000, "otherExpenses": 9700000, "operatingExpenses": 1570100000, "costAndExpenses": 5439700000, "interestIncome": 9500000, "interestExpense": 59300000, "depreciationAndAmortization": 152500000, "ebitda": 1346000000, "ebitdaratio": 0.2032158225, "operatingIncome": 1183800000, "operatingIncomeRatio": 0.178727259, "totalOtherIncomeExpensesNet": 9700000, "incomeBeforeTax": 1134200000, "incomeBeforeTaxRatio": 0.171238771, "incomeTaxExpense": 307400000, "netIncome": 826800000, "netIncomeRatio": 0.124828263, "eps": 6.05, "epsdiluted": 5.91, "weightedAverageShsOut": 136700000, "weightedAverageShsOutDil": 139700000, "link": "https://www.sec.gov/Archives/edgar/data/1024478/000102447814000031/0001024478-14-000031-index.htm", "finalLink": "https://www.sec.gov/Archives/edgar/data/1024478/000102447814000031/fy2014form10k.htm", "calculatedOtherExpenses": -290100000, "calculatedOperatingExpenses": 1570100000, "calculatedNetInterest": -49800000, "calculatedOtherIncome": 200000, "calculatedIncomeNonControlling": 0, "calculatedEbitda": 1336300000}, {"date": "2013-09-30", "symbol": "ROK", "reportedCurrency": "USD", "cik": "0001024478", "fillingDate": "2013-11-18", "acceptedDate": "2013-11-18 16:27:01", "calendarYear": "2013", "period": "FY", "revenue": 6351900000, "costOfRevenue": 3778100000, "grossProfit": 2573800000, "grossProfitRatio": 0.4052015932, "researchAndDevelopmentExpenses": 260700000, "generalAndAdministrativeExpenses": 1537700000, "sellingAndMarketingExpenses": 0, "sellingGeneralAndAdministrativeExpenses": 1537700000, "otherExpenses": 5700000, "operatingExpenses": 1537700000, "costAndExpenses": 5315800000, "interestIncome": 9800000, "interestExpense": 60900000, "depreciationAndAmortization": 145200000, "ebitda": 1187000000, "ebitdaratio": 0.186873219, "operatingIncome": 1036100000, "operatingIncomeRatio": 0.1631165478, "totalOtherIncomeExpensesNet": 5700000, "incomeBeforeTax": 980900000, "incomeBeforeTaxRatio": 0.1544262347, "incomeTaxExpense": 224600000, "netIncome": 756300000, "netIncomeRatio": 0.1190667359, "eps": 5.44, "epsdiluted": 5.36, "weightedAverageShsOut": 138900000, "weightedAverageShsOutDil": 140900000, "link": "https://www.sec.gov/Archives/edgar/data/1024478/000102447813000035/0001024478-13-000035-index.htm", "finalLink": "https://www.sec.gov/Archives/edgar/data/1024478/000102447813000035/fy2013form10k.htm", "calculatedOtherExpenses": -260700000, "calculatedOperatingExpenses": 1537700000, "calculatedNetInterest": -51100000, "calculatedOtherIncome": -4100000, "calculatedIncomeNonControlling": 0, "calculatedEbitda": 1181300000}, {"date": "2012-09-30", "symbol": "ROK", "reportedCurrency": "USD", "cik": "0001024478", "fillingDate": "2012-11-19", "acceptedDate": "2012-11-19 16:14:47", "calendarYear": "2012", "period": "FY", "revenue": 6259400000, "costOfRevenue": 3736700000, "grossProfit": 2522700000, "grossProfitRatio": 0.4030258491, "researchAndDevelopmentExpenses": 0, "generalAndAdministrativeExpenses": 1491700000, "sellingAndMarketingExpenses": 0, "sellingGeneralAndAdministrativeExpenses": 1491700000, "otherExpenses": -5000000, "operatingExpenses": 1491700000, "costAndExpenses": 5228400000, "interestIncome": 7800000, "interestExpense": 60100000, "depreciationAndAmortization": 138600000, "ebitda": 1164600000, "ebitdaratio": 0.1860561715, "operatingIncome": 1031000000, "operatingIncomeRatio": 0.1647122727, "totalOtherIncomeExpensesNet": -5000000, "incomeBeforeTax": 965900000, "incomeBeforeTaxRatio": 0.1543119149, "incomeTaxExpense": 228900000, "netIncome": 737000000, "netIncomeRatio": 0.1177429147, "eps": 5.27, "epsdiluted": 5.13, "weightedAverageShsOut": 139800000, "weightedAverageShsOutDil": 143400000, "link": "https://www.sec.gov/Archives/edgar/data/1024478/000102447812000024/0001024478-12-000024-index.htm", "finalLink": "https://www.sec.gov/Archives/edgar/data/1024478/000102447812000024/fy2012form10k.htm", "calculatedOtherExpenses": 0, "calculatedOperatingExpenses": 1491700000, "calculatedNetInterest": -52300000, "calculatedOtherIncome": -12800000, "calculatedIncomeNonControlling": 0, "calculatedEbitda": 1169600000}, {"date": "2011-09-30", "symbol": "ROK", "reportedCurrency": "USD", "cik": "0001024478", "fillingDate": "2011-11-14", "acceptedDate": "2011-11-14 13:43:57", "calendarYear": "2011", "period": "FY", "revenue": 6000400000, "costOfRevenue": 3610000000, "grossProfit": 2390400000, "grossProfitRatio": 0.3983734418, "researchAndDevelopmentExpenses": 0, "generalAndAdministrativeExpenses": 1461200000, "sellingAndMarketingExpenses": 0, "sellingGeneralAndAdministrativeExpenses": 1461200000, "otherExpenses": 2100000, "operatingExpenses": 1463300000, "costAndExpenses": 5073300000, "interestIncome": 0, "interestExpense": 59500000, "depreciationAndAmortization": 131300000, "ebitda": 1058400000, "ebitdaratio": 0.1763882408, "operatingIncome": 867600000, "operatingIncomeRatio": 0.1445903606, "totalOtherIncomeExpensesNet": -59500000, "incomeBeforeTax": 867600000, "incomeBeforeTaxRatio": 0.1445903606, "incomeTaxExpense": 170500000, "netIncome": 697800000, "netIncomeRatio": 0.1162922472, "eps": 4.92, "epsdiluted": 4.8, "weightedAverageShsOut": 141900000, "weightedAverageShsOutDil": 145200000, "link": "https://www.sec.gov/Archives/edgar/data/1024478/000095012311098301/0000950123-11-098301-index.htm", "finalLink": "https://www.sec.gov/Archives/edgar/data/1024478/000095012311098301/c21764e10vk.htm", "calculatedOtherExpenses": 61600000, "calculatedOperatingExpenses": 1522800000, "calculatedNetInterest": -59500000, "calculatedOtherIncome": 59500000, "calculatedIncomeNonControlling": -700000, "calculatedEbitda": 998900000}, {"date": "2010-09-30", "symbol": "ROK", "reportedCurrency": "USD", "cik": "0001024478", "fillingDate": "2010-11-18", "acceptedDate": "2010-11-18 11:39:32", "calendarYear": "2010", "period": "FY", "revenue": 4857000000, "costOfRevenue": 2920600000, "grossProfit": 1936400000, "grossProfitRatio": 0.3986823142, "researchAndDevelopmentExpenses": 0, "generalAndAdministrativeExpenses": 1323300000, "sellingAndMarketingExpenses": 0, "sellingGeneralAndAdministrativeExpenses": 1323300000, "otherExpenses": 0, "operatingExpenses": 1331700000, "costAndExpenses": 4252300000, "interestIncome": 0, "interestExpense": 60500000, "depreciationAndAmortization": 127300000, "ebitda": 732000000, "ebitdaratio": 0.150710315, "operatingIncome": 613100000, "operatingIncomeRatio": 0.1262301832, "totalOtherIncomeExpensesNet": -8400000, "incomeBeforeTax": 544200000, "incomeBeforeTaxRatio": 0.1120444719, "incomeTaxExpense": 103800000, "netIncome": 464300000, "netIncomeRatio": 0.0955939881, "eps": 3.27, "epsdiluted": 3.22, "weightedAverageShsOut": 141790182, "weightedAverageShsOutDil": 144000000, "link": "https://www.sec.gov/Archives/edgar/data/1024478/000095012310106922/0000950123-10-106922-index.htm", "finalLink": "https://www.sec.gov/Archives/edgar/data/1024478/000095012310106922/c07527e10vk.htm", "calculatedOtherExpenses": 0, "calculatedOperatingExpenses": 1323300000, "calculatedNetInterest": -60500000, "calculatedOtherIncome": -8400000, "calculatedIncomeNonControlling": -23900000, "calculatedEbitda": 740400000}, {"date": "2009-09-30", "symbol": "ROK", "reportedCurrency": "USD", "cik": "0001024478", "fillingDate": "2009-11-18", "acceptedDate": "2009-11-18 15:33:39", "calendarYear": "2009", "period": "FY", "revenue": 4332500000, "costOfRevenue": 2763000000, "grossProfit": 1569500000, "grossProfitRatio": 0.3622619735, "researchAndDevelopmentExpenses": 0, "generalAndAdministrativeExpenses": 1228000000, "sellingAndMarketingExpenses": 0, "sellingGeneralAndAdministrativeExpenses": 1228000000, "otherExpenses": 0, "operatingExpenses": 1228000000, "costAndExpenses": 3991000000, "interestIncome": 0, "interestExpense": 60900000, "depreciationAndAmortization": 134100000, "ebitda": 475600000, "ebitdaratio": 0.1097749567, "operatingIncome": 341500000, "operatingIncomeRatio": 0.0788228505, "totalOtherIncomeExpensesNet": -6700000, "incomeBeforeTax": 273900000, "incomeBeforeTaxRatio": 0.06321985, "incomeTaxExpense": 56000000, "netIncome": 220700000, "netIncomeRatio": 0.0509405655, "eps": 1.55, "epsdiluted": 1.55, "weightedAverageShsOut": 141600000, "weightedAverageShsOutDil": 142200000, "link": "https://www.sec.gov/Archives/edgar/data/1024478/000095012309063897/0000950123-09-063897-index.htm", "finalLink": "https://www.sec.gov/Archives/edgar/data/1024478/000095012309063897/c92248e10vk.htm", "calculatedOtherExpenses": 0, "calculatedOperatingExpenses": 1228000000, "calculatedNetInterest": -60900000, "calculatedOtherIncome": -6700000, "calculatedIncomeNonControlling": -2800000, "calculatedEbitda": 475600000}, {"date": "2008-09-30", "symbol": "ROK", "reportedCurrency": "USD", "cik": "0001024478", "fillingDate": "2008-11-21", "acceptedDate": "2008-11-21 14:20:28", "calendarYear": "2008", "period": "FY", "revenue": 5697800000, "costOfRevenue": 3357100000, "grossProfit": 2340700000, "grossProfitRatio": 0.4108076802, "researchAndDevelopmentExpenses": 0, "generalAndAdministrativeExpenses": 1482100000, "sellingAndMarketingExpenses": 0, "sellingGeneralAndAdministrativeExpenses": 1482100000, "otherExpenses": 0, "operatingExpenses": 1482100000, "costAndExpenses": 4839200000, "interestIncome": 0, "interestExpense": -68200000, "depreciationAndAmortization": 136500000, "ebitda": 1004700000, "ebitdaratio": 0.1763312156, "operatingIncome": 858600000, "operatingIncomeRatio": 0.1506897399, "totalOtherIncomeExpensesNet": -9600000, "incomeBeforeTax": 808900000, "incomeBeforeTaxRatio": 0.141967075, "incomeTaxExpense": 231300000, "netIncome": 577600000, "netIncomeRatio": 0.1013724595, "eps": 3.94, "epsdiluted": 3.9, "weightedAverageShsOut": 146500000, "weightedAverageShsOutDil": 148200000, "link": "https://www.sec.gov/Archives/edgar/data/1024478/000119312508241034/0001193125-08-241034-index.htm", "finalLink": "https://www.sec.gov/Archives/edgar/data/1024478/000119312508241034/d10k.htm", "calculatedOtherExpenses": 0, "calculatedOperatingExpenses": 1482100000, "calculatedNetInterest": 68200000, "calculatedOtherIncome": -117900000, "calculatedIncomeNonControlling": 0, "calculatedEbitda": 995100000}, {"date": "2007-09-30", "symbol": "ROK", "reportedCurrency": "USD", "cik": "0001024478", "fillingDate": "2007-11-19", "acceptedDate": "2007-11-19 15:22:34", "calendarYear": "2007", "period": "FY", "revenue": 5003900000, "costOfRevenue": 2906600000, "grossProfit": 2097300000, "grossProfitRatio": 0.4191330762, "researchAndDevelopmentExpenses": 0, "generalAndAdministrativeExpenses": 1278600000, "sellingAndMarketingExpenses": 0, "sellingGeneralAndAdministrativeExpenses": 1278600000, "otherExpenses": 0, "operatingExpenses": 1278600000, "costAndExpenses": 4185200000, "interestIncome": 0, "interestExpense": -63400000, "depreciationAndAmortization": 117900000, "ebitda": 932900000, "ebitdaratio": 0.186434581, "operatingIncome": 818700000, "operatingIncomeRatio": 0.1636123823, "totalOtherIncomeExpensesNet": 3700000, "incomeBeforeTax": 788600000, "incomeBeforeTaxRatio": 0.1575970743, "incomeTaxExpense": 219300000, "netIncome": 1487800000, "netIncomeRatio": 0.2973280841, "eps": 9.37, "epsdiluted": 9.23, "weightedAverageShsOut": 158700000, "weightedAverageShsOutDil": 161200000, "link": "https://www.sec.gov/Archives/edgar/data/1024478/000119312507250273/0001193125-07-250273-index.htm", "finalLink": "https://www.sec.gov/Archives/edgar/data/1024478/000119312507250273/d10k.htm", "calculatedOtherExpenses": 0, "calculatedOperatingExpenses": 1278600000, "calculatedNetInterest": 63400000, "calculatedOtherIncome": -93500000, "calculatedIncomeNonControlling": -918500000, "calculatedEbitda": 936600000}, {"date": "2006-09-30", "symbol": "ROK", "reportedCurrency": "USD", "cik": "0001024478", "fillingDate": "2006-11-09", "acceptedDate": "2006-11-09 11:37:07", "calendarYear": "2006", "period": "FY", "revenue": 5561400000, "costOfRevenue": 3367000000, "grossProfit": 2194400000, "grossProfitRatio": 0.3945769051, "researchAndDevelopmentExpenses": 0, "generalAndAdministrativeExpenses": 1275300000, "sellingAndMarketingExpenses": 0, "sellingGeneralAndAdministrativeExpenses": 1275300000, "otherExpenses": 0, "operatingExpenses": 1275300000, "costAndExpenses": 4642300000, "interestIncome": 0, "interestExpense": -58400000, "depreciationAndAmortization": 153600000, "ebitda": 1053000000, "ebitdaratio": 0.1893408135, "operatingIncome": 919100000, "operatingIncomeRatio": 0.1652641421, "totalOtherIncomeExpensesNet": 22800000, "incomeBeforeTax": 891400000, "incomeBeforeTaxRatio": 0.1602833819, "incomeTaxExpense": 263300000, "netIncome": 607000000, "netIncomeRatio": 0.1091451793, "eps": 3.44, "epsdiluted": 3.37, "weightedAverageShsOut": 176600000, "weightedAverageShsOutDil": 179900000, "link": "https://www.sec.gov/Archives/edgar/data/1024478/000095012306013812/0000950123-06-013812-index.htm", "finalLink": "https://www.sec.gov/Archives/edgar/data/1024478/000095012306013812/y26663e10vk.htm", "calculatedOtherExpenses": 0, "calculatedOperatingExpenses": 1275300000, "calculatedNetInterest": 58400000, "calculatedOtherIncome": -86100000, "calculatedIncomeNonControlling": 21100000, "calculatedEbitda": 1072700000}, {"date": "2005-09-30", "symbol": "ROK", "reportedCurrency": "USD", "cik": "0001024478", "fillingDate": "2005-11-10", "acceptedDate": "2005-11-10 16:39:36", "calendarYear": "2005", "period": "FY", "revenue": 5003200000, "costOfRevenue": 3109100000, "grossProfit": 1894100000, "grossProfitRatio": 0.3785777103, "researchAndDevelopmentExpenses": 0, "generalAndAdministrativeExpenses": 1120800000, "sellingAndMarketingExpenses": 0, "sellingGeneralAndAdministrativeExpenses": 1120800000, "otherExpenses": 0, "operatingExpenses": 1120800000, "costAndExpenses": 4229900000, "interestIncome": 0, "interestExpense": -45800000, "depreciationAndAmortization": 171200000, "ebitda": 935000000, "ebitdaratio": 0.1868803965, "operatingIncome": 773300000, "operatingIncomeRatio": 0.1545610809, "totalOtherIncomeExpensesNet": 9500000, "incomeBeforeTax": 737000000, "incomeBeforeTaxRatio": 0.1473057243, "incomeTaxExpense": 218600000, "netIncome": 540000000, "netIncomeRatio": 0.1079309242, "eps": 2.45, "epsdiluted": 2.39, "weightedAverageShsOut": 220408163, "weightedAverageShsOutDil": 225941423, "link": "https://www.sec.gov/Archives/edgar/data/1024478/000095012305013478/0000950123-05-013478-index.htm", "finalLink": "https://www.sec.gov/Archives/edgar/data/1024478/000095012305013478/e14450e10vk.htm", "calculatedOtherExpenses": 0, "calculatedOperatingExpenses": 1120800000, "calculatedNetInterest": 45800000, "calculatedOtherIncome": -82100000, "calculatedIncomeNonControlling": -21600000, "calculatedEbitda": 944500000}, {"date": "2004-09-30", "symbol": "ROK", "reportedCurrency": "USD", "cik": "0001024478", "fillingDate": "2004-11-19", "acceptedDate": "2004-11-19 15:56:40", "calendarYear": "2004", "period": "FY", "revenue": 4411100000, "costOfRevenue": 2848300000, "grossProfit": 1562800000, "grossProfitRatio": 0.3542880461, "researchAndDevelopmentExpenses": 0, "generalAndAdministrativeExpenses": 1058600000, "sellingAndMarketingExpenses": 0, "sellingGeneralAndAdministrativeExpenses": 1058600000, "otherExpenses": 0, "operatingExpenses": 1058600000, "costAndExpenses": 3906900000, "interestIncome": 0, "interestExpense": -41700000, "depreciationAndAmortization": 186700000, "ebitda": 715300000, "ebitdaratio": 0.1621590986, "operatingIncome": 504200000, "operatingIncomeRatio": 0.1143025549, "totalOtherIncomeExpensesNet": -24400000, "incomeBeforeTax": 438100000, "incomeBeforeTaxRatio": 0.0993176305, "incomeTaxExpense": 84000000, "netIncome": 414900000, "netIncomeRatio": 0.0940581714, "eps": 1.71, "epsdiluted": 1.65, "weightedAverageShsOut": 186000000, "weightedAverageShsOutDil": 191700000, "link": "https://www.sec.gov/Archives/edgar/data/1024478/000095012304013937/0000950123-04-013937-index.htm", "finalLink": "https://www.sec.gov/Archives/edgar/data/1024478/000095012304013937/y68901e10vk.htm", "calculatedOtherExpenses": 0, "calculatedOperatingExpenses": 1058600000, "calculatedNetInterest": 41700000, "calculatedOtherIncome": -107800000, "calculatedIncomeNonControlling": -60800000, "calculatedEbitda": 690900000}, {"date": "2003-09-30", "symbol": "ROK", "reportedCurrency": "USD", "cik": "0001024478", "fillingDate": "2003-12-03", "acceptedDate": "2003-12-03 16:24:14", "calendarYear": "2003", "period": "FY", "revenue": 4104000000, "costOfRevenue": 2752000000, "grossProfit": 1352000000, "grossProfitRatio": 0.3294346979, "researchAndDevelopmentExpenses": 0, "generalAndAdministrativeExpenses": 1007000000, "sellingAndMarketingExpenses": 0, "sellingGeneralAndAdministrativeExpenses": 1007000000, "otherExpenses": 0, "operatingExpenses": 1007000000, "costAndExpenses": 3759000000, "interestIncome": 0, "interestExpense": -52000000, "depreciationAndAmortization": 198000000, "ebitda": 537000000, "ebitdaratio": 0.1308479532, "operatingIncome": 345000000, "operatingIncomeRatio": 0.0840643275, "totalOtherIncomeExpensesNet": 6000000, "incomeBeforeTax": 299000000, "incomeBeforeTaxRatio": 0.0728557505, "incomeTaxExpense": 17000000, "netIncome": 286000000, "netIncomeRatio": 0.0696881092, "eps": 1.54, "epsdiluted": 1.51, "weightedAverageShsOut": 185400000, "weightedAverageShsOutDil": 190100000, "link": "https://www.sec.gov/Archives/edgar/data/1024478/000095012303013398/0000950123-03-013398-index.htm", "finalLink": "https://www.sec.gov/Archives/edgar/data/1024478/000095012303013398/y92046ke10vk.htm", "calculatedOtherExpenses": 0, "calculatedOperatingExpenses": 1007000000, "calculatedNetInterest": 52000000, "calculatedOtherIncome": -98000000, "calculatedIncomeNonControlling": -4000000, "calculatedEbitda": 543000000}, {"date": "2002-09-30", "symbol": "ROK", "reportedCurrency": "USD", "cik": "0001024478", "fillingDate": "2002-11-25", "acceptedDate": "2002-11-25 15:47:04", "calendarYear": "2002", "period": "FY", "revenue": 3909000000, "costOfRevenue": 2674000000, "grossProfit": 1235000000, "grossProfitRatio": 0.3159375799, "researchAndDevelopmentExpenses": 0, "generalAndAdministrativeExpenses": 953000000, "sellingAndMarketingExpenses": 0, "sellingGeneralAndAdministrativeExpenses": 953000000, "otherExpenses": 0, "operatingExpenses": 953000000, "costAndExpenses": 3627000000, "interestIncome": 0, "interestExpense": -66000000, "depreciationAndAmortization": 206000000, "ebitda": 476000000, "ebitdaratio": 0.1217702737, "operatingIncome": 282000000, "operatingIncomeRatio": 0.0721412126, "totalOtherIncomeExpensesNet": 12000000, "incomeBeforeTax": 233000000, "incomeBeforeTaxRatio": 0.0596060373, "incomeTaxExpense": 7000000, "netIncome": 121000000, "netIncomeRatio": 0.0309542082, "eps": 0.66, "epsdiluted": 0.64, "weightedAverageShsOut": 184900000, "weightedAverageShsOutDil": 188800000, "link": "https://www.sec.gov/Archives/edgar/data/1024478/000095012302011324/0000950123-02-011324-index.htm", "finalLink": "https://www.sec.gov/Archives/edgar/data/1024478/000095012302011324/y65666e10vk.htm", "calculatedOtherExpenses": 0, "calculatedOperatingExpenses": 953000000, "calculatedNetInterest": 66000000, "calculatedOtherIncome": -115000000, "calculatedIncomeNonControlling": 105000000, "calculatedEbitda": 488000000}, {"date": "2001-09-30", "symbol": "ROK", "reportedCurrency": "USD", "cik": "0001024478", "fillingDate": "2001-11-21", "acceptedDate": "2001-11-21 00:00:00", "calendarYear": "2001", "period": "FY", "revenue": 4323000000, "costOfRevenue": 3031000000, "grossProfit": 1292000000, "grossProfitRatio": 0.2988665279, "researchAndDevelopmentExpenses": 0, "generalAndAdministrativeExpenses": 1041000000, "sellingAndMarketingExpenses": 0, "sellingGeneralAndAdministrativeExpenses": 1041000000, "otherExpenses": 0, "operatingExpenses": 1041000000, "costAndExpenses": 4072000000, "interestIncome": 0, "interestExpense": 0, "depreciationAndAmortization": 272000000, "ebitda": 479000000, "ebitdaratio": 0.1108026833, "operatingIncome": 251000000, "operatingIncomeRatio": 0.0580615313, "totalOtherIncomeExpensesNet": 44000000, "incomeBeforeTax": 168000000, "incomeBeforeTaxRatio": 0.0388619015, "incomeTaxExpense": 43000000, "netIncome": 305000000, "netIncomeRatio": 0.0705528568, "eps": 0.66, "epsdiluted": 0.65, "weightedAverageShsOut": 182600000, "weightedAverageShsOutDil": 185100000, "link": "https://www.sec.gov/Archives/edgar/data/1024478/000095012301508750/0000950123-01-508750-index.htm", "finalLink": "https://www.sec.gov/Archives/edgar/data/1024478/000095012301508750/y54460e10-k405.txt", "calculatedOtherExpenses": 0, "calculatedOperatingExpenses": 1041000000, "calculatedNetInterest": 0, "calculatedOtherIncome": -83000000, "calculatedIncomeNonControlling": -180000000, "calculatedEbitda": 523000000}, {"date": "2000-09-30", "symbol": "ROK", "reportedCurrency": "USD", "cik": "0001024478", "fillingDate": "2000-11-22", "acceptedDate": "2000-11-22 00:00:00", "calendarYear": "2000", "period": "FY", "revenue": 7151000000, "costOfRevenue": 4547000000, "grossProfit": 2604000000, "grossProfitRatio": 0.3641448748, "researchAndDevelopmentExpenses": 0, "generalAndAdministrativeExpenses": 1288000000, "sellingAndMarketingExpenses": 0, "sellingGeneralAndAdministrativeExpenses": 1288000000, "otherExpenses": 369000000, "operatingExpenses": 1657000000, "costAndExpenses": 6204000000, "interestIncome": 0, "interestExpense": 0, "depreciationAndAmortization": 369000000, "ebitda": 1247000000, "ebitdaratio": 0.1743812054, "operatingIncome": 947000000, "operatingIncomeRatio": 0.1324290309, "totalOtherIncomeExpensesNet": 69000000, "incomeBeforeTax": 943000000, "incomeBeforeTaxRatio": 0.1318696686, "incomeTaxExpense": 307000000, "netIncome": 636000000, "netIncomeRatio": 0.08893861, "eps": 1.88, "epsdiluted": 1.86, "weightedAverageShsOut": 188900000, "weightedAverageShsOutDil": 191300000, "link": "https://www.sec.gov/Archives/edgar/data/1024478/000095012400007138/0000950124-00-007138-index.htm", "finalLink": "https://www.sec.gov/Archives/edgar/data/1024478/000095012400007138/c57850e10-k405.txt", "calculatedOtherExpenses": 369000000, "calculatedOperatingExpenses": 1657000000, "calculatedNetInterest": 0, "calculatedOtherIncome": -4000000, "calculatedIncomeNonControlling": 0, "calculatedEbitda": 1316000000}, {"date": "1999-09-30", "symbol": "ROK", "reportedCurrency": "USD", "cik": "0001024478", "fillingDate": "1999-12-01", "acceptedDate": "1999-12-01 00:00:00", "calendarYear": "1999", "period": "FY", "revenue": 7043000000, "costOfRevenue": 4570000000, "grossProfit": 2473000000, "grossProfitRatio": 0.3511287803, "researchAndDevelopmentExpenses": 0, "generalAndAdministrativeExpenses": 1270000000, "sellingAndMarketingExpenses": 0, "sellingGeneralAndAdministrativeExpenses": 1270000000, "otherExpenses": 337000000, "operatingExpenses": 1607000000, "costAndExpenses": 6177000000, "interestIncome": 0, "interestExpense": 0, "depreciationAndAmortization": 337000000, "ebitda": 1203000000, "ebitdaratio": 0.1708078944, "operatingIncome": 866000000, "operatingIncomeRatio": 0.1229589663, "totalOtherIncomeExpensesNet": 24000000, "incomeBeforeTax": 890000000, "incomeBeforeTaxRatio": 0.1263666051, "incomeTaxExpense": 308000000, "netIncome": 562000000, "netIncomeRatio": 0.0797955417, "eps": 1.49, "epsdiluted": 1.47, "weightedAverageShsOut": 190186916, "weightedAverageShsOutDil": 192890995, "link": "https://www.sec.gov/Archives/edgar/data/1024478/000095012399010617/0000950123-99-010617-index.html", "finalLink": "https://www.sec.gov/Archives/edgar/data/1024478/000095012399010617/", "calculatedOtherExpenses": 337000000, "calculatedOperatingExpenses": 1607000000, "calculatedNetInterest": 0, "calculatedOtherIncome": 24000000, "calculatedIncomeNonControlling": 20000000, "calculatedEbitda": 1203000000}, {"date": "1998-09-30", "symbol": "ROK", "reportedCurrency": "USD", "cik": "0001024478", "fillingDate": "1998-12-03", "acceptedDate": "1998-12-03 00:00:00", "calendarYear": "1998", "period": "FY", "revenue": 6752000000, "costOfRevenue": 4445000000, "grossProfit": 2307000000, "grossProfitRatio": 0.3416765403, "researchAndDevelopmentExpenses": 103000000, "generalAndAdministrativeExpenses": 1306000000, "sellingAndMarketingExpenses": 0, "sellingGeneralAndAdministrativeExpenses": 1306000000, "otherExpenses": 306000000, "operatingExpenses": 1715000000, "costAndExpenses": 6160000000, "interestIncome": 0, "interestExpense": 0, "depreciationAndAmortization": 306000000, "ebitda": 1407000000, "ebitdaratio": 0.2083827014, "operatingIncome": 592000000, "operatingIncomeRatio": 0.0876777251, "totalOtherIncomeExpensesNet": -509000000, "incomeBeforeTax": 25000000, "incomeBeforeTaxRatio": 0.0037026066, "incomeTaxExpense": 134000000, "netIncome": -427000000, "netIncomeRatio": -0.0632405213, "eps": -2.16, "epsdiluted": -2.16, "weightedAverageShsOut": 197900000, "weightedAverageShsOutDil": 197900000, "link": "https://www.sec.gov/Archives/edgar/data/1024478/000095012898001167/0000950128-98-001167-index.html", "finalLink": "https://www.sec.gov/Archives/edgar/data/1024478/", "calculatedOtherExpenses": 306000000, "calculatedOperatingExpenses": 1715000000, "calculatedNetInterest": 0, "calculatedOtherIncome": -567000000, "calculatedIncomeNonControlling": 318000000, "calculatedEbitda": 898000000}, {"date": "1997-09-30", "symbol": "ROK", "reportedCurrency": "USD", "cik": "0001024478", "fillingDate": "1997-12-05", "acceptedDate": "1997-12-05 00:00:00", "calendarYear": "1997", "period": "FY", "revenue": 7762000000, "costOfRevenue": 4988000000, "grossProfit": 2774000000, "grossProfitRatio": 0.357382118, "researchAndDevelopmentExpenses": 53000000, "generalAndAdministrativeExpenses": 1407000000, "sellingAndMarketingExpenses": 0, "sellingGeneralAndAdministrativeExpenses": 1407000000, "otherExpenses": 484000000, "operatingExpenses": 1944000000, "costAndExpenses": 6932000000, "interestIncome": 0, "interestExpense": 0, "depreciationAndAmortization": 484000000, "ebitda": 1194000000, "ebitdaratio": 0.1538263334, "operatingIncome": 830000000, "operatingIncomeRatio": 0.1069312033, "totalOtherIncomeExpensesNet": 120000000, "incomeBeforeTax": 923000000, "incomeBeforeTaxRatio": 0.1189126514, "incomeTaxExpense": 337000000, "netIncome": 644000000, "netIncomeRatio": 0.0829683071, "eps": 3.01, "epsdiluted": 2.97, "weightedAverageShsOut": 213953488, "weightedAverageShsOutDil": 216835017, "link": "https://www.sec.gov/Archives/edgar/data/1024478/000095012897001084/0000950128-97-001084-index.html", "finalLink": "https://www.sec.gov/Archives/edgar/data/1024478/", "calculatedOtherExpenses": 484000000, "calculatedOperatingExpenses": 1944000000, "calculatedNetInterest": 0, "calculatedOtherIncome": 93000000, "calculatedIncomeNonControlling": -58000000, "calculatedEbitda": 1314000000}, {"date": "1996-09-30", "symbol": "ROK", "reportedCurrency": "USD", "cik": "0001024478", "fillingDate": "1996-12-19", "acceptedDate": "1996-12-19 00:00:00", "calendarYear": "1996", "period": "FY", "revenue": 10373000000, "costOfRevenue": 7335000000, "grossProfit": 3038000000, "grossProfitRatio": 0.2928757351, "researchAndDevelopmentExpenses": 0, "generalAndAdministrativeExpenses": 0, "sellingAndMarketingExpenses": 0, "sellingGeneralAndAdministrativeExpenses": 1615000000, "otherExpenses": 542000000, "operatingExpenses": 2157000000, "costAndExpenses": 9492000000, "interestIncome": 0, "interestExpense": 0, "depreciationAndAmortization": 542000000, "ebitda": 1376000000, "ebitdaratio": 0.1326520775, "operatingIncome": 881000000, "operatingIncomeRatio": 0.0849320351, "totalOtherIncomeExpensesNet": 47000000, "incomeBeforeTax": 896000000, "incomeBeforeTaxRatio": 0.086378097, "incomeTaxExpense": 341000000, "netIncome": 726000000, "netIncomeRatio": 0.0699893955, "eps": 3.34, "epsdiluted": 3.28, "weightedAverageShsOut": 217365269, "weightedAverageShsOutDil": 221341463, "link": "https://www.sec.gov/Archives/edgar/data/1024478/000095012896000664/0000950128-96-000664-index.html", "finalLink": "https://www.sec.gov/Archives/edgar/data/1024478/", "calculatedOtherExpenses": 542000000, "calculatedOperatingExpenses": 2157000000, "calculatedNetInterest": 0, "calculatedOtherIncome": 15000000, "calculatedIncomeNonControlling": -171000000, "calculatedEbitda": 1423000000}, {"date": "1995-09-30", "symbol": "ROK", "reportedCurrency": "USD", "cik": "0001024478", "fillingDate": "1995-09-30", "acceptedDate": "1995-09-29 20:00:00", "calendarYear": "1995", "period": "FY", "revenue": 13099000000, "costOfRevenue": 9426000000, "grossProfit": 3673000000, "grossProfitRatio": 0.2804030842, "researchAndDevelopmentExpenses": 0, "generalAndAdministrativeExpenses": 0, "sellingAndMarketingExpenses": 0, "sellingGeneralAndAdministrativeExpenses": 1706000000, "otherExpenses": 571000000, "operatingExpenses": 2277000000, "costAndExpenses": 11703000000, "interestIncome": 0, "interestExpense": 0, "depreciationAndAmortization": 571000000, "ebitda": 1967000000, "ebitdaratio": 0.1501641347, "operatingIncome": 1396000000, "operatingIncomeRatio": 0.1065730208, "totalOtherIncomeExpensesNet": -170000000, "incomeBeforeTax": 1226000000, "incomeBeforeTaxRatio": 0.0935949309, "incomeTaxExpense": 484000000, "netIncome": 742000000, "netIncomeRatio": 0.0566455455, "eps": 3.42, "epsdiluted": 3.42, "weightedAverageShsOut": 216959064, "weightedAverageShsOutDil": 216959064, "link": "", "finalLink": "", "calculatedOtherExpenses": 571000000, "calculatedOperatingExpenses": 2277000000, "calculatedNetInterest": 0, "calculatedOtherIncome": -170000000, "calculatedIncomeNonControlling": 0, "calculatedEbitda": 1967000000}, {"date": "1994-09-30", "symbol": "ROK", "reportedCurrency": "USD", "cik": "0001024478", "fillingDate": "1994-09-30", "acceptedDate": "1994-09-29 20:00:00", "calendarYear": "1994", "period": "FY", "revenue": 11204700000, "costOfRevenue": 8181300000, "grossProfit": 3023400000, "grossProfitRatio": 0.269833195, "researchAndDevelopmentExpenses": 0, "generalAndAdministrativeExpenses": 0, "sellingAndMarketingExpenses": 0, "sellingGeneralAndAdministrativeExpenses": 1411600000, "otherExpenses": 493900000, "operatingExpenses": 1905500000, "costAndExpenses": 10086800000, "interestIncome": 0, "interestExpense": 0, "depreciationAndAmortization": 493900000, "ebitda": 1611800000, "ebitdaratio": 0.1438503485, "operatingIncome": 1117900000, "operatingIncomeRatio": 0.099770632, "totalOtherIncomeExpensesNet": -96600000, "incomeBeforeTax": 1021300000, "incomeBeforeTaxRatio": 0.0911492499, "incomeTaxExpense": 387200000, "netIncome": 634100000, "netIncomeRatio": 0.0565923229, "eps": 2.87, "epsdiluted": 2.82, "weightedAverageShsOut": 220836237, "weightedAverageShsOutDil": 224751773, "link": "", "finalLink": "", "calculatedOtherExpenses": 493900000, "calculatedOperatingExpenses": 1905500000, "calculatedNetInterest": 0, "calculatedOtherIncome": -96600000, "calculatedIncomeNonControlling": 0, "calculatedEbitda": 1611800000}, {"date": "1993-09-30", "symbol": "ROK", "reportedCurrency": "USD", "cik": "0001024478", "fillingDate": "1993-09-30", "acceptedDate": "1993-09-29 20:00:00", "calendarYear": "1993", "period": "FY", "revenue": 10840000000, "costOfRevenue": 8047600000, "grossProfit": 2792400000, "grossProfitRatio": 0.257601476, "researchAndDevelopmentExpenses": 0, "generalAndAdministrativeExpenses": 0, "sellingAndMarketingExpenses": 0, "sellingGeneralAndAdministrativeExpenses": 1374200000, "otherExpenses": 490900000, "operatingExpenses": 1865100000, "costAndExpenses": 9912700000, "interestIncome": 0, "interestExpense": 0, "depreciationAndAmortization": 490900000, "ebitda": 1337300000, "ebitdaratio": 0.1233671587, "operatingIncome": 927300000, "operatingIncomeRatio": 0.0855442804, "totalOtherIncomeExpensesNet": 80900000, "incomeBeforeTax": 904100000, "incomeBeforeTaxRatio": 0.083404059, "incomeTaxExpense": 342200000, "netIncome": 561900000, "netIncomeRatio": 0.0518357934, "eps": 2.55, "epsdiluted": 2.51, "weightedAverageShsOut": 220235294, "weightedAverageShsOutDil": 223745020, "link": "", "finalLink": "", "calculatedOtherExpenses": 490900000, "calculatedOperatingExpenses": 1865100000, "calculatedNetInterest": 0, "calculatedOtherIncome": -23200000, "calculatedIncomeNonControlling": 0, "calculatedEbitda": 1418200000}, {"date": "1992-09-30", "symbol": "ROK", "reportedCurrency": "USD", "cik": "0001024478", "fillingDate": "1992-09-30", "acceptedDate": "1992-09-29 20:00:00", "calendarYear": "1992", "period": "FY", "revenue": 10909700000, "costOfRevenue": 8251400000, "grossProfit": 2658300000, "grossProfitRatio": 0.2436638954, "researchAndDevelopmentExpenses": 0, "generalAndAdministrativeExpenses": 0, "sellingAndMarketingExpenses": 0, "sellingGeneralAndAdministrativeExpenses": 1331800000, "otherExpenses": 558100000, "operatingExpenses": 1889900000, "costAndExpenses": 10141300000, "interestIncome": 0, "interestExpense": 0, "depreciationAndAmortization": 558100000, "ebitda": 1209100000, "ebitdaratio": 0.1108279788, "operatingIncome": 768400000, "operatingIncomeRatio": 0.0704327342, "totalOtherIncomeExpensesNet": 117400000, "incomeBeforeTax": 778400000, "incomeBeforeTaxRatio": 0.0713493497, "incomeTaxExpense": 295400000, "netIncome": -1036000000, "netIncomeRatio": -0.0949613647, "eps": -4.62, "epsdiluted": -4.56, "weightedAverageShsOut": 224307359, "weightedAverageShsOutDil": 227258772, "link": "", "finalLink": "", "calculatedOtherExpenses": 558100000, "calculatedOperatingExpenses": 1889900000, "calculatedNetInterest": 0, "calculatedOtherIncome": 10000000, "calculatedIncomeNonControlling": 1519000000, "calculatedEbitda": 1326500000}, {"date": "1991-09-30", "symbol": "ROK", "reportedCurrency": "USD", "cik": "0001024478", "fillingDate": "1991-09-30", "acceptedDate": "1991-09-29 20:00:00", "calendarYear": "1991", "period": "FY", "revenue": 11927400000, "costOfRevenue": 8942500000, "grossProfit": 2984900000, "grossProfitRatio": 0.2502557137, "researchAndDevelopmentExpenses": 0, "generalAndAdministrativeExpenses": 0, "sellingAndMarketingExpenses": 0, "sellingGeneralAndAdministrativeExpenses": 1385200000, "otherExpenses": 601400000, "operatingExpenses": 1986600000, "costAndExpenses": 10929100000, "interestIncome": 0, "interestExpense": 0, "depreciationAndAmortization": 601400000, "ebitda": 1439400000, "ebitdaratio": 0.1206801147, "operatingIncome": 998300000, "operatingIncomeRatio": 0.0836980398, "totalOtherIncomeExpensesNet": 160300000, "incomeBeforeTax": 1023500000, "incomeBeforeTaxRatio": 0.0858108221, "incomeTaxExpense": 423000000, "netIncome": 600500000, "netIncomeRatio": 0.0503462615, "eps": 2.57, "epsdiluted": 2.54, "weightedAverageShsOut": 233540856, "weightedAverageShsOutDil": 236299213, "link": "", "finalLink": "", "calculatedOtherExpenses": 601400000, "calculatedOperatingExpenses": 1986600000, "calculatedNetInterest": 0, "calculatedOtherIncome": 25200000, "calculatedIncomeNonControlling": 0, "calculatedEbitda": 1599700000}, {"date": "1990-09-30", "symbol": "ROK", "reportedCurrency": "USD", "cik": "0001024478", "fillingDate": "1990-09-30", "acceptedDate": "1990-09-29 20:00:00", "calendarYear": "1990", "period": "FY", "revenue": 12378700000, "costOfRevenue": 9197100000, "grossProfit": 3181600000, "grossProfitRatio": 0.2570221429, "researchAndDevelopmentExpenses": 0, "generalAndAdministrativeExpenses": 0, "sellingAndMarketingExpenses": 0, "sellingGeneralAndAdministrativeExpenses": 1449100000, "otherExpenses": 620000000, "operatingExpenses": 2069100000, "costAndExpenses": 11266200000, "interestIncome": 0, "interestExpense": 0, "depreciationAndAmortization": 620000000, "ebitda": 1648700000, "ebitdaratio": 0.1331884608, "operatingIncome": 1112500000, "operatingIncomeRatio": 0.089872119, "totalOtherIncomeExpensesNet": 83800000, "incomeBeforeTax": 1052000000, "incomeBeforeTaxRatio": 0.0849846914, "incomeTaxExpense": 427700000, "netIncome": 624300000, "netIncomeRatio": 0.0504334058, "eps": 2.56, "epsdiluted": 2.53, "weightedAverageShsOut": 243710938, "weightedAverageShsOutDil": 246600791, "link": "", "finalLink": "", "calculatedOtherExpenses": 620000000, "calculatedOperatingExpenses": 2069100000, "calculatedNetInterest": 0, "calculatedOtherIncome": -60500000, "calculatedIncomeNonControlling": 0, "calculatedEbitda": 1732500000}, {"date": "1989-09-30", "symbol": "ROK", "reportedCurrency": "USD", "cik": "0001024478", "fillingDate": "1989-09-30", "acceptedDate": "1989-09-29 20:00:00", "calendarYear": "1989", "period": "FY", "revenue": 12518100000, "costOfRevenue": 9371600000, "grossProfit": 3146500000, "grossProfitRatio": 0.2513560365, "researchAndDevelopmentExpenses": 0, "generalAndAdministrativeExpenses": 0, "sellingAndMarketingExpenses": 0, "sellingGeneralAndAdministrativeExpenses": 1472800000, "otherExpenses": 614600000, "operatingExpenses": 2087400000, "costAndExpenses": 11459000000, "interestIncome": 0, "interestExpense": 0, "depreciationAndAmortization": 614600000, "ebitda": 1394400000, "ebitdaratio": 0.1113907063, "operatingIncome": 1059100000, "operatingIncomeRatio": 0.0846054912, "totalOtherIncomeExpensesNet": 279300000, "incomeBeforeTax": 1205700000, "incomeBeforeTaxRatio": 0.0963165337, "incomeTaxExpense": 470800000, "netIncome": 734900000, "netIncomeRatio": 0.0587069923, "eps": 2.87, "epsdiluted": 2.84, "weightedAverageShsOut": 255923345, "weightedAverageShsOutDil": 258626761, "link": "", "finalLink": "", "calculatedOtherExpenses": 614600000, "calculatedOperatingExpenses": 2087400000, "calculatedNetInterest": 0, "calculatedOtherIncome": 146600000, "calculatedIncomeNonControlling": 0, "calculatedEbitda": 1673700000}, {"date": "1988-09-30", "symbol": "ROK", "reportedCurrency": "USD", "cik": "0001024478", "fillingDate": "1988-09-30", "acceptedDate": "1988-09-29 20:00:00", "calendarYear": "1988", "period": "FY", "revenue": 11946300000, "costOfRevenue": 9014900000, "grossProfit": 2931400000, "grossProfitRatio": 0.2453814152, "researchAndDevelopmentExpenses": 0, "generalAndAdministrativeExpenses": 0, "sellingAndMarketingExpenses": 0, "sellingGeneralAndAdministrativeExpenses": 1435400000, "otherExpenses": 493900000, "operatingExpenses": 1929300000, "costAndExpenses": 10944200000, "interestIncome": 0, "interestExpense": 0, "depreciationAndAmortization": 493900000, "ebitda": 1343700000, "ebitdaratio": 0.1124783406, "operatingIncome": 1002100000, "operatingIncomeRatio": 0.0838837129, "totalOtherIncomeExpensesNet": 152300000, "incomeBeforeTax": 1053000000, "incomeBeforeTaxRatio": 0.0881444464, "incomeTaxExpense": 241100000, "netIncome": 811900000, "netIncomeRatio": 0.0679624654, "eps": 3.04, "epsdiluted": 3.01, "weightedAverageShsOut": 267072368, "weightedAverageShsOutDil": 269734219, "link": "", "finalLink": "", "calculatedOtherExpenses": 493900000, "calculatedOperatingExpenses": 1929300000, "calculatedNetInterest": 0, "calculatedOtherIncome": 50900000, "calculatedIncomeNonControlling": 0, "calculatedEbitda": 1496000000}, {"date": "1987-09-30", "symbol": "ROK", "reportedCurrency": "USD", "cik": "0001024478", "fillingDate": "1987-09-30", "acceptedDate": "1987-09-29 20:00:00", "calendarYear": "1987", "period": "FY", "revenue": 12123400000, "costOfRevenue": 9069000000, "grossProfit": 3054400000, "grossProfitRatio": 0.2519425244, "researchAndDevelopmentExpenses": 0, "generalAndAdministrativeExpenses": 0, "sellingAndMarketingExpenses": 0, "sellingGeneralAndAdministrativeExpenses": 1363100000, "otherExpenses": 491300000, "operatingExpenses": 1854400000, "costAndExpenses": 10923400000, "interestIncome": 0, "interestExpense": 0, "depreciationAndAmortization": 491300000, "ebitda": 1614700000, "ebitdaratio": 0.1331887094, "operatingIncome": 1200000000, "operatingIncomeRatio": 0.0989821337, "totalOtherIncomeExpensesNet": 76600000, "incomeBeforeTax": 1186700000, "incomeBeforeTaxRatio": 0.0978850817, "incomeTaxExpense": 551600000, "netIncome": 635100000, "netIncomeRatio": 0.0523862943, "eps": 2.27, "epsdiluted": 2.23, "weightedAverageShsOut": 279559471, "weightedAverageShsOutDil": 284573991, "link": "", "finalLink": "", "calculatedOtherExpenses": 491300000, "calculatedOperatingExpenses": 1854400000, "calculatedNetInterest": 0, "calculatedOtherIncome": -13300000, "calculatedIncomeNonControlling": 0, "calculatedEbitda": 1691300000}, {"date": "1986-09-30", "symbol": "ROK", "reportedCurrency": "USD", "cik": "0001024478", "fillingDate": "1986-09-30", "acceptedDate": "1986-09-29 20:00:00", "calendarYear": "1986", "period": "FY", "revenue": 12295700000, "costOfRevenue": 9354900000, "grossProfit": 2940800000, "grossProfitRatio": 0.2391730442, "researchAndDevelopmentExpenses": 0, "generalAndAdministrativeExpenses": 0, "sellingAndMarketingExpenses": 0, "sellingGeneralAndAdministrativeExpenses": 1318100000, "otherExpenses": 558100000, "operatingExpenses": 1876200000, "costAndExpenses": 11231100000, "interestIncome": 0, "interestExpense": 0, "depreciationAndAmortization": 558100000, "ebitda": 1531900000, "ebitdaratio": 0.1245882707, "operatingIncome": 1064600000, "operatingIncomeRatio": 0.0865831144, "totalOtherIncomeExpensesNet": 90800000, "incomeBeforeTax": 1058600000, "incomeBeforeTaxRatio": 0.086095139, "incomeTaxExpense": 447400000, "netIncome": 611200000, "netIncomeRatio": 0.0497084347, "eps": 2.01, "epsdiluted": 1.98, "weightedAverageShsOut": 303781095, "weightedAverageShsOutDil": 308383838, "link": "", "finalLink": "", "calculatedOtherExpenses": 558100000, "calculatedOperatingExpenses": 1876200000, "calculatedNetInterest": 0, "calculatedOtherIncome": -6000000, "calculatedIncomeNonControlling": 0, "calculatedEbitda": 1622700000}, {"date": "1985-09-30", "symbol": "ROK", "reportedCurrency": "USD", "cik": "0001024478", "fillingDate": "1985-09-30", "acceptedDate": "1985-09-29 20:00:00", "calendarYear": "1985", "period": "FY", "revenue": 11337600000, "costOfRevenue": 8495400000, "grossProfit": 2842200000, "grossProfitRatio": 0.2506879763, "researchAndDevelopmentExpenses": 0, "generalAndAdministrativeExpenses": 0, "sellingAndMarketingExpenses": 0, "sellingGeneralAndAdministrativeExpenses": 1218300000, "otherExpenses": 595300000, "operatingExpenses": 1813600000, "costAndExpenses": 10309000000, "interestIncome": 0, "interestExpense": 0, "depreciationAndAmortization": 595300000, "ebitda": 1498400000, "ebitdaratio": 0.1321620096, "operatingIncome": 1028600000, "operatingIncomeRatio": 0.0907246684, "totalOtherIncomeExpensesNet": 125500000, "incomeBeforeTax": 1062500000, "incomeBeforeTaxRatio": 0.0937147192, "incomeTaxExpense": 467200000, "netIncome": 595300000, "netIncomeRatio": 0.0525067034, "eps": 1.95, "epsdiluted": 1.91, "weightedAverageShsOut": 304871795, "weightedAverageShsOutDil": 311256545, "link": "", "finalLink": "", "calculatedOtherExpenses": 595300000, "calculatedOperatingExpenses": 1813600000, "calculatedNetInterest": 0, "calculatedOtherIncome": 33900000, "calculatedIncomeNonControlling": 0, "calculatedEbitda": 1623900000}]}