{"originalCurrency": "USD", "convertedCurrency": "USD", "report": [{"date": "2023-12-31", "symbol": "ROKU", "reportedCurrency": "USD", "cik": "0001428439", "fillingDate": "2024-02-16", "acceptedDate": "2024-02-16 16:06:52", "calendarYear": "2023", "period": "FY", "revenue": 3484619000, "costOfRevenue": 2002575000, "grossProfit": 1482044000, "grossProfitRatio": 0.4253101989, "researchAndDevelopmentExpenses": 767983000, "generalAndAdministrativeExpenses": 403159000, "sellingAndMarketingExpenses": 1033359000, "sellingGeneralAndAdministrativeExpenses": 1150344000, "otherExpenses": 93677000, "operatingExpenses": 1918327000, "costAndExpenses": 3920902000, "interestIncome": 0, "interestExpense": 730000, "depreciationAndAmortization": 128026000, "ebitda": -308257000, "ebitdaratio": -0.0884621819, "operatingIncome": -436283000, "operatingIncomeRatio": -0.125202497, "totalOtherIncomeExpensesNet": -263147000, "incomeBeforeTax": -699430000, "incomeBeforeTaxRatio": -0.2007192178, "incomeTaxExpense": 10131000, "netIncome": -709561000, "netIncomeRatio": -0.2036265658, "eps": -5.01, "epsdiluted": -5.01, "weightedAverageShsOut": 141572000, "weightedAverageShsOutDil": 141572000, "link": "https://www.sec.gov/Archives/edgar/data/1428439/000142843924000011/0001428439-24-000011-index.htm", "finalLink": "https://www.sec.gov/Archives/edgar/data/1428439/000142843924000011/roku-20231231.htm", "calculatedOtherExpenses": 0, "calculatedOperatingExpenses": 1918327000, "calculatedNetInterest": -730000, "calculatedOtherIncome": -262417000, "calculatedIncomeNonControlling": 0, "calculatedEbitda": -308257000}, {"date": "2022-12-31", "symbol": "ROKU", "reportedCurrency": "USD", "cik": "0001428439", "fillingDate": "2023-02-16", "acceptedDate": "2023-02-16 16:51:10", "calendarYear": "2022", "period": "FY", "revenue": 3126534000, "costOfRevenue": 1685412000, "grossProfit": 1441122000, "grossProfitRatio": 0.4609327773, "researchAndDevelopmentExpenses": 788913000, "generalAndAdministrativeExpenses": 344678000, "sellingAndMarketingExpenses": 838419000, "sellingGeneralAndAdministrativeExpenses": 1183097000, "otherExpenses": 43766000, "operatingExpenses": 1972010000, "costAndExpenses": 3657422000, "interestIncome": 5161000, "interestExpense": 5161000, "depreciationAndAmortization": 147924000, "ebitda": -382964000, "ebitdaratio": -0.1224883529, "operatingIncome": -530888000, "operatingIncomeRatio": -0.1698008082, "totalOtherIncomeExpensesNet": 38605000, "incomeBeforeTax": -492283000, "incomeBeforeTaxRatio": -0.1574532693, "incomeTaxExpense": 5722000, "netIncome": -498005000, "netIncomeRatio": -0.159283411, "eps": -3.62, "epsdiluted": -3.62, "weightedAverageShsOut": 137668000, "weightedAverageShsOutDil": 137668000, "link": "https://www.sec.gov/Archives/edgar/data/1428439/000142843923000007/0001428439-23-000007-index.htm", "finalLink": "https://www.sec.gov/Archives/edgar/data/1428439/000142843923000007/roku-20221231.htm", "calculatedOtherExpenses": 0, "calculatedOperatingExpenses": 1972010000, "calculatedNetInterest": 0, "calculatedOtherIncome": 38605000, "calculatedIncomeNonControlling": 0, "calculatedEbitda": -382964000}, {"date": "2021-12-31", "symbol": "ROKU", "reportedCurrency": "USD", "cik": "0001428439", "fillingDate": "2022-02-18", "acceptedDate": "2022-02-18 16:54:27", "calendarYear": "2021", "period": "FY", "revenue": 2764584000, "costOfRevenue": 1355984000, "grossProfit": 1408600000, "grossProfitRatio": 0.5095160791, "researchAndDevelopmentExpenses": 461602000, "generalAndAdministrativeExpenses": 256297000, "sellingAndMarketingExpenses": 455601000, "sellingGeneralAndAdministrativeExpenses": 711898000, "otherExpenses": 4467000, "operatingExpenses": 1173500000, "costAndExpenses": 2529484000, "interestIncome": 2980000, "interestExpense": 2980000, "depreciationAndAmortization": 78112000, "ebitda": 313212000, "ebitdaratio": 0.1132944414, "operatingIncome": 235100000, "operatingIncomeRatio": 0.0850399192, "totalOtherIncomeExpensesNet": 1487000, "incomeBeforeTax": 236587000, "incomeBeforeTaxRatio": 0.085577794, "incomeTaxExpense": -5798000, "netIncome": 242385000, "netIncomeRatio": 0.0876750354, "eps": 1.83, "epsdiluted": 1.71, "weightedAverageShsOut": 132710000, "weightedAverageShsOutDil": 141668000, "link": "https://www.sec.gov/Archives/edgar/data/1428439/000142843922000010/0001428439-22-000010-index.htm", "finalLink": "https://www.sec.gov/Archives/edgar/data/1428439/000142843922000010/roku-20211231.htm", "calculatedOtherExpenses": 0, "calculatedOperatingExpenses": 1173500000, "calculatedNetInterest": 0, "calculatedOtherIncome": 1487000, "calculatedIncomeNonControlling": 0, "calculatedEbitda": 313212000}, {"date": "2020-12-31", "symbol": "ROKU", "reportedCurrency": "USD", "cik": "0001428439", "fillingDate": "2021-02-26", "acceptedDate": "2021-02-25 18:16:33", "calendarYear": "2020", "period": "FY", "revenue": 1778388000, "costOfRevenue": 970169000, "grossProfit": 808219000, "grossProfitRatio": 0.4544671916, "researchAndDevelopmentExpenses": 355784000, "generalAndAdministrativeExpenses": 173231000, "sellingAndMarketingExpenses": 299457000, "sellingGeneralAndAdministrativeExpenses": 472688000, "otherExpenses": 5233000, "operatingExpenses": 828472000, "costAndExpenses": 1798641000, "interestIncome": 3432000, "interestExpense": 3432000, "depreciationAndAmortization": 87341000, "ebitda": 72321000, "ebitdaratio": 0.0406666037, "operatingIncome": -15020000, "operatingIncomeRatio": -0.008445851, "totalOtherIncomeExpensesNet": -3432000, "incomeBeforeTax": -18452000, "incomeBeforeTaxRatio": -0.0103756885, "incomeTaxExpense": -945000, "netIncome": -17507000, "netIncomeRatio": -0.0098443084, "eps": -0.14, "epsdiluted": -0.14, "weightedAverageShsOut": 123978000, "weightedAverageShsOutDil": 123978000, "link": "https://www.sec.gov/Archives/edgar/data/1428439/000156459021009021/0001564590-21-009021-index.htm", "finalLink": "https://www.sec.gov/Archives/edgar/data/1428439/000156459021009021/roku-10k_20201231.htm", "calculatedOtherExpenses": -5233000, "calculatedOperatingExpenses": 823239000, "calculatedNetInterest": 0, "calculatedOtherIncome": -3432000, "calculatedIncomeNonControlling": 0, "calculatedEbitda": 72321000}, {"date": "2019-12-31", "symbol": "ROKU", "reportedCurrency": "USD", "cik": "0001428439", "fillingDate": "2020-03-02", "acceptedDate": "2020-02-28 20:31:09", "calendarYear": "2019", "period": "FY", "revenue": 1128921000, "costOfRevenue": 633697000, "grossProfit": 495224000, "grossProfitRatio": 0.4386701992, "researchAndDevelopmentExpenses": 265011000, "generalAndAdministrativeExpenses": 116417000, "sellingAndMarketingExpenses": 178855000, "sellingGeneralAndAdministrativeExpenses": 295272000, "otherExpenses": 6506000, "operatingExpenses": 560283000, "costAndExpenses": 1193980000, "interestIncome": 2366000, "interestExpense": 2366000, "depreciationAndAmortization": 22175000, "ebitda": -42884000, "ebitdaratio": -0.0379867147, "operatingIncome": -65059000, "operatingIncomeRatio": -0.0576293647, "totalOtherIncomeExpensesNet": 4140000, "incomeBeforeTax": -60919000, "incomeBeforeTaxRatio": -0.0539621462, "incomeTaxExpense": -982000, "netIncome": -59937000, "netIncomeRatio": -0.053092289, "eps": -0.52, "epsdiluted": -0.52, "weightedAverageShsOut": 115218000, "weightedAverageShsOutDil": 115218000, "link": "https://www.sec.gov/Archives/edgar/data/1428439/000156459020007916/0001564590-20-007916-index.htm", "finalLink": "https://www.sec.gov/Archives/edgar/data/1428439/000156459020007916/roku-10k_20191231.htm", "calculatedOtherExpenses": 0, "calculatedOperatingExpenses": 560283000, "calculatedNetInterest": 0, "calculatedOtherIncome": 4140000, "calculatedIncomeNonControlling": 0, "calculatedEbitda": -42884000}, {"date": "2018-12-31", "symbol": "ROKU", "reportedCurrency": "USD", "cik": "0001428439", "fillingDate": "2019-03-01", "acceptedDate": "2019-03-01 16:52:29", "calendarYear": "2018", "period": "FY", "revenue": 742506000, "costOfRevenue": 410358000, "grossProfit": 332148000, "grossProfitRatio": 0.4473337589, "researchAndDevelopmentExpenses": 170692000, "generalAndAdministrativeExpenses": 71972000, "sellingAndMarketingExpenses": 102780000, "sellingGeneralAndAdministrativeExpenses": 174752000, "otherExpenses": 4309000, "operatingExpenses": 345444000, "costAndExpenses": 755802000, "interestIncome": 0, "interestExpense": 346000, "depreciationAndAmortization": 8389000, "ebitda": -598000, "ebitdaratio": -0.0008053807, "operatingIncome": -13296000, "operatingIncomeRatio": -0.017906926, "totalOtherIncomeExpensesNet": 4309000, "incomeBeforeTax": -9333000, "incomeBeforeTaxRatio": -0.0125695954, "incomeTaxExpense": -476000, "netIncome": -8857000, "netIncomeRatio": -0.0119285231, "eps": -0.0847, "epsdiluted": -0.0847, "weightedAverageShsOut": 104618000, "weightedAverageShsOutDil": 104618000, "link": "https://www.sec.gov/Archives/edgar/data/1428439/000156459019005829/0001564590-19-005829-index.htm", "finalLink": "https://www.sec.gov/Archives/edgar/data/1428439/000156459019005829/roku-10k_20181231.htm", "calculatedOtherExpenses": 0, "calculatedOperatingExpenses": 345444000, "calculatedNetInterest": -346000, "calculatedOtherIncome": 4309000, "calculatedIncomeNonControlling": 0, "calculatedEbitda": -4907000}, {"date": "2017-12-31", "symbol": "ROKU", "reportedCurrency": "USD", "cik": "0001428439", "fillingDate": "2018-03-01", "acceptedDate": "2018-03-01 16:42:30", "calendarYear": "2017", "period": "FY", "revenue": 512763000, "costOfRevenue": 312930000, "grossProfit": 199833000, "grossProfitRatio": 0.3897180569, "researchAndDevelopmentExpenses": 107945000, "generalAndAdministrativeExpenses": 47435000, "sellingAndMarketingExpenses": 64069000, "sellingGeneralAndAdministrativeExpenses": 111504000, "otherExpenses": 705000, "operatingExpenses": 219449000, "costAndExpenses": 532379000, "interestIncome": 0, "interestExpense": 1612000, "depreciationAndAmortization": 5336000, "ebitda": -13575000, "ebitdaratio": -0.0264742191, "operatingIncome": -19616000, "operatingIncomeRatio": -0.0382554904, "totalOtherIncomeExpensesNet": -41966000, "incomeBeforeTax": -63194000, "incomeBeforeTaxRatio": -0.1232421216, "incomeTaxExpense": 315000, "netIncome": -63509000, "netIncomeRatio": -0.1238564405, "eps": -2.24, "epsdiluted": -2.24, "weightedAverageShsOut": 28308000, "weightedAverageShsOutDil": 28308000, "link": "https://www.sec.gov/Archives/edgar/data/1428439/000156459018004134/0001564590-18-004134-index.htm", "finalLink": "https://www.sec.gov/Archives/edgar/data/1428439/000156459018004134/roku-10k_20171231.htm", "calculatedOtherExpenses": 0, "calculatedOperatingExpenses": 219449000, "calculatedNetInterest": -1612000, "calculatedOtherIncome": -41966000, "calculatedIncomeNonControlling": 0, "calculatedEbitda": -14280000}, {"date": "2016-12-31", "symbol": "ROKU", "reportedCurrency": "USD", "cik": "0001428439", "fillingDate": "2016-12-31", "acceptedDate": "2016-12-31 00:00:00", "calendarYear": "2016", "period": "FY", "revenue": 398649000, "costOfRevenue": 277604000, "grossProfit": 121045000, "grossProfitRatio": 0.3036380375, "researchAndDevelopmentExpenses": 76177000, "generalAndAdministrativeExpenses": 35341000, "sellingAndMarketingExpenses": 52888000, "sellingGeneralAndAdministrativeExpenses": 88229000, "otherExpenses": -220000, "operatingExpenses": 164406000, "costAndExpenses": 442010000, "interestIncome": 146000, "interestExpense": 146000, "depreciationAndAmortization": 5302000, "ebitda": -38947000, "ebitdaratio": -0.0976974732, "operatingIncome": -43361000, "operatingIncomeRatio": -0.1087698702, "totalOtherIncomeExpensesNet": 668000, "incomeBeforeTax": -42547000, "incomeBeforeTaxRatio": -0.1067279737, "incomeTaxExpense": 211000, "netIncome": -42758000, "netIncomeRatio": -0.1072572614, "eps": -0.5, "epsdiluted": -0.5, "weightedAverageShsOut": 85710166, "weightedAverageShsOutDil": 85710166, "link": null, "finalLink": null, "calculatedOtherExpenses": 0, "calculatedOperatingExpenses": 164406000, "calculatedNetInterest": 0, "calculatedOtherIncome": 814000, "calculatedIncomeNonControlling": 0, "calculatedEbitda": -38059000}, {"date": "2015-12-31", "symbol": "ROKU", "reportedCurrency": "USD", "cik": "0001428439", "fillingDate": "2015-12-31", "acceptedDate": "2015-12-31 00:00:00", "calendarYear": "2015", "period": "FY", "revenue": 319857000, "costOfRevenue": 230079000, "grossProfit": 89778000, "grossProfitRatio": 0.2806816796, "researchAndDevelopmentExpenses": 50469000, "generalAndAdministrativeExpenses": 31708000, "sellingAndMarketingExpenses": 45153000, "sellingGeneralAndAdministrativeExpenses": 76861000, "otherExpenses": -448000, "operatingExpenses": 127330000, "costAndExpenses": 357409000, "interestIncome": 0, "interestExpense": 696000, "depreciationAndAmortization": 2555000, "ebitda": -35445000, "ebitdaratio": -0.1108151455, "operatingIncome": -37552000, "operatingIncomeRatio": -0.1174024642, "totalOtherIncomeExpensesNet": -2216000, "incomeBeforeTax": -40464000, "incomeBeforeTaxRatio": -0.1265065326, "incomeTaxExpense": 147000, "netIncome": -40611000, "netIncomeRatio": -0.126966113, "eps": -0.47, "epsdiluted": -0.47, "weightedAverageShsOut": 85710166, "weightedAverageShsOutDil": 85710166, "link": null, "finalLink": null, "calculatedOtherExpenses": 0, "calculatedOperatingExpenses": 127330000, "calculatedNetInterest": -696000, "calculatedOtherIncome": -2216000, "calculatedIncomeNonControlling": 0, "calculatedEbitda": -34997000}]}