{"originalCurrency": "USD", "convertedCurrency": "USD", "report": [{"date": "2023-12-31", "symbol": "RPD", "reportedCurrency": "USD", "cik": "0001560327", "fillingDate": "2024-02-26", "acceptedDate": "2024-02-26 16:15:32", "calendarYear": "2023", "period": "FY", "revenue": 777707000, "costOfRevenue": 231741000, "grossProfit": 545966000, "grossProfitRatio": 0.7020201695, "researchAndDevelopmentExpenses": 176776000, "generalAndAdministrativeExpenses": 84276000, "sellingAndMarketingExpenses": 312636000, "sellingGeneralAndAdministrativeExpenses": 396912000, "otherExpenses": -14522000, "operatingExpenses": 573688000, "costAndExpenses": 805429000, "interestIncome": 10177000, "interestExpense": -64700000, "depreciationAndAmortization": 45939000, "ebitda": -80733000, "ebitdaratio": -0.103809018, "operatingIncome": -80733000, "operatingIncomeRatio": -0.103809018, "totalOtherIncomeExpensesNet": -69045000, "incomeBeforeTax": -149778000, "incomeBeforeTaxRatio": -0.1925892399, "incomeTaxExpense": -518000, "netIncome": -149260000, "netIncomeRatio": -0.1919231793, "eps": -2.46, "epsdiluted": -2.46, "weightedAverageShsOut": 60756087, "weightedAverageShsOutDil": 60756087, "link": "https://www.sec.gov/Archives/edgar/data/1560327/000156032724000021/0001560327-24-000021-index.htm", "finalLink": "https://www.sec.gov/Archives/edgar/data/1560327/000156032724000021/rp-20231231.htm", "calculatedOtherExpenses": 53011000, "calculatedOperatingExpenses": 626699000, "calculatedNetInterest": 74877000, "calculatedOtherIncome": -143922000, "calculatedIncomeNonControlling": 0, "calculatedEbitda": -34794000}, {"date": "2022-12-31", "symbol": "RPD", "reportedCurrency": "USD", "cik": "0001560327", "fillingDate": "2023-02-24", "acceptedDate": "2023-02-24 16:13:01", "calendarYear": "2022", "period": "FY", "revenue": 685083000, "costOfRevenue": 214349000, "grossProfit": 470734000, "grossProfitRatio": 0.6871196629, "researchAndDevelopmentExpenses": 189970000, "generalAndAdministrativeExpenses": 84969000, "sellingAndMarketingExpenses": 307409000, "sellingGeneralAndAdministrativeExpenses": 392378000, "otherExpenses": -1522000, "operatingExpenses": 582348000, "costAndExpenses": 796697000, "interestIncome": 1813000, "interestExpense": 10982000, "depreciationAndAmortization": 41329000, "ebitda": -70285000, "ebitdaratio": -0.1025934084, "operatingIncome": -111614000, "operatingIncomeRatio": -0.1629204053, "totalOtherIncomeExpensesNet": -10691000, "incomeBeforeTax": -122305000, "incomeBeforeTaxRatio": -0.1785258137, "incomeTaxExpense": 2412000, "netIncome": -124717000, "netIncomeRatio": -0.1820465549, "eps": -2.13, "epsdiluted": -2.13, "weightedAverageShsOut": 58552065, "weightedAverageShsOutDil": 58552065, "link": "https://www.sec.gov/Archives/edgar/data/1560327/000156032723000016/0001560327-23-000016-index.htm", "finalLink": "https://www.sec.gov/Archives/edgar/data/1560327/000156032723000016/rp-20221231.htm", "calculatedOtherExpenses": 0, "calculatedOperatingExpenses": 582348000, "calculatedNetInterest": -9169000, "calculatedOtherIncome": -1522000, "calculatedIncomeNonControlling": 0, "calculatedEbitda": -70285000}, {"date": "2021-12-31", "symbol": "RPD", "reportedCurrency": "USD", "cik": "0001560327", "fillingDate": "2022-02-24", "acceptedDate": "2022-02-24 16:41:52", "calendarYear": "2021", "period": "FY", "revenue": 535404000, "costOfRevenue": 168948000, "grossProfit": 366456000, "grossProfitRatio": 0.6844476321, "researchAndDevelopmentExpenses": 160779000, "generalAndAdministrativeExpenses": 78289000, "sellingAndMarketingExpenses": 247453000, "sellingGeneralAndAdministrativeExpenses": 325742000, "otherExpenses": -1921000, "operatingExpenses": 486521000, "costAndExpenses": 655469000, "interestIncome": 365000, "interestExpense": 14292000, "depreciationAndAmortization": 31945000, "ebitda": -88120000, "ebitdaratio": -0.1645859949, "operatingIncome": -120065000, "operatingIncomeRatio": -0.2242512196, "totalOtherIncomeExpensesNet": -15848000, "incomeBeforeTax": -135913000, "incomeBeforeTaxRatio": -0.2538512973, "incomeTaxExpense": 10421000, "netIncome": -146334000, "netIncomeRatio": -0.2733151041, "eps": -2.65, "epsdiluted": -2.65, "weightedAverageShsOut": 55270998, "weightedAverageShsOutDil": 55270998, "link": "https://www.sec.gov/Archives/edgar/data/1560327/000156032722000026/0001560327-22-000026-index.htm", "finalLink": "https://www.sec.gov/Archives/edgar/data/1560327/000156032722000026/rp-20211231.htm", "calculatedOtherExpenses": 0, "calculatedOperatingExpenses": 486521000, "calculatedNetInterest": -13927000, "calculatedOtherIncome": -1921000, "calculatedIncomeNonControlling": 0, "calculatedEbitda": -88120000}, {"date": "2020-12-31", "symbol": "RPD", "reportedCurrency": "USD", "cik": "0001560327", "fillingDate": "2021-02-26", "acceptedDate": "2021-02-26 08:33:09", "calendarYear": "2020", "period": "FY", "revenue": 411486000, "costOfRevenue": 121517000, "grossProfit": 289969000, "grossProfitRatio": 0.7046874013, "researchAndDevelopmentExpenses": 108568000, "generalAndAdministrativeExpenses": 59519000, "sellingAndMarketingExpenses": 195981000, "sellingGeneralAndAdministrativeExpenses": 255500000, "otherExpenses": -81000, "operatingExpenses": 364068000, "costAndExpenses": 485585000, "interestIncome": 1454000, "interestExpense": 24137000, "depreciationAndAmortization": 24004000, "ebitda": -50095000, "ebitdaratio": -0.1217416874, "operatingIncome": -74099000, "operatingIncomeRatio": -0.1800766004, "totalOtherIncomeExpensesNet": -22764000, "incomeBeforeTax": -96863000, "incomeBeforeTaxRatio": -0.2353980451, "incomeTaxExpense": 1986000, "netIncome": -98849000, "netIncomeRatio": -0.2402244548, "eps": -1.94, "epsdiluted": -1.94, "weightedAverageShsOut": 51036824, "weightedAverageShsOutDil": 51036824, "link": "https://www.sec.gov/Archives/edgar/data/1560327/000156032721000043/0001560327-21-000043-index.htm", "finalLink": "https://www.sec.gov/Archives/edgar/data/1560327/000156032721000043/rp-20201231.htm", "calculatedOtherExpenses": 0, "calculatedOperatingExpenses": 364068000, "calculatedNetInterest": -22683000, "calculatedOtherIncome": -81000, "calculatedIncomeNonControlling": 0, "calculatedEbitda": -50095000}, {"date": "2019-12-31", "symbol": "RPD", "reportedCurrency": "USD", "cik": "0001560327", "fillingDate": "2020-02-28", "acceptedDate": "2020-02-28 16:14:01", "calendarYear": "2019", "period": "FY", "revenue": 326947000, "costOfRevenue": 91146000, "grossProfit": 235801000, "grossProfitRatio": 0.7212208707, "researchAndDevelopmentExpenses": 79364000, "generalAndAdministrativeExpenses": 44710000, "sellingAndMarketingExpenses": 157722000, "sellingGeneralAndAdministrativeExpenses": 202432000, "otherExpenses": -433000, "operatingExpenses": 281796000, "costAndExpenses": 372942000, "interestIncome": 6014000, "interestExpense": 13389000, "depreciationAndAmortization": 22109000, "ebitda": -23886000, "ebitdaratio": -0.0730577127, "operatingIncome": -45995000, "operatingIncomeRatio": -0.1406802937, "totalOtherIncomeExpensesNet": -7808000, "incomeBeforeTax": -53803000, "incomeBeforeTaxRatio": -0.1645618403, "incomeTaxExpense": 42000, "netIncome": -53845000, "netIncomeRatio": -0.1646903015, "eps": -1.1, "epsdiluted": -1.1, "weightedAverageShsOut": 48731791, "weightedAverageShsOutDil": 48731791, "link": "https://www.sec.gov/Archives/edgar/data/1560327/000156032720000046/0001560327-20-000046-index.htm", "finalLink": "https://www.sec.gov/Archives/edgar/data/1560327/000156032720000046/rp-20191231.htm", "calculatedOtherExpenses": 0, "calculatedOperatingExpenses": 281796000, "calculatedNetInterest": -7375000, "calculatedOtherIncome": -433000, "calculatedIncomeNonControlling": 0, "calculatedEbitda": -23886000}, {"date": "2018-12-31", "symbol": "RPD", "reportedCurrency": "USD", "cik": "0001560327", "fillingDate": "2019-02-28", "acceptedDate": "2019-02-28 16:12:18", "calendarYear": "2018", "period": "FY", "revenue": 244091000, "costOfRevenue": 71083000, "grossProfit": 173008000, "grossProfitRatio": 0.7087848384, "researchAndDevelopmentExpenses": 67743000, "generalAndAdministrativeExpenses": 34993000, "sellingAndMarketingExpenses": 123310000, "sellingGeneralAndAdministrativeExpenses": 158303000, "otherExpenses": -336000, "operatingExpenses": 226046000, "costAndExpenses": 297129000, "interestIncome": 3229000, "interestExpense": 4934000, "depreciationAndAmortization": 11097000, "ebitda": -39048000, "ebitdaratio": -0.1599731248, "operatingIncome": -53038000, "operatingIncomeRatio": -0.2172878148, "totalOtherIncomeExpensesNet": -336000, "incomeBeforeTax": -55079000, "incomeBeforeTaxRatio": -0.2256494504, "incomeTaxExpense": 466000, "netIncome": -55545000, "netIncomeRatio": -0.2275585745, "eps": -1.2, "epsdiluted": -1.2, "weightedAverageShsOut": 46287500, "weightedAverageShsOutDil": 46456825, "link": "https://www.sec.gov/Archives/edgar/data/1560327/000156032719000046/0001560327-19-000046-index.htm", "finalLink": "https://www.sec.gov/Archives/edgar/data/1560327/000156032719000046/rapid7201810-k.htm", "calculatedOtherExpenses": 0, "calculatedOperatingExpenses": 226046000, "calculatedNetInterest": -1705000, "calculatedOtherIncome": -336000, "calculatedIncomeNonControlling": 0, "calculatedEbitda": -41941000}, {"date": "2017-12-31", "symbol": "RPD", "reportedCurrency": "USD", "cik": "0001560327", "fillingDate": "2018-03-08", "acceptedDate": "2018-03-08 16:14:42", "calendarYear": "2017", "period": "FY", "revenue": 200940000, "costOfRevenue": 56910000, "grossProfit": 144030000, "grossProfitRatio": 0.7167811287, "researchAndDevelopmentExpenses": 50938000, "generalAndAdministrativeExpenses": 30293000, "sellingAndMarketingExpenses": 111593000, "sellingGeneralAndAdministrativeExpenses": 141886000, "otherExpenses": 313000, "operatingExpenses": 192824000, "costAndExpenses": 249734000, "interestIncome": 0, "interestExpense": 775000, "depreciationAndAmortization": 7628000, "ebitda": -41166000, "ebitdaratio": -0.2048671245, "operatingIncome": -48794000, "operatingIncomeRatio": -0.2428287051, "totalOtherIncomeExpensesNet": 313000, "incomeBeforeTax": -47706000, "incomeBeforeTaxRatio": -0.2374141535, "incomeTaxExpense": -2236000, "netIncome": -45470000, "netIncomeRatio": -0.2262864537, "eps": -1.06, "epsdiluted": -1.06, "weightedAverageShsOut": 42896226, "weightedAverageShsOutDil": 42952950, "link": "https://www.sec.gov/Archives/edgar/data/1560327/000156032718000032/0001560327-18-000032-index.htm", "finalLink": "https://www.sec.gov/Archives/edgar/data/1560327/000156032718000032/rapid710-k.htm", "calculatedOtherExpenses": 0, "calculatedOperatingExpenses": 192824000, "calculatedNetInterest": -775000, "calculatedOtherIncome": 1863000, "calculatedIncomeNonControlling": 0, "calculatedEbitda": -41166000}, {"date": "2016-12-31", "symbol": "RPD", "reportedCurrency": "USD", "cik": "0001560327", "fillingDate": "2017-03-09", "acceptedDate": "2017-03-09 16:16:19", "calendarYear": "2016", "period": "FY", "revenue": 157437000, "costOfRevenue": 39725000, "grossProfit": 117712000, "grossProfitRatio": 0.7476768485, "researchAndDevelopmentExpenses": 47955000, "generalAndAdministrativeExpenses": 28282000, "sellingAndMarketingExpenses": 90524000, "sellingGeneralAndAdministrativeExpenses": 118806000, "otherExpenses": -109000, "operatingExpenses": 166761000, "costAndExpenses": 206486000, "interestIncome": 0, "interestExpense": 131000, "depreciationAndAmortization": 6725000, "ebitda": -42324000, "ebitdaratio": -0.2688313421, "operatingIncome": -49049000, "operatingIncomeRatio": -0.311546841, "totalOtherIncomeExpensesNet": -109000, "incomeBeforeTax": -49027000, "incomeBeforeTaxRatio": -0.3114071025, "incomeTaxExpense": -27000, "netIncome": -49000000, "netIncomeRatio": -0.3112356054, "eps": -1.19, "epsdiluted": -1.19, "weightedAverageShsOut": 41248473, "weightedAverageShsOutDil": 41248473, "link": "https://www.sec.gov/Archives/edgar/data/1560327/000119312517076894/0001193125-17-076894-index.htm", "finalLink": "https://www.sec.gov/Archives/edgar/data/1560327/000119312517076894/d319803d10k.htm", "calculatedOtherExpenses": 0, "calculatedOperatingExpenses": 166761000, "calculatedNetInterest": -131000, "calculatedOtherIncome": 153000, "calculatedIncomeNonControlling": 0, "calculatedEbitda": -42324000}, {"date": "2015-12-31", "symbol": "RPD", "reportedCurrency": "USD", "cik": "0001560327", "fillingDate": "2016-03-10", "acceptedDate": "2016-03-10 16:37:16", "calendarYear": "2015", "period": "FY", "revenue": 110526000, "costOfRevenue": 29244000, "grossProfit": 81282000, "grossProfitRatio": 0.7354106726, "researchAndDevelopmentExpenses": 38746000, "generalAndAdministrativeExpenses": 21731000, "sellingAndMarketingExpenses": 67365000, "sellingGeneralAndAdministrativeExpenses": 89096000, "otherExpenses": -278000, "operatingExpenses": 127842000, "costAndExpenses": 157086000, "interestIncome": 0, "interestExpense": -2523000, "depreciationAndAmortization": 5352000, "ebitda": -41208000, "ebitdaratio": -0.372835351, "operatingIncome": -46560000, "operatingIncomeRatio": -0.4212583465, "totalOtherIncomeExpensesNet": -278000, "incomeBeforeTax": -49361000, "incomeBeforeTaxRatio": -0.4466007998, "incomeTaxExpense": 496000, "netIncome": -49857000, "netIncomeRatio": -0.4510884317, "eps": -2.02, "epsdiluted": -2.02, "weightedAverageShsOut": 24740480, "weightedAverageShsOutDil": 24740480, "link": "https://www.sec.gov/Archives/edgar/data/1560327/000119312516500210/0001193125-16-500210-index.htm", "finalLink": "https://www.sec.gov/Archives/edgar/data/1560327/000119312516500210/d114334d10k.htm", "calculatedOtherExpenses": 0, "calculatedOperatingExpenses": 127842000, "calculatedNetInterest": 2523000, "calculatedOtherIncome": -5324000, "calculatedIncomeNonControlling": 0, "calculatedEbitda": -41208000}, {"date": "2014-12-31", "symbol": "RPD", "reportedCurrency": "USD", "cik": "0001560327", "fillingDate": "2014-12-31", "acceptedDate": "2014-12-30 19:00:00", "calendarYear": "2014", "period": "FY", "revenue": 76880000, "costOfRevenue": 18472000, "grossProfit": 58408000, "grossProfitRatio": 0.7597294485, "researchAndDevelopmentExpenses": 25570000, "generalAndAdministrativeExpenses": 12972000, "sellingAndMarketingExpenses": 49007000, "sellingGeneralAndAdministrativeExpenses": 61979000, "otherExpenses": -305000, "operatingExpenses": 87549000, "costAndExpenses": 106021000, "interestIncome": 0, "interestExpense": 0, "depreciationAndAmortization": 4140000, "ebitda": -25001000, "ebitdaratio": -0.3251951093, "operatingIncome": -29141000, "operatingIncomeRatio": -0.3790452653, "totalOtherIncomeExpensesNet": -305000, "incomeBeforeTax": -32248000, "incomeBeforeTaxRatio": -0.419458897, "incomeTaxExpense": 379000, "netIncome": -32627000, "netIncomeRatio": -0.4243886576, "eps": -1.05, "epsdiluted": -1.05, "weightedAverageShsOut": 30964803, "weightedAverageShsOutDil": 30964803, "link": "", "finalLink": "", "calculatedOtherExpenses": 0, "calculatedOperatingExpenses": 87549000, "calculatedNetInterest": 0, "calculatedOtherIncome": -3107000, "calculatedIncomeNonControlling": 0, "calculatedEbitda": -25001000}, {"date": "2013-12-31", "symbol": "RPD", "reportedCurrency": "USD", "cik": "0001560327", "fillingDate": "2013-12-31", "acceptedDate": "2013-12-30 19:00:00", "calendarYear": "2013", "period": "FY", "revenue": 60030000, "costOfRevenue": 12878000, "grossProfit": 47152000, "grossProfitRatio": 0.7854739297, "researchAndDevelopmentExpenses": 21411000, "generalAndAdministrativeExpenses": 12586000, "sellingAndMarketingExpenses": 31779000, "sellingGeneralAndAdministrativeExpenses": 44365000, "otherExpenses": 43000, "operatingExpenses": 65776000, "costAndExpenses": 78654000, "interestIncome": 0, "interestExpense": 0, "depreciationAndAmortization": 2631000, "ebitda": -15993000, "ebitdaratio": -0.2664167916, "operatingIncome": -18624000, "operatingIncomeRatio": -0.3102448776, "totalOtherIncomeExpensesNet": 43000, "incomeBeforeTax": -18703000, "incomeBeforeTaxRatio": -0.3115608862, "incomeTaxExpense": 170000, "netIncome": -18873000, "netIncomeRatio": -0.3143928036, "eps": -0.61, "epsdiluted": -0.61, "weightedAverageShsOut": 30964803, "weightedAverageShsOutDil": 30964803, "link": "", "finalLink": "", "calculatedOtherExpenses": 0, "calculatedOperatingExpenses": 65776000, "calculatedNetInterest": 0, "calculatedOtherIncome": -79000, "calculatedIncomeNonControlling": 0, "calculatedEbitda": -15993000}, {"date": "2012-12-31", "symbol": "RPD", "reportedCurrency": "USD", "cik": "0001560327", "fillingDate": "2012-12-31", "acceptedDate": "2012-12-30 19:00:00", "calendarYear": "2012", "period": "FY", "revenue": 46044000, "costOfRevenue": 8222000, "grossProfit": 37822000, "grossProfitRatio": 0.8214316741, "researchAndDevelopmentExpenses": 17820000, "generalAndAdministrativeExpenses": 9436000, "sellingAndMarketingExpenses": 23278000, "sellingGeneralAndAdministrativeExpenses": 32714000, "otherExpenses": -29000, "operatingExpenses": 50534000, "costAndExpenses": 58756000, "interestIncome": 0, "interestExpense": 0, "depreciationAndAmortization": 1529000, "ebitda": -11183000, "ebitdaratio": -0.2428763791, "operatingIncome": -12712000, "operatingIncomeRatio": -0.276083746, "totalOtherIncomeExpensesNet": -29000, "incomeBeforeTax": -12812000, "incomeBeforeTaxRatio": -0.2782555816, "incomeTaxExpense": -418000, "netIncome": -12394000, "netIncomeRatio": -0.2691773087, "eps": -0.46, "epsdiluted": -0.46, "weightedAverageShsOut": 26742901, "weightedAverageShsOutDil": 26742901, "link": "", "finalLink": "", "calculatedOtherExpenses": 0, "calculatedOperatingExpenses": 50534000, "calculatedNetInterest": 0, "calculatedOtherIncome": -100000, "calculatedIncomeNonControlling": 0, "calculatedEbitda": -11183000}]}