{"originalCurrency": "USD", "convertedCurrency": "USD", "report": [{"date": "2023-05-31", "symbol": "RPM", "reportedCurrency": "USD", "cik": "0000110621", "fillingDate": "2023-07-26", "acceptedDate": "2023-07-26 13:53:37", "calendarYear": "2023", "period": "FY", "revenue": 7256414000, "costOfRevenue": 4508370000, "grossProfit": 2748044000, "grossProfitRatio": 0.3787055149, "researchAndDevelopmentExpenses": 86600000, "generalAndAdministrativeExpenses": 1894040000, "sellingAndMarketingExpenses": 62000000, "sellingGeneralAndAdministrativeExpenses": 1956040000, "otherExpenses": -9777000, "operatingExpenses": 1956040000, "costAndExpenses": 6464410000, "interestIncome": 9250000, "interestExpense": 119015000, "depreciationAndAmortization": 154949000, "ebitda": 937176000, "ebitdaratio": 0.1291513963, "operatingIncome": 478700, "operatingIncomeRatio": 6.59692e-05, "totalOtherIncomeExpensesNet": -23607000, "incomeBeforeTax": 649382000, "incomeBeforeTaxRatio": 0.0894907595, "incomeTaxExpense": 169651000, "netIncome": 478691000, "netIncomeRatio": 0.0659679836, "eps": 3.74, "epsdiluted": 3.72, "weightedAverageShsOut": 127507000, "weightedAverageShsOutDil": 128816000, "link": "https://www.sec.gov/Archives/edgar/data/110621/000095017023034640/0000950170-23-034640-index.htm", "finalLink": "https://www.sec.gov/Archives/edgar/data/110621/000095017023034640/rpm-20230531.htm", "calculatedOtherExpenses": 704925300, "calculatedOperatingExpenses": 2747565300, "calculatedNetInterest": -109765000, "calculatedOtherIncome": 758668300, "calculatedIncomeNonControlling": 1040000, "calculatedEbitda": 155427700}, {"date": "2022-05-31", "symbol": "RPM", "reportedCurrency": "USD", "cik": "0000110621", "fillingDate": "2022-07-25", "acceptedDate": "2022-07-25 14:38:40", "calendarYear": "2022", "period": "FY", "revenue": 6707728000, "costOfRevenue": 4274675000, "grossProfit": 2433053000, "grossProfitRatio": 0.3627238612, "researchAndDevelopmentExpenses": 80500000, "generalAndAdministrativeExpenses": 1742884000, "sellingAndMarketingExpenses": 45400000, "sellingGeneralAndAdministrativeExpenses": 1788284000, "otherExpenses": 11846000, "operatingExpenses": 1788284000, "costAndExpenses": 6062959000, "interestIncome": 4435000, "interestExpense": 87928000, "depreciationAndAmortization": 153074000, "ebitda": 809689000, "ebitdaratio": 0.1207098737, "operatingIncome": 656615000, "operatingIncomeRatio": 0.09788933, "totalOtherIncomeExpensesNet": -49816000, "incomeBeforeTax": 606799000, "incomeBeforeTaxRatio": 0.0904626723, "incomeTaxExpense": 114333000, "netIncome": 491481000, "netIncomeRatio": 0.0732708601, "eps": 3.81, "epsdiluted": 3.79, "weightedAverageShsOut": 127948000, "weightedAverageShsOutDil": 129580000, "link": "https://www.sec.gov/Archives/edgar/data/110621/000095017022012972/0000950170-22-012972-index.htm", "finalLink": "https://www.sec.gov/Archives/edgar/data/110621/000095017022012972/rpm-20220531.htm", "calculatedOtherExpenses": -92346000, "calculatedOperatingExpenses": 1776438000, "calculatedNetInterest": -83493000, "calculatedOtherIncome": 33677000, "calculatedIncomeNonControlling": 985000, "calculatedEbitda": 809689000}, {"date": "2021-05-31", "symbol": "RPM", "reportedCurrency": "USD", "cik": "0000110621", "fillingDate": "2021-07-26", "acceptedDate": "2021-07-26 16:22:01", "calendarYear": "2021", "period": "FY", "revenue": 6106288000, "costOfRevenue": 3701129000, "grossProfit": 2405159000, "grossProfitRatio": 0.393882339, "researchAndDevelopmentExpenses": 77600000, "generalAndAdministrativeExpenses": 1602926000, "sellingAndMarketingExpenses": 61100000, "sellingGeneralAndAdministrativeExpenses": 1664026000, "otherExpenses": -13639000, "operatingExpenses": 1664026000, "costAndExpenses": 5365155000, "interestIncome": 3555000, "interestExpense": 85400000, "depreciationAndAmortization": 146857000, "ebitda": 874351000, "ebitdaratio": 0.1431886279, "operatingIncome": 727494000, "operatingIncomeRatio": 0.1191385012, "totalOtherIncomeExpensesNet": -59056000, "incomeBeforeTax": 668438000, "incomeBeforeTaxRatio": 0.1094671591, "incomeTaxExpense": 164938000, "netIncome": 502643000, "netIncomeRatio": 0.0823156392, "eps": 3.89, "epsdiluted": 3.87, "weightedAverageShsOut": 128334000, "weightedAverageShsOutDil": 128926999, "link": "https://www.sec.gov/Archives/edgar/data/110621/000156459021037949/0001564590-21-037949-index.htm", "finalLink": "https://www.sec.gov/Archives/edgar/data/110621/000156459021037949/rpm-10k_20210531.htm", "calculatedOtherExpenses": -63961000, "calculatedOperatingExpenses": 1677665000, "calculatedNetInterest": -81845000, "calculatedOtherIncome": 22789000, "calculatedIncomeNonControlling": 857000, "calculatedEbitda": 874351000}, {"date": "2020-05-31", "symbol": "RPM", "reportedCurrency": "USD", "cik": "0000110621", "fillingDate": "2020-07-27", "acceptedDate": "2020-07-27 17:06:35", "calendarYear": "2020", "period": "FY", "revenue": 5506994000, "costOfRevenue": 3414139000, "grossProfit": 2092855000, "grossProfitRatio": 0.3800358235, "researchAndDevelopmentExpenses": 76500000, "generalAndAdministrativeExpenses": 1498953000, "sellingAndMarketingExpenses": 49700000, "sellingGeneralAndAdministrativeExpenses": 1548653000, "otherExpenses": -12066000, "operatingExpenses": 1548653000, "costAndExpenses": 4962792000, "interestIncome": 5313000, "interestExpense": 101003000, "depreciationAndAmortization": 156842000, "ebitda": 688978000, "ebitdaratio": 0.1251096333, "operatingIncome": 532136000, "operatingIncomeRatio": 0.0966291229, "totalOtherIncomeExpensesNet": -124372000, "incomeBeforeTax": 407764000, "incomeBeforeTaxRatio": 0.0740447511, "incomeTaxExpense": 102682000, "netIncome": 304385000, "netIncomeRatio": 0.0552724408, "eps": 2.35, "epsdiluted": 2.34, "weightedAverageShsOut": 128467999, "weightedAverageShsOutDil": 129973999, "link": "https://www.sec.gov/Archives/edgar/data/110621/000156459020033611/0001564590-20-033611-index.htm", "finalLink": "https://www.sec.gov/Archives/edgar/data/110621/000156459020033611/rpm-10k_20200531.htm", "calculatedOtherExpenses": -64434000, "calculatedOperatingExpenses": 1560719000, "calculatedNetInterest": -95690000, "calculatedOtherIncome": -28682000, "calculatedIncomeNonControlling": 697000, "calculatedEbitda": 688978000}, {"date": "2019-05-31", "symbol": "RPM", "reportedCurrency": "USD", "cik": "0000110621", "fillingDate": "2019-07-24", "acceptedDate": "2019-07-24 15:16:55", "calendarYear": "2019", "period": "FY", "revenue": 5564551000, "costOfRevenue": 3302644000, "grossProfit": 2261907000, "grossProfitRatio": 0.4064850875, "researchAndDevelopmentExpenses": 71600000, "generalAndAdministrativeExpenses": 1712130000, "sellingAndMarketingExpenses": 57500000, "sellingGeneralAndAdministrativeExpenses": 1769630000, "otherExpenses": -4270000, "operatingExpenses": 1769630000, "costAndExpenses": 5072274000, "interestIncome": 4885000, "interestExpense": 102392000, "depreciationAndAmortization": 141742000, "ebitda": 629749000, "ebitdaratio": 0.1131715748, "operatingIncome": 488007000, "operatingIncomeRatio": 0.0876992591, "totalOtherIncomeExpensesNet": -148162000, "incomeBeforeTax": 339845000, "incomeBeforeTaxRatio": 0.0610732115, "incomeTaxExpense": 72158000, "netIncome": 266558000, "netIncomeRatio": 0.0479028766, "eps": 2.03, "epsdiluted": 2.01, "weightedAverageShsOut": 130551999, "weightedAverageShsOutDil": 134333000, "link": "https://www.sec.gov/Archives/edgar/data/110621/000156459019025795/0001564590-19-025795-index.htm", "finalLink": "https://www.sec.gov/Archives/edgar/data/110621/000156459019025795/rpm-10k_20190531.htm", "calculatedOtherExpenses": -67330000, "calculatedOperatingExpenses": 1773900000, "calculatedNetInterest": -97507000, "calculatedOtherIncome": -50655000, "calculatedIncomeNonControlling": 1129000, "calculatedEbitda": 629749000}, {"date": "2018-05-31", "symbol": "RPM", "reportedCurrency": "USD", "cik": "0000110621", "fillingDate": "2018-07-23", "acceptedDate": "2018-07-23 15:49:28", "calendarYear": "2018", "period": "FY", "revenue": 5321643000, "costOfRevenue": 3140431000, "grossProfit": 2181212000, "grossProfitRatio": 0.4098756719, "researchAndDevelopmentExpenses": 69700000, "generalAndAdministrativeExpenses": 1663143000, "sellingAndMarketingExpenses": 58000000, "sellingGeneralAndAdministrativeExpenses": 1663143000, "otherExpenses": 598000, "operatingExpenses": 1663143000, "costAndExpenses": 4803574000, "interestIncome": 5003000, "interestExpense": 104547000, "depreciationAndAmortization": 128499000, "ebitda": 647166000, "ebitdaratio": 0.1216101869, "operatingIncome": 520108000, "operatingIncomeRatio": 0.0977344779, "totalOtherIncomeExpensesNet": 3526000, "incomeBeforeTax": 417048000, "incomeBeforeTaxRatio": 0.0783682784, "incomeTaxExpense": 77791000, "netIncome": 337770000, "netIncomeRatio": 0.0634709995, "eps": 2.57, "epsdiluted": 2.46, "weightedAverageShsOut": 131179000, "weightedAverageShsOutDil": 137171000, "link": "https://www.sec.gov/Archives/edgar/data/110621/000156459018017180/0001564590-18-017180-index.htm", "finalLink": "https://www.sec.gov/Archives/edgar/data/110621/000156459018017180/rpm-10k_20180531.htm", "calculatedOtherExpenses": -71739000, "calculatedOperatingExpenses": 1661104000, "calculatedNetInterest": -99544000, "calculatedOtherIncome": -3516000, "calculatedIncomeNonControlling": 1487000, "calculatedEbitda": 648607000}, {"date": "2017-05-31", "symbol": "RPM", "reportedCurrency": "USD", "cik": "0000110621", "fillingDate": "2017-07-24", "acceptedDate": "2017-07-24 16:18:27", "calendarYear": "2017", "period": "FY", "revenue": 4958175000, "costOfRevenue": 2792487000, "grossProfit": 2165688000, "grossProfitRatio": 0.4367913597, "researchAndDevelopmentExpenses": 64900000, "generalAndAdministrativeExpenses": 1643520000, "sellingAndMarketingExpenses": 52300000, "sellingGeneralAndAdministrativeExpenses": 1643520000, "otherExpenses": -1667000, "operatingExpenses": 1643520000, "costAndExpenses": 4436007000, "interestIncome": 4620000, "interestExpense": 96954000, "depreciationAndAmortization": 116773000, "ebitda": 637274000, "ebitdaratio": 0.1285299531, "operatingIncome": 338439000, "operatingIncomeRatio": 0.0682587847, "totalOtherIncomeExpensesNet": -180881000, "incomeBeforeTax": 244333000, "incomeBeforeTaxRatio": 0.0492788173, "incomeTaxExpense": 59662000, "netIncome": 181823000, "netIncomeRatio": 0.0366713559, "eps": 1.37, "epsdiluted": 1.36, "weightedAverageShsOut": 130662000, "weightedAverageShsOutDil": 135165000, "link": "https://www.sec.gov/Archives/edgar/data/110621/000156459017013863/0001564590-17-013863-index.htm", "finalLink": "https://www.sec.gov/Archives/edgar/data/110621/000156459017013863/rpm-10k_20170531.htm", "calculatedOtherExpenses": 118829000, "calculatedOperatingExpenses": 1827249000, "calculatedNetInterest": -92334000, "calculatedOtherIncome": -1772000, "calculatedIncomeNonControlling": 2848000, "calculatedEbitda": 455212000}, {"date": "2016-05-31", "symbol": "RPM", "reportedCurrency": "USD", "cik": "0000110621", "fillingDate": "2016-07-28", "acceptedDate": "2016-07-28 16:50:06", "calendarYear": "2016", "period": "FY", "revenue": 4813649000, "costOfRevenue": 2726601000, "grossProfit": 2087048000, "grossProfitRatio": 0.4335687957, "researchAndDevelopmentExpenses": 61500000, "generalAndAdministrativeExpenses": 1520977000, "sellingAndMarketingExpenses": 195000000, "sellingGeneralAndAdministrativeExpenses": 1520977000, "otherExpenses": -1287000, "operatingExpenses": 1520977000, "costAndExpenses": 4247578000, "interestIncome": 5975000, "interestExpense": 91683000, "depreciationAndAmortization": 111039000, "ebitda": 675823000, "ebitdaratio": 0.140397233, "operatingIncome": 572416000, "operatingIncomeRatio": 0.118915193, "totalOtherIncomeExpensesNet": 9078000, "incomeBeforeTax": 483466000, "incomeBeforeTaxRatio": 0.100436488, "incomeTaxExpense": 126008000, "netIncome": 354725000, "netIncomeRatio": 0.0736914968, "eps": 2.7, "epsdiluted": 2.63, "weightedAverageShsOut": 129383000, "weightedAverageShsOutDil": 136716000, "link": "https://www.sec.gov/Archives/edgar/data/110621/000156459016021706/0001564590-16-021706-index.htm", "finalLink": "https://www.sec.gov/Archives/edgar/data/110621/000156459016021706/rpm-10k_20160531.htm", "calculatedOtherExpenses": -67845000, "calculatedOperatingExpenses": 1514632000, "calculatedNetInterest": -85708000, "calculatedOtherIncome": -3242000, "calculatedIncomeNonControlling": 2733000, "calculatedEbitda": 683455000}, {"date": "2015-05-31", "symbol": "RPM", "reportedCurrency": "USD", "cik": "0000110621", "fillingDate": "2015-07-27", "acceptedDate": "2015-07-27 16:31:44", "calendarYear": "2015", "period": "FY", "revenue": 4594550000, "costOfRevenue": 2653181000, "grossProfit": 1941369000, "grossProfitRatio": 0.422537354, "researchAndDevelopmentExpenses": 56700000, "generalAndAdministrativeExpenses": 1422944000, "sellingAndMarketingExpenses": 183700000, "sellingGeneralAndAdministrativeExpenses": 1422944000, "otherExpenses": 1843000, "operatingExpenses": 1422944000, "costAndExpenses": 4076125000, "interestIncome": 8304000, "interestExpense": 87615000, "depreciationAndAmortization": 99176000, "ebitda": 629771000, "ebitdaratio": 0.1370691363, "operatingIncome": 552024000, "operatingIncomeRatio": 0.1201475661, "totalOtherIncomeExpensesNet": 14139000, "incomeBeforeTax": 453253000, "incomeBeforeTaxRatio": 0.0986501398, "incomeTaxExpense": 224925000, "netIncome": 239484000, "netIncomeRatio": 0.0521234941, "eps": 1.81, "epsdiluted": 1.78, "weightedAverageShsOut": 129933000, "weightedAverageShsOutDil": 134893000, "link": "https://www.sec.gov/Archives/edgar/data/110621/000119312515264092/0001193125-15-264092-index.htm", "finalLink": "https://www.sec.gov/Archives/edgar/data/110621/000119312515264092/d949204d10k.htm", "calculatedOtherExpenses": -90299000, "calculatedOperatingExpenses": 1389345000, "calculatedNetInterest": -79311000, "calculatedOtherIncome": -19460000, "calculatedIncomeNonControlling": -11156000, "calculatedEbitda": 651200000}, {"date": "2014-05-31", "symbol": "RPM", "reportedCurrency": "USD", "cik": "0000110621", "fillingDate": "2014-08-14", "acceptedDate": "2014-08-14 16:23:30", "calendarYear": "2014", "period": "FY", "revenue": 4376353000, "costOfRevenue": 2500585000, "grossProfit": 1875768000, "grossProfitRatio": 0.4286144194, "researchAndDevelopmentExpenses": 54600000, "generalAndAdministrativeExpenses": 1390128000, "sellingAndMarketingExpenses": 182600000, "sellingGeneralAndAdministrativeExpenses": 1390128000, "otherExpenses": 4083000, "operatingExpenses": 1390128000, "costAndExpenses": 3890713000, "interestIncome": 6327000, "interestExpense": 80951000, "depreciationAndAmortization": 90069000, "ebitda": 579792000, "ebitdaratio": 0.1324829144, "operatingIncome": 491114000, "operatingIncomeRatio": 0.1122199238, "totalOtherIncomeExpensesNet": 19798000, "incomeBeforeTax": 424487000, "incomeBeforeTaxRatio": 0.0969956034, "incomeTaxExpense": 118503000, "netIncome": 291660000, "netIncomeRatio": 0.0666445326, "eps": 2.2, "epsdiluted": 2.18, "weightedAverageShsOut": 129438000, "weightedAverageShsOutDil": 132288000, "link": "https://www.sec.gov/Archives/edgar/data/110621/000119312514310185/0001193125-14-310185-index.htm", "finalLink": "https://www.sec.gov/Archives/edgar/data/110621/000119312514310185/d745717d10k.htm", "calculatedOtherExpenses": -60074000, "calculatedOperatingExpenses": 1384654000, "calculatedNetInterest": -74624000, "calculatedOtherIncome": 7997000, "calculatedIncomeNonControlling": 14324000, "calculatedEbitda": 581183000}, {"date": "2013-05-31", "symbol": "RPM", "reportedCurrency": "USD", "cik": "0000110621", "fillingDate": "2013-07-24", "acceptedDate": "2013-07-24 17:08:29", "calendarYear": "2013", "period": "FY", "revenue": 4078655000, "costOfRevenue": 2375936000, "grossProfit": 1702719000, "grossProfitRatio": 0.4174707103, "researchAndDevelopmentExpenses": 49300000, "generalAndAdministrativeExpenses": 1309235000, "sellingAndMarketingExpenses": 168800000, "sellingGeneralAndAdministrativeExpenses": 1309235000, "otherExpenses": -122853000, "operatingExpenses": 1309235000, "costAndExpenses": 3685171000, "interestIncome": 6814000, "interestExpense": 79846000, "depreciationAndAmortization": 83744000, "ebitda": 354375000, "ebitdaratio": 0.08688526, "operatingIncome": 245489000, "operatingIncomeRatio": 0.0601887142, "totalOtherIncomeExpensesNet": -136747000, "incomeBeforeTax": 176891000, "incomeBeforeTaxRatio": 0.0433699345, "incomeTaxExpense": 67040000, "netIncome": 98603000, "netIncomeRatio": 0.0241753715, "eps": 0.75, "epsdiluted": 0.74, "weightedAverageShsOut": 128956000, "weightedAverageShsOutDil": 129801000, "link": "https://www.sec.gov/Archives/edgar/data/110621/000119312513300693/0001193125-13-300693-index.htm", "finalLink": "https://www.sec.gov/Archives/edgar/data/110621/000119312513300693/d549438d10k.htm", "calculatedOtherExpenses": 98695000, "calculatedOperatingExpenses": 1457230000, "calculatedNetInterest": -73032000, "calculatedOtherIncome": 4434000, "calculatedIncomeNonControlling": 11248000, "calculatedEbitda": 329233000}, {"date": "2012-05-31", "symbol": "RPM", "reportedCurrency": "USD", "cik": "0000110621", "fillingDate": "2012-07-26", "acceptedDate": "2012-07-26 16:31:25", "calendarYear": "2012", "period": "FY", "revenue": 3777416000, "costOfRevenue": 2235153000, "grossProfit": 1542263000, "grossProfitRatio": 0.4082851875, "researchAndDevelopmentExpenses": 0, "generalAndAdministrativeExpenses": 1155714000, "sellingAndMarketingExpenses": 0, "sellingGeneralAndAdministrativeExpenses": 1155714000, "otherExpenses": 9599000, "operatingExpenses": 1155714000, "costAndExpenses": 3390867000, "interestIncome": 0, "interestExpense": 72045000, "depreciationAndAmortization": 73698000, "ebitda": 469846000, "ebitdaratio": 0.1243829115, "operatingIncome": 382507000, "operatingIncomeRatio": 0.1012615502, "totalOtherIncomeExpensesNet": 13785000, "incomeBeforeTax": 328289000, "incomeBeforeTaxRatio": 0.0869083522, "incomeTaxExpense": 94526000, "netIncome": 215936000, "netIncomeRatio": 0.0571650038, "eps": 1.65, "epsdiluted": 1.65, "weightedAverageShsOut": 128130000, "weightedAverageShsOutDil": 128717000, "link": "https://www.sec.gov/Archives/edgar/data/110621/000119312512316906/0001193125-12-316906-index.htm", "finalLink": "https://www.sec.gov/Archives/edgar/data/110621/000119312512316906/d364030d10k.htm", "calculatedOtherExpenses": 4042000, "calculatedOperatingExpenses": 1159756000, "calculatedNetInterest": -72045000, "calculatedOtherIncome": 17827000, "calculatedIncomeNonControlling": 17827000, "calculatedEbitda": 456205000}, {"date": "2011-05-31", "symbol": "RPM", "reportedCurrency": "USD", "cik": "0000110621", "fillingDate": "2011-07-27", "acceptedDate": "2011-07-27 14:46:05", "calendarYear": "2011", "period": "FY", "revenue": 3381841000, "costOfRevenue": 1980974000, "grossProfit": 1400867000, "grossProfitRatio": 0.4142320706, "researchAndDevelopmentExpenses": 0, "generalAndAdministrativeExpenses": 1056069000, "sellingAndMarketingExpenses": 0, "sellingGeneralAndAdministrativeExpenses": 1056069000, "otherExpenses": 0, "operatingExpenses": 1056069000, "costAndExpenses": 3037043000, "interestIncome": 0, "interestExpense": 65427000, "depreciationAndAmortization": 72753000, "ebitda": 417551000, "ebitdaratio": 0.1234685486, "operatingIncome": 346370000, "operatingIncomeRatio": 0.1024205455, "totalOtherIncomeExpensesNet": 15682000, "incomeBeforeTax": 295053000, "incomeBeforeTaxRatio": 0.0872462662, "incomeTaxExpense": 91885000, "netIncome": 189058000, "netIncomeRatio": 0.0559038701, "eps": 1.46, "epsdiluted": 1.45, "weightedAverageShsOut": 127403000, "weightedAverageShsOutDil": 128066000, "link": "https://www.sec.gov/Archives/edgar/data/110621/000119312511198745/0001193125-11-198745-index.htm", "finalLink": "https://www.sec.gov/Archives/edgar/data/110621/000119312511198745/d10k.htm", "calculatedOtherExpenses": -1572000, "calculatedOperatingExpenses": 1054497000, "calculatedNetInterest": -65427000, "calculatedOtherIncome": 14110000, "calculatedIncomeNonControlling": 14110000, "calculatedEbitda": 419123000}, {"date": "2010-05-31", "symbol": "RPM", "reportedCurrency": "USD", "cik": "0000110621", "fillingDate": "2010-07-29", "acceptedDate": "2010-07-29 17:06:04", "calendarYear": "2010", "period": "FY", "revenue": 3412716000, "costOfRevenue": 1977341000, "grossProfit": 1435375000, "grossProfitRatio": 0.4205960883, "researchAndDevelopmentExpenses": 0, "generalAndAdministrativeExpenses": 1105882000, "sellingAndMarketingExpenses": 0, "sellingGeneralAndAdministrativeExpenses": 1105882000, "otherExpenses": 0, "operatingExpenses": 1105882000, "costAndExpenses": 3083223000, "interestIncome": 4035000, "interestExpense": 59273000, "depreciationAndAmortization": 84253000, "ebitda": 413746000, "ebitdaratio": 0.1212365752, "operatingIncome": 326637000, "operatingIncomeRatio": 0.095711744, "totalOtherIncomeExpensesNet": -1766000, "incomeBeforeTax": 268454000, "incomeBeforeTaxRatio": 0.0786628597, "incomeTaxExpense": 87327000, "netIncome": 180037000, "netIncomeRatio": 0.052754756, "eps": 1.4, "epsdiluted": 1.39, "weightedAverageShsOut": 127047000, "weightedAverageShsOutDil": 127731000, "link": "https://www.sec.gov/Archives/edgar/data/110621/000095012310069889/0000950123-10-069889-index.htm", "finalLink": "https://www.sec.gov/Archives/edgar/data/110621/000095012310069889/l39954e10vk.htm", "calculatedOtherExpenses": 2856000, "calculatedOperatingExpenses": 1108738000, "calculatedNetInterest": -55238000, "calculatedOtherIncome": -2945000, "calculatedIncomeNonControlling": 1090000, "calculatedEbitda": 410890000}, {"date": "2009-05-31", "symbol": "RPM", "reportedCurrency": "USD", "cik": "0000110621", "fillingDate": "2009-07-28", "acceptedDate": "2009-07-28 11:46:49", "calendarYear": "2009", "period": "FY", "revenue": 3368167000, "costOfRevenue": 2015078000, "grossProfit": 1353089000, "grossProfitRatio": 0.401728596, "researchAndDevelopmentExpenses": 0, "generalAndAdministrativeExpenses": 1096505000, "sellingAndMarketingExpenses": 0, "sellingGeneralAndAdministrativeExpenses": 1096505000, "otherExpenses": 0, "operatingExpenses": 1096505000, "costAndExpenses": 3111583000, "interestIncome": 0, "interestExpense": 54460000, "depreciationAndAmortization": 85144000, "ebitda": 341728000, "ebitdaratio": 0.1014581522, "operatingIncome": 235328000, "operatingIncomeRatio": 0.0698682696, "totalOtherIncomeExpensesNet": -21256000, "incomeBeforeTax": 180868000, "incomeBeforeTaxRatio": 0.0536992376, "incomeTaxExpense": 61252000, "netIncome": 119616000, "netIncomeRatio": 0.0355136785, "eps": 0.95, "epsdiluted": 0.93, "weightedAverageShsOut": 126373000, "weightedAverageShsOutDil": 128255000, "link": "https://www.sec.gov/Archives/edgar/data/110621/000095012309026127/0000950123-09-026127-index.htm", "finalLink": "https://www.sec.gov/Archives/edgar/data/110621/000095012309026127/l36627ae10vk.htm", "calculatedOtherExpenses": 21256000, "calculatedOperatingExpenses": 1117761000, "calculatedNetInterest": -54460000, "calculatedOtherIncome": 0, "calculatedIncomeNonControlling": 0, "calculatedEbitda": 320472000}, {"date": "2008-05-31", "symbol": "RPM", "reportedCurrency": "USD", "cik": "0000110621", "fillingDate": "2008-07-30", "acceptedDate": "2008-07-30 15:59:32", "calendarYear": "2008", "period": "FY", "revenue": 3643791000, "costOfRevenue": 2145254000, "grossProfit": 1498537000, "grossProfitRatio": 0.4112576709, "researchAndDevelopmentExpenses": 0, "generalAndAdministrativeExpenses": 1124419000, "sellingAndMarketingExpenses": 0, "sellingGeneralAndAdministrativeExpenses": 1124419000, "otherExpenses": 0, "operatingExpenses": 1124419000, "costAndExpenses": 3269673000, "interestIncome": 0, "interestExpense": 0, "depreciationAndAmortization": 85366000, "ebitda": 747584000, "ebitdaratio": 0.2051665422, "operatingIncome": 39054000, "operatingIncomeRatio": 0.0107179583, "totalOtherIncomeExpensesNet": -288100000, "incomeBeforeTax": 39054000, "incomeBeforeTaxRatio": 0.0107179583, "incomeTaxExpense": -8655000, "netIncome": 47709000, "netIncomeRatio": 0.0130932317, "eps": 0.4, "epsdiluted": 0.39, "weightedAverageShsOut": 120151000, "weightedAverageShsOutDil": 130539000, "link": "https://www.sec.gov/Archives/edgar/data/110621/000095015208005780/0000950152-08-005780-index.htm", "finalLink": "https://www.sec.gov/Archives/edgar/data/110621/000095015208005780/l32212ae10vk.htm", "calculatedOtherExpenses": 335064000, "calculatedOperatingExpenses": 1459483000, "calculatedNetInterest": 0, "calculatedOtherIncome": 0, "calculatedIncomeNonControlling": 0, "calculatedEbitda": 124420000}, {"date": "2007-05-31", "symbol": "RPM", "reportedCurrency": "USD", "cik": "0000110621", "fillingDate": "2007-07-30", "acceptedDate": "2007-07-30 17:18:44", "calendarYear": "2007", "period": "FY", "revenue": 3338764000, "costOfRevenue": 1978312000, "grossProfit": 1360452000, "grossProfitRatio": 0.407471747, "researchAndDevelopmentExpenses": 0, "generalAndAdministrativeExpenses": 1020884000, "sellingAndMarketingExpenses": 0, "sellingGeneralAndAdministrativeExpenses": 1020884000, "otherExpenses": 0, "operatingExpenses": 1020884000, "costAndExpenses": 2999196000, "interestIncome": 0, "interestExpense": 0, "depreciationAndAmortization": 81607000, "ebitda": 406175000, "ebitdaratio": 0.1216543008, "operatingIncome": 307535000, "operatingIncomeRatio": 0.0921104337, "totalOtherIncomeExpensesNet": 15000000, "incomeBeforeTax": 307535000, "incomeBeforeTaxRatio": 0.0921104337, "incomeTaxExpense": 99246000, "netIncome": 208289000, "netIncomeRatio": 0.0623850623, "eps": 1.76, "epsdiluted": 1.64, "weightedAverageShsOut": 118179000, "weightedAverageShsOutDil": 128711000, "link": "https://www.sec.gov/Archives/edgar/data/110621/000095015207006193/0000950152-07-006193-index.htm", "finalLink": "https://www.sec.gov/Archives/edgar/data/110621/000095015207006193/l26082ae10vk.htm", "calculatedOtherExpenses": 32033000, "calculatedOperatingExpenses": 1052917000, "calculatedNetInterest": 0, "calculatedOtherIncome": 0, "calculatedIncomeNonControlling": 0, "calculatedEbitda": 389142000}, {"date": "2006-05-31", "symbol": "RPM", "reportedCurrency": "USD", "cik": "0000110621", "fillingDate": "2006-08-10", "acceptedDate": "2006-08-10 17:29:53", "calendarYear": "2006", "period": "FY", "revenue": 3008338000, "costOfRevenue": 1756770000, "grossProfit": 1251568000, "grossProfitRatio": 0.4160330388, "researchAndDevelopmentExpenses": 0, "generalAndAdministrativeExpenses": 952700000, "sellingAndMarketingExpenses": 0, "sellingGeneralAndAdministrativeExpenses": 952700000, "otherExpenses": 0, "operatingExpenses": 952700000, "costAndExpenses": 2709470000, "interestIncome": 0, "interestExpense": 0, "depreciationAndAmortization": 74299000, "ebitda": 753167000, "ebitdaratio": 0.2503598332, "operatingIncome": -122475000, "operatingIncomeRatio": -0.0407118482, "totalOtherIncomeExpensesNet": -380000000, "incomeBeforeTax": -122475000, "incomeBeforeTaxRatio": -0.0407118482, "incomeTaxExpense": -46270000, "netIncome": -76205000, "netIncomeRatio": -0.0253312626, "eps": -0.65, "epsdiluted": -0.65, "weightedAverageShsOut": 116837000, "weightedAverageShsOutDil": 116837000, "link": "https://www.sec.gov/Archives/edgar/data/110621/000095015206006828/0000950152-06-006828-index.htm", "finalLink": "https://www.sec.gov/Archives/edgar/data/110621/000095015206006828/l21773ae10vk.htm", "calculatedOtherExpenses": 421343000, "calculatedOperatingExpenses": 1374043000, "calculatedNetInterest": 0, "calculatedOtherIncome": 0, "calculatedIncomeNonControlling": 0, "calculatedEbitda": -48176000}, {"date": "2005-05-31", "symbol": "RPM", "reportedCurrency": "USD", "cik": "0000110621", "fillingDate": "2005-08-15", "acceptedDate": "2005-08-15 17:19:26", "calendarYear": "2005", "period": "FY", "revenue": 2555735000, "costOfRevenue": 1449184000, "grossProfit": 1106551000, "grossProfitRatio": 0.4329678155, "researchAndDevelopmentExpenses": 0, "generalAndAdministrativeExpenses": 829445000, "sellingAndMarketingExpenses": 0, "sellingGeneralAndAdministrativeExpenses": 829445000, "otherExpenses": 0, "operatingExpenses": 829445000, "costAndExpenses": 2278629000, "interestIncome": 0, "interestExpense": 0, "depreciationAndAmortization": 65992000, "ebitda": 421098000, "ebitdaratio": 0.1647659088, "operatingIncome": 163728000, "operatingIncomeRatio": 0.0640629799, "totalOtherIncomeExpensesNet": -78000000, "incomeBeforeTax": 163728000, "incomeBeforeTaxRatio": 0.0640629799, "incomeTaxExpense": 58696000, "netIncome": 105032000, "netIncomeRatio": 0.0410965926, "eps": 0.9, "epsdiluted": 0.86, "weightedAverageShsOut": 116899000, "weightedAverageShsOutDil": 126364000, "link": "https://www.sec.gov/Archives/edgar/data/110621/000095015205007057/0000950152-05-007057-index.htm", "finalLink": "https://www.sec.gov/Archives/edgar/data/110621/000095015205007057/l15562ae10vk.htm", "calculatedOtherExpenses": 113378000, "calculatedOperatingExpenses": 942823000, "calculatedNetInterest": 0, "calculatedOtherIncome": 0, "calculatedIncomeNonControlling": 0, "calculatedEbitda": 229720000}, {"date": "2004-05-31", "symbol": "RPM", "reportedCurrency": "USD", "cik": "0000110621", "fillingDate": "2004-08-16", "acceptedDate": "2004-08-16 15:56:38", "calendarYear": "2004", "period": "FY", "revenue": 2341572000, "costOfRevenue": 1276372000, "grossProfit": 1065200000, "grossProfitRatio": 0.4549080703, "researchAndDevelopmentExpenses": 0, "generalAndAdministrativeExpenses": 818639000, "sellingAndMarketingExpenses": 0, "sellingGeneralAndAdministrativeExpenses": 818639000, "otherExpenses": 0, "operatingExpenses": 818639000, "costAndExpenses": 2095011000, "interestIncome": 0, "interestExpense": 0, "depreciationAndAmortization": 63277000, "ebitda": 309838000, "ebitdaratio": 0.1323205095, "operatingIncome": 217616000, "operatingIncomeRatio": 0.0929358568, "totalOtherIncomeExpensesNet": 0, "incomeBeforeTax": 217616000, "incomeBeforeTaxRatio": 0.0929358568, "incomeTaxExpense": 75730000, "netIncome": 141886000, "netIncomeRatio": 0.0605943358, "eps": 1.23, "epsdiluted": 1.16, "weightedAverageShsOut": 115777000, "weightedAverageShsOutDil": 122315517, "link": "https://www.sec.gov/Archives/edgar/data/110621/000095015204006325/0000950152-04-006325-index.htm", "finalLink": "https://www.sec.gov/Archives/edgar/data/110621/000095015204006325/l09156ae10vk.txt", "calculatedOtherExpenses": 28945000, "calculatedOperatingExpenses": 847584000, "calculatedNetInterest": 0, "calculatedOtherIncome": 0, "calculatedIncomeNonControlling": 0, "calculatedEbitda": 280893000}, {"date": "2003-05-31", "symbol": "RPM", "reportedCurrency": "USD", "cik": "0000110621", "fillingDate": "2003-08-29", "acceptedDate": "2003-08-29 16:51:12", "calendarYear": "2003", "period": "FY", "revenue": 2083489000, "costOfRevenue": 1128937000, "grossProfit": 954552000, "grossProfitRatio": 0.458150727, "researchAndDevelopmentExpenses": 0, "generalAndAdministrativeExpenses": 739987000, "sellingAndMarketingExpenses": 0, "sellingGeneralAndAdministrativeExpenses": 739987000, "otherExpenses": 0, "operatingExpenses": 739987000, "costAndExpenses": 1868924000, "interestIncome": 0, "interestExpense": 0, "depreciationAndAmortization": 58674000, "ebitda": 413239000, "ebitdaratio": 0.1983399, "operatingIncome": 47853000, "operatingIncomeRatio": 0.0229677239, "totalOtherIncomeExpensesNet": -140000000, "incomeBeforeTax": 47853000, "incomeBeforeTaxRatio": 0.0229677239, "incomeTaxExpense": 12526000, "netIncome": 35327000, "netIncomeRatio": 0.0169556931, "eps": 0.31, "epsdiluted": 0.3, "weightedAverageShsOut": 115294000, "weightedAverageShsOutDil": 117756667, "link": "https://www.sec.gov/Archives/edgar/data/110621/000095015203008012/0000950152-03-008012-index.htm", "finalLink": "https://www.sec.gov/Archives/edgar/data/110621/000095015203008012/l02719ae10vk.txt", "calculatedOtherExpenses": 166712000, "calculatedOperatingExpenses": 906699000, "calculatedNetInterest": 0, "calculatedOtherIncome": 0, "calculatedIncomeNonControlling": 0, "calculatedEbitda": 106527000}, {"date": "2002-05-31", "symbol": "RPM", "reportedCurrency": "USD", "cik": "0000110621", "fillingDate": "2002-08-29", "acceptedDate": "2006-09-15 10:34:07", "calendarYear": "2002", "period": "FY", "revenue": 1986126000, "costOfRevenue": 1073910000, "grossProfit": 912216000, "grossProfitRatio": 0.4592941233, "researchAndDevelopmentExpenses": 0, "generalAndAdministrativeExpenses": 717628000, "sellingAndMarketingExpenses": 0, "sellingGeneralAndAdministrativeExpenses": 717628000, "otherExpenses": 0, "operatingExpenses": 717628000, "costAndExpenses": 1791538000, "interestIncome": 0, "interestExpense": 0, "depreciationAndAmortization": 56859000, "ebitda": 251447000, "ebitdaratio": 0.1266017362, "operatingIncome": 154124000, "operatingIncomeRatio": 0.0776003134, "totalOtherIncomeExpensesNet": 0, "incomeBeforeTax": 154124000, "incomeBeforeTaxRatio": 0.0776003134, "incomeTaxExpense": 52570000, "netIncome": 101554000, "netIncomeRatio": 0.0511317006, "eps": 0.97, "epsdiluted": 0.97, "weightedAverageShsOut": 104418000, "weightedAverageShsOutDil": 104418000, "link": "https://www.sec.gov/Archives/edgar/data/110621/000095015206007634/0000950152-06-007634-index.htm", "finalLink": "https://www.sec.gov/Archives/edgar/data/110621/000095015206007634/l21038ae10vk.txt", "calculatedOtherExpenses": 40464000, "calculatedOperatingExpenses": 758092000, "calculatedNetInterest": 0, "calculatedOtherIncome": 0, "calculatedIncomeNonControlling": 0, "calculatedEbitda": 210983000}, {"date": "2001-05-31", "symbol": "RPM", "reportedCurrency": "USD", "cik": "0000110621", "fillingDate": "2001-08-29", "acceptedDate": "2001-08-29 00:00:00", "calendarYear": "2001", "period": "FY", "revenue": 2007762000, "costOfRevenue": 1127787000, "grossProfit": 879975000, "grossProfitRatio": 0.4382865101, "researchAndDevelopmentExpenses": 0, "generalAndAdministrativeExpenses": 713285000, "sellingAndMarketingExpenses": 0, "sellingGeneralAndAdministrativeExpenses": 713285000, "otherExpenses": 0, "operatingExpenses": 713285000, "costAndExpenses": 1841072000, "interestIncome": 0, "interestExpense": 0, "depreciationAndAmortization": 81494000, "ebitda": 248184000, "ebitdaratio": 0.1236122608, "operatingIncome": 101487000, "operatingIncomeRatio": 0.0505473258, "totalOtherIncomeExpensesNet": 0, "incomeBeforeTax": 101487000, "incomeBeforeTaxRatio": 0.0505473258, "incomeTaxExpense": 38526000, "netIncome": 62961000, "netIncomeRatio": 0.0313587965, "eps": 0.62, "epsdiluted": 0.62, "weightedAverageShsOut": 102202000, "weightedAverageShsOutDil": 102202000, "link": "https://www.sec.gov/Archives/edgar/data/110621/000095015201504169/0000950152-01-504169-index.htm", "finalLink": "https://www.sec.gov/Archives/edgar/data/110621/000095015201504169/l89965ae10-k.txt", "calculatedOtherExpenses": 65203000, "calculatedOperatingExpenses": 778488000, "calculatedNetInterest": 0, "calculatedOtherIncome": 0, "calculatedIncomeNonControlling": 0, "calculatedEbitda": 182981000}, {"date": "2000-05-31", "symbol": "RPM", "reportedCurrency": "USD", "cik": "0000110621", "fillingDate": "2000-08-28", "acceptedDate": "2000-08-28 00:00:00", "calendarYear": "2000", "period": "FY", "revenue": 1954131000, "costOfRevenue": 1020487000, "grossProfit": 933644000, "grossProfitRatio": 0.4777796371, "researchAndDevelopmentExpenses": 0, "generalAndAdministrativeExpenses": 678970000, "sellingAndMarketingExpenses": 0, "sellingGeneralAndAdministrativeExpenses": 678970000, "otherExpenses": 79150000, "operatingExpenses": 758120000, "costAndExpenses": 1778607000, "interestIncome": 0, "interestExpense": 0, "depreciationAndAmortization": 79150000, "ebitda": 306644000, "ebitdaratio": 0.1569209024, "operatingIncome": 71761000, "operatingIncomeRatio": 0.0367227172, "totalOtherIncomeExpensesNet": -51970000, "incomeBeforeTax": 71761000, "incomeBeforeTaxRatio": 0.0367227172, "incomeTaxExpense": 30769000, "netIncome": 40992000, "netIncomeRatio": 0.0209770993, "eps": 0.38, "epsdiluted": 0.38, "weightedAverageShsOut": 107221000, "weightedAverageShsOutDil": 107221000, "link": "https://www.sec.gov/Archives/edgar/data/110621/000095015200006308/0000950152-00-006308-index.htm", "finalLink": "https://www.sec.gov/Archives/edgar/data/110621/000095015200006308/e10-k.txt", "calculatedOtherExpenses": 182913000, "calculatedOperatingExpenses": 861883000, "calculatedNetInterest": 0, "calculatedOtherIncome": 0, "calculatedIncomeNonControlling": 0, "calculatedEbitda": 150911000}, {"date": "1999-05-31", "symbol": "RPM", "reportedCurrency": "USD", "cik": "0000110621", "fillingDate": "1999-08-27", "acceptedDate": "1999-08-27 00:00:00", "calendarYear": "1999", "period": "FY", "revenue": 1712200000, "costOfRevenue": 865000000, "grossProfit": 847200000, "grossProfitRatio": 0.4948020091, "researchAndDevelopmentExpenses": 0, "generalAndAdministrativeExpenses": 592700000, "sellingAndMarketingExpenses": 0, "sellingGeneralAndAdministrativeExpenses": 592700000, "otherExpenses": 62100000, "operatingExpenses": 654800000, "costAndExpenses": 1519800000, "interestIncome": 0, "interestExpense": 0, "depreciationAndAmortization": 62100000, "ebitda": 254500000, "ebitdaratio": 0.1486391777, "operatingIncome": 159700000, "operatingIncomeRatio": 0.093271814, "totalOtherIncomeExpensesNet": 0, "incomeBeforeTax": 159700000, "incomeBeforeTaxRatio": 0.093271814, "incomeTaxExpense": 65100000, "netIncome": 94600000, "netIncomeRatio": 0.0552505548, "eps": 0.87, "epsdiluted": 0.86, "weightedAverageShsOut": 108673563, "weightedAverageShsOutDil": 109937209, "link": "https://www.sec.gov/Archives/edgar/data/110621/000095015299007173/0000950152-99-007173-index.html", "finalLink": "https://www.sec.gov/Archives/edgar/data/110621/000095015299007173/", "calculatedOtherExpenses": 94800000, "calculatedOperatingExpenses": 687500000, "calculatedNetInterest": 0, "calculatedOtherIncome": 0, "calculatedIncomeNonControlling": 0, "calculatedEbitda": 221800000}, {"date": "1998-05-31", "symbol": "RPM", "reportedCurrency": "USD", "cik": "0000110621", "fillingDate": "1998-08-27", "acceptedDate": "1998-08-27 00:00:00", "calendarYear": "1998", "period": "FY", "revenue": 1615300000, "costOfRevenue": 834900000, "grossProfit": 780400000, "grossProfitRatio": 0.4831300687, "researchAndDevelopmentExpenses": 0, "generalAndAdministrativeExpenses": 537200000, "sellingAndMarketingExpenses": 0, "sellingGeneralAndAdministrativeExpenses": 537200000, "otherExpenses": 57000000, "operatingExpenses": 594200000, "costAndExpenses": 1429100000, "interestIncome": 0, "interestExpense": 0, "depreciationAndAmortization": 57000000, "ebitda": 243200000, "ebitdaratio": 0.1505602674, "operatingIncome": 149500000, "operatingIncomeRatio": 0.092552467, "totalOtherIncomeExpensesNet": 0, "incomeBeforeTax": 149500000, "incomeBeforeTaxRatio": 0.092552467, "incomeTaxExpense": 61700000, "netIncome": 87800000, "netIncomeRatio": 0.0543552281, "eps": 0.89, "epsdiluted": 0.84, "weightedAverageShsOut": 98651685, "weightedAverageShsOutDil": 104523810, "link": "https://www.sec.gov/Archives/edgar/data/110621/000095015298007084/0000950152-98-007084-index.html", "finalLink": "https://www.sec.gov/Archives/edgar/data/110621/", "calculatedOtherExpenses": 93700000, "calculatedOperatingExpenses": 630900000, "calculatedNetInterest": 0, "calculatedOtherIncome": 0, "calculatedIncomeNonControlling": 0, "calculatedEbitda": 206500000}, {"date": "1997-05-31", "symbol": "RPM", "reportedCurrency": "USD", "cik": "0000110621", "fillingDate": "1997-08-28", "acceptedDate": "1997-08-28 00:00:00", "calendarYear": "1997", "period": "FY", "revenue": 1350500000, "costOfRevenue": 701300000, "grossProfit": 649200000, "grossProfitRatio": 0.4807108478, "researchAndDevelopmentExpenses": 0, "generalAndAdministrativeExpenses": 429800000, "sellingAndMarketingExpenses": 0, "sellingGeneralAndAdministrativeExpenses": 429800000, "otherExpenses": 51100000, "operatingExpenses": 480900000, "costAndExpenses": 1182200000, "interestIncome": 0, "interestExpense": 0, "depreciationAndAmortization": 51100000, "ebitda": 219400000, "ebitdaratio": 0.1624583488, "operatingIncome": 135700000, "operatingIncomeRatio": 0.1004813032, "totalOtherIncomeExpensesNet": 0, "incomeBeforeTax": 135700000, "incomeBeforeTaxRatio": 0.1004813032, "incomeTaxExpense": 57400000, "netIncome": 78300000, "netIncomeRatio": 0.0579785265, "eps": 0.81, "epsdiluted": 0.76, "weightedAverageShsOut": 96666667, "weightedAverageShsOutDil": 103026316, "link": "https://www.sec.gov/Archives/edgar/data/110621/000095015297006314/0000950152-97-006314-index.html", "finalLink": "https://www.sec.gov/Archives/edgar/data/110621/", "calculatedOtherExpenses": 83700000, "calculatedOperatingExpenses": 513500000, "calculatedNetInterest": 0, "calculatedOtherIncome": 0, "calculatedIncomeNonControlling": 0, "calculatedEbitda": 186800000}, {"date": "1996-05-31", "symbol": "RPM", "reportedCurrency": "USD", "cik": "0000110621", "fillingDate": "1996-08-29", "acceptedDate": "1996-08-29 00:00:00", "calendarYear": "1996", "period": "FY", "revenue": 1136400000, "costOfRevenue": 607200000, "grossProfit": 529200000, "grossProfitRatio": 0.4656810982, "researchAndDevelopmentExpenses": 0, "generalAndAdministrativeExpenses": 340900000, "sellingAndMarketingExpenses": 0, "sellingGeneralAndAdministrativeExpenses": 340900000, "otherExpenses": 42600000, "operatingExpenses": 383500000, "costAndExpenses": 990700000, "interestIncome": 0, "interestExpense": 0, "depreciationAndAmortization": 42600000, "ebitda": 188300000, "ebitdaratio": 0.1656986976, "operatingIncome": 119900000, "operatingIncomeRatio": 0.1055086237, "totalOtherIncomeExpensesNet": 0, "incomeBeforeTax": 119900000, "incomeBeforeTaxRatio": 0.1055086237, "incomeTaxExpense": 51000000, "netIncome": 68900000, "netIncomeRatio": 0.0606300598, "eps": 0.72, "epsdiluted": 0.69, "weightedAverageShsOut": 95694444, "weightedAverageShsOutDil": 99855072, "link": "https://www.sec.gov/Archives/edgar/data/110621/000095015296004398/0000950152-96-004398-index.html", "finalLink": "https://www.sec.gov/Archives/edgar/data/110621/", "calculatedOtherExpenses": 68400000, "calculatedOperatingExpenses": 409300000, "calculatedNetInterest": 0, "calculatedOtherIncome": 0, "calculatedIncomeNonControlling": 0, "calculatedEbitda": 162500000}, {"date": "1995-05-31", "symbol": "RPM", "reportedCurrency": "USD", "cik": "0000110621", "fillingDate": "1995-08-24", "acceptedDate": "1995-08-24 00:00:00", "calendarYear": "1995", "period": "FY", "revenue": 1017000000, "costOfRevenue": 544300000, "grossProfit": 472700000, "grossProfitRatio": 0.4647984267, "researchAndDevelopmentExpenses": 0, "generalAndAdministrativeExpenses": 305400000, "sellingAndMarketingExpenses": 0, "sellingGeneralAndAdministrativeExpenses": 305400000, "otherExpenses": 36900000, "operatingExpenses": 342300000, "costAndExpenses": 886600000, "interestIncome": 0, "interestExpense": 0, "depreciationAndAmortization": 36900000, "ebitda": 167300000, "ebitdaratio": 0.1645034415, "operatingIncome": 106900000, "operatingIncomeRatio": 0.1051130777, "totalOtherIncomeExpensesNet": 0, "incomeBeforeTax": 106900000, "incomeBeforeTaxRatio": 0.1051130777, "incomeTaxExpense": 45800000, "netIncome": 61100000, "netIncomeRatio": 0.0600786627, "eps": 0.69, "epsdiluted": 0.65, "weightedAverageShsOut": 90724638, "weightedAverageShsOutDil": 96307692, "link": "https://www.sec.gov/Archives/edgar/data/110621/000095015295001893/0000950152-95-001893-index.html", "finalLink": "https://www.sec.gov/Archives/edgar/data/110621/", "calculatedOtherExpenses": 60400000, "calculatedOperatingExpenses": 365800000, "calculatedNetInterest": 0, "calculatedOtherIncome": 0, "calculatedIncomeNonControlling": 0, "calculatedEbitda": 143800000}, {"date": "1994-05-31", "symbol": "RPM", "reportedCurrency": "USD", "cik": "0000110621", "fillingDate": "1994-08-29", "acceptedDate": "1994-08-29 00:00:00", "calendarYear": "1994", "period": "FY", "revenue": 815600000, "costOfRevenue": 450200000, "grossProfit": 365400000, "grossProfitRatio": 0.4480137322, "researchAndDevelopmentExpenses": 0, "generalAndAdministrativeExpenses": 237900000, "sellingAndMarketingExpenses": 0, "sellingGeneralAndAdministrativeExpenses": 237900000, "otherExpenses": 25900000, "operatingExpenses": 263800000, "costAndExpenses": 714000000, "interestIncome": 0, "interestExpense": 0, "depreciationAndAmortization": 25900000, "ebitda": 127500000, "ebitdaratio": 0.1563266307, "operatingIncome": 88100000, "operatingIncomeRatio": 0.1080186366, "totalOtherIncomeExpensesNet": 0, "incomeBeforeTax": 88100000, "incomeBeforeTaxRatio": 0.1080186366, "incomeTaxExpense": 35500000, "netIncome": 52600000, "netIncomeRatio": 0.0644923982, "eps": 0.74, "epsdiluted": 0.71, "weightedAverageShsOut": 70896250, "weightedAverageShsOutDil": 73876404, "link": "https://www.sec.gov/Archives/edgar/data/110621/000095015294000879/0000950152-94-000879-index.html", "finalLink": "https://www.sec.gov/Archives/edgar/data/110621/", "calculatedOtherExpenses": 39400000, "calculatedOperatingExpenses": 277300000, "calculatedNetInterest": 0, "calculatedOtherIncome": 0, "calculatedIncomeNonControlling": 0, "calculatedEbitda": 114000000}, {"date": "1993-05-31", "symbol": "RPM", "reportedCurrency": "USD", "cik": "0000110621", "fillingDate": "1993-05-31", "acceptedDate": "1993-05-30 20:00:00", "calendarYear": "1993", "period": "FY", "revenue": 625700000, "costOfRevenue": 343500000, "grossProfit": 282200000, "grossProfitRatio": 0.4510148634, "researchAndDevelopmentExpenses": 0, "generalAndAdministrativeExpenses": 0, "sellingAndMarketingExpenses": 0, "sellingGeneralAndAdministrativeExpenses": 181300000, "otherExpenses": 21400000, "operatingExpenses": 202700000, "costAndExpenses": 546200000, "interestIncome": 0, "interestExpense": 0, "depreciationAndAmortization": 21400000, "ebitda": 100900000, "ebitdaratio": 0.1612593895, "operatingIncome": 66100000, "operatingIncomeRatio": 0.1056416813, "totalOtherIncomeExpensesNet": 0, "incomeBeforeTax": 66100000, "incomeBeforeTaxRatio": 0.1056416813, "incomeTaxExpense": 26700000, "netIncome": 39400000, "netIncomeRatio": 0.0629694742, "eps": 0.53, "epsdiluted": 0.5, "weightedAverageShsOut": 74339623, "weightedAverageShsOutDil": 78800000, "link": "", "finalLink": "", "calculatedOtherExpenses": 34800000, "calculatedOperatingExpenses": 216100000, "calculatedNetInterest": 0, "calculatedOtherIncome": 0, "calculatedIncomeNonControlling": 0, "calculatedEbitda": 87500000}, {"date": "1992-05-31", "symbol": "RPM", "reportedCurrency": "USD", "cik": "0000110621", "fillingDate": "1992-05-31", "acceptedDate": "1992-05-30 20:00:00", "calendarYear": "1992", "period": "FY", "revenue": 552100000, "costOfRevenue": 302200000, "grossProfit": 249900000, "grossProfitRatio": 0.4526353921, "researchAndDevelopmentExpenses": 0, "generalAndAdministrativeExpenses": 0, "sellingAndMarketingExpenses": 0, "sellingGeneralAndAdministrativeExpenses": 158700000, "otherExpenses": 19400000, "operatingExpenses": 178100000, "costAndExpenses": 480300000, "interestIncome": 0, "interestExpense": 0, "depreciationAndAmortization": 19400000, "ebitda": 91800000, "ebitdaratio": 0.1662742257, "operatingIncome": 57300000, "operatingIncomeRatio": 0.1037855461, "totalOtherIncomeExpensesNet": -600000, "incomeBeforeTax": 57300000, "incomeBeforeTaxRatio": 0.1037855461, "incomeTaxExpense": 22800000, "netIncome": 34500000, "netIncomeRatio": 0.0624886796, "eps": 0.46, "epsdiluted": 0.46, "weightedAverageShsOut": 75000000, "weightedAverageShsOutDil": 75000000, "link": "", "finalLink": "", "calculatedOtherExpenses": 33900000, "calculatedOperatingExpenses": 192600000, "calculatedNetInterest": 0, "calculatedOtherIncome": 0, "calculatedIncomeNonControlling": 0, "calculatedEbitda": 76700000}, {"date": "1991-05-31", "symbol": "RPM", "reportedCurrency": "USD", "cik": "0000110621", "fillingDate": "1991-05-31", "acceptedDate": "1991-05-30 20:00:00", "calendarYear": "1991", "period": "FY", "revenue": 500300000, "costOfRevenue": 276900000, "grossProfit": 223400000, "grossProfitRatio": 0.4465320808, "researchAndDevelopmentExpenses": 0, "generalAndAdministrativeExpenses": 0, "sellingAndMarketingExpenses": 0, "sellingGeneralAndAdministrativeExpenses": 150500000, "otherExpenses": 14400000, "operatingExpenses": 164900000, "costAndExpenses": 441800000, "interestIncome": 0, "interestExpense": 0, "depreciationAndAmortization": 14400000, "ebitda": 69900000, "ebitdaratio": 0.1397161703, "operatingIncome": 51600000, "operatingIncomeRatio": 0.1031381171, "totalOtherIncomeExpensesNet": 3000000, "incomeBeforeTax": 51600000, "incomeBeforeTaxRatio": 0.1031381171, "incomeTaxExpense": 19800000, "netIncome": 31800000, "netIncomeRatio": 0.0635618629, "eps": 0.44, "epsdiluted": 0.43, "weightedAverageShsOut": 72272727, "weightedAverageShsOutDil": 73953488, "link": "", "finalLink": "", "calculatedOtherExpenses": 21300000, "calculatedOperatingExpenses": 171800000, "calculatedNetInterest": 0, "calculatedOtherIncome": 0, "calculatedIncomeNonControlling": 0, "calculatedEbitda": 66000000}, {"date": "1990-05-31", "symbol": "RPM", "reportedCurrency": "USD", "cik": "0000110621", "fillingDate": "1990-05-31", "acceptedDate": "1990-05-30 20:00:00", "calendarYear": "1990", "period": "FY", "revenue": 444800000, "costOfRevenue": 252800000, "grossProfit": 192000000, "grossProfitRatio": 0.4316546763, "researchAndDevelopmentExpenses": 0, "generalAndAdministrativeExpenses": 0, "sellingAndMarketingExpenses": 0, "sellingGeneralAndAdministrativeExpenses": 125400000, "otherExpenses": 12200000, "operatingExpenses": 137600000, "costAndExpenses": 390400000, "interestIncome": 0, "interestExpense": 0, "depreciationAndAmortization": 12200000, "ebitda": 67100000, "ebitdaratio": 0.1508543165, "operatingIncome": 44900000, "operatingIncomeRatio": 0.1009442446, "totalOtherIncomeExpensesNet": -500000, "incomeBeforeTax": 44900000, "incomeBeforeTaxRatio": 0.1009442446, "incomeTaxExpense": 17200000, "netIncome": 27700000, "netIncomeRatio": 0.0622751799, "eps": 0.42, "epsdiluted": 0.4, "weightedAverageShsOut": 65952381, "weightedAverageShsOutDil": 69250000, "link": "", "finalLink": "", "calculatedOtherExpenses": 21700000, "calculatedOperatingExpenses": 147100000, "calculatedNetInterest": 0, "calculatedOtherIncome": 0, "calculatedIncomeNonControlling": 0, "calculatedEbitda": 57100000}, {"date": "1989-05-31", "symbol": "RPM", "reportedCurrency": "USD", "cik": "0000110621", "fillingDate": "1989-05-31", "acceptedDate": "1989-05-30 20:00:00", "calendarYear": "1989", "period": "FY", "revenue": 376100000, "costOfRevenue": 215700000, "grossProfit": 160400000, "grossProfitRatio": 0.4264823185, "researchAndDevelopmentExpenses": 0, "generalAndAdministrativeExpenses": 0, "sellingAndMarketingExpenses": 0, "sellingGeneralAndAdministrativeExpenses": 103200000, "otherExpenses": 10100000, "operatingExpenses": 113300000, "costAndExpenses": 329000000, "interestIncome": 0, "interestExpense": -10100000, "depreciationAndAmortization": 10100000, "ebitda": 58200000, "ebitdaratio": 0.1547460782, "operatingIncome": 28900000, "operatingIncomeRatio": 0.0768412656, "totalOtherIncomeExpensesNet": -1000000, "incomeBeforeTax": 39000000, "incomeBeforeTaxRatio": 0.1036958256, "incomeTaxExpense": 14800000, "netIncome": 24200000, "netIncomeRatio": 0.0643445892, "eps": 0.37, "epsdiluted": 0.35, "weightedAverageShsOut": 65405405, "weightedAverageShsOutDil": 69142857, "link": "", "finalLink": "", "calculatedOtherExpenses": 28300000, "calculatedOperatingExpenses": 131500000, "calculatedNetInterest": 10100000, "calculatedOtherIncome": 0, "calculatedIncomeNonControlling": 0, "calculatedEbitda": 39000000}, {"date": "1988-05-31", "symbol": "RPM", "reportedCurrency": "USD", "cik": "0000110621", "fillingDate": "1988-05-31", "acceptedDate": "1988-05-30 20:00:00", "calendarYear": "1988", "period": "FY", "revenue": 342000000, "costOfRevenue": 194800000, "grossProfit": 147200000, "grossProfitRatio": 0.4304093567, "researchAndDevelopmentExpenses": 0, "generalAndAdministrativeExpenses": 0, "sellingAndMarketingExpenses": 0, "sellingGeneralAndAdministrativeExpenses": 94700000, "otherExpenses": 9600000, "operatingExpenses": 104300000, "costAndExpenses": 299100000, "interestIncome": 0, "interestExpense": -9600000, "depreciationAndAmortization": 9600000, "ebitda": 53000000, "ebitdaratio": 0.1549707602, "operatingIncome": 25800000, "operatingIncomeRatio": 0.0754385965, "totalOtherIncomeExpensesNet": -500000, "incomeBeforeTax": 35400000, "incomeBeforeTaxRatio": 0.1035087719, "incomeTaxExpense": 14000000, "netIncome": 21400000, "netIncomeRatio": 0.0625730994, "eps": 0.33, "epsdiluted": 0.31, "weightedAverageShsOut": 64848485, "weightedAverageShsOutDil": 69032258, "link": "", "finalLink": "", "calculatedOtherExpenses": 26700000, "calculatedOperatingExpenses": 121400000, "calculatedNetInterest": 9600000, "calculatedOtherIncome": 0, "calculatedIncomeNonControlling": 0, "calculatedEbitda": 35400000}, {"date": "1987-05-31", "symbol": "RPM", "reportedCurrency": "USD", "cik": "0000110621", "fillingDate": "1987-05-31", "acceptedDate": "1987-05-30 20:00:00", "calendarYear": "1987", "period": "FY", "revenue": 290500000, "costOfRevenue": 168500000, "grossProfit": 122000000, "grossProfitRatio": 0.4199655766, "researchAndDevelopmentExpenses": 0, "generalAndAdministrativeExpenses": 0, "sellingAndMarketingExpenses": 0, "sellingGeneralAndAdministrativeExpenses": 78400000, "otherExpenses": 8300000, "operatingExpenses": 86700000, "costAndExpenses": 255200000, "interestIncome": 0, "interestExpense": -8300000, "depreciationAndAmortization": 8300000, "ebitda": 43100000, "ebitdaratio": 0.1483648881, "operatingIncome": 21000000, "operatingIncomeRatio": 0.0722891566, "totalOtherIncomeExpensesNet": 500000, "incomeBeforeTax": 29300000, "incomeBeforeTaxRatio": 0.1008605852, "incomeTaxExpense": 13400000, "netIncome": 15900000, "netIncomeRatio": 0.0547332186, "eps": 0.26, "epsdiluted": 0.26, "weightedAverageShsOut": 61153846, "weightedAverageShsOutDil": 61153846, "link": "", "finalLink": "", "calculatedOtherExpenses": 22600000, "calculatedOperatingExpenses": 101000000, "calculatedNetInterest": 8300000, "calculatedOtherIncome": 0, "calculatedIncomeNonControlling": 0, "calculatedEbitda": 29300000}, {"date": "1986-05-31", "symbol": "RPM", "reportedCurrency": "USD", "cik": "0000110621", "fillingDate": "1986-05-31", "acceptedDate": "1986-05-30 20:00:00", "calendarYear": "1986", "period": "FY", "revenue": 250700000, "costOfRevenue": 150700000, "grossProfit": 100000000, "grossProfitRatio": 0.3988831272, "researchAndDevelopmentExpenses": 0, "generalAndAdministrativeExpenses": 0, "sellingAndMarketingExpenses": 0, "sellingGeneralAndAdministrativeExpenses": 69000000, "otherExpenses": 6600000, "operatingExpenses": 75600000, "costAndExpenses": 226300000, "interestIncome": 0, "interestExpense": -6600000, "depreciationAndAmortization": 6600000, "ebitda": 29500000, "ebitdaratio": 0.1176705225, "operatingIncome": 12700000, "operatingIncomeRatio": 0.0506581572, "totalOtherIncomeExpensesNet": 1500000, "incomeBeforeTax": 19300000, "incomeBeforeTaxRatio": 0.0769844436, "incomeTaxExpense": 6700000, "netIncome": 12600000, "netIncomeRatio": 0.050259274, "eps": 0.24, "epsdiluted": 0.24, "weightedAverageShsOut": 52500000, "weightedAverageShsOutDil": 52500000, "link": "", "finalLink": "", "calculatedOtherExpenses": 18300000, "calculatedOperatingExpenses": 87300000, "calculatedNetInterest": 6600000, "calculatedOtherIncome": 0, "calculatedIncomeNonControlling": 0, "calculatedEbitda": 19300000}]}