{"originalCurrency": "USD", "convertedCurrency": "USD", "report": [{"date": "2023-12-31", "symbol": "RRC", "reportedCurrency": "USD", "cik": "0000315852", "fillingDate": "2024-02-21", "acceptedDate": "2024-02-21 17:00:52", "calendarYear": "2023", "period": "FY", "revenue": 2553264000, "costOfRevenue": 1763075000, "grossProfit": 790189000, "grossProfitRatio": 0.3094819024, "researchAndDevelopmentExpenses": 0, "generalAndAdministrativeExpenses": 164740000, "sellingAndMarketingExpenses": 218603000, "sellingGeneralAndAdministrativeExpenses": 164740000, "otherExpenses": -26593000, "operatingExpenses": 214996000, "costAndExpenses": 1978071000, "interestIncome": 1600000, "interestExpense": 124004000, "depreciationAndAmortization": 350165000, "ebitda": 898765000, "ebitdaratio": 0.3520062947, "operatingIncome": 1100343000, "operatingIncomeRatio": 0.4309554359, "totalOtherIncomeExpensesNet": 649154000, "incomeBeforeTax": 1100343000, "incomeBeforeTaxRatio": 0.4309554359, "incomeTaxExpense": 229201000, "netIncome": 871142000, "netIncomeRatio": 0.3411875936, "eps": 3.61, "epsdiluted": 3.57, "weightedAverageShsOut": 236986000, "weightedAverageShsOutDil": 239837000, "link": "https://www.sec.gov/Archives/edgar/data/315852/000095017024018046/0000950170-24-018046-index.htm", "finalLink": "https://www.sec.gov/Archives/edgar/data/315852/000095017024018046/rrc-20231231.htm", "calculatedOtherExpenses": -474894000, "calculatedOperatingExpenses": -310154000, "calculatedNetInterest": -122404000, "calculatedOtherIncome": 122404000, "calculatedIncomeNonControlling": 0, "calculatedEbitda": 1450508000}, {"date": "2022-12-31", "symbol": "RRC", "reportedCurrency": "USD", "cik": "0000315852", "fillingDate": "2023-02-27", "acceptedDate": "2023-02-27 16:46:25", "calendarYear": "2022", "period": "FY", "revenue": 5335309000, "costOfRevenue": 2107695000, "grossProfit": 3227614000, "grossProfitRatio": 0.6049535275, "researchAndDevelopmentExpenses": 0, "generalAndAdministrativeExpenses": 166305000, "sellingAndMarketingExpenses": 424217000, "sellingGeneralAndAdministrativeExpenses": 166305000, "otherExpenses": 62139000, "operatingExpenses": 228444000, "costAndExpenses": 2336139000, "interestIncome": 1100000, "interestExpense": 156862000, "depreciationAndAmortization": 353420000, "ebitda": 3212090000, "ebitdaratio": 0.6020438554, "operatingIncome": 2858670000, "operatingIncomeRatio": 0.5358021438, "totalOtherIncomeExpensesNet": -1444840000, "incomeBeforeTax": 1413830000, "incomeBeforeTaxRatio": 0.2649949609, "incomeTaxExpense": 230460000, "netIncome": 1183370000, "netIncomeRatio": 0.2217997121, "eps": 4.79, "epsdiluted": 4.69, "weightedAverageShsOut": 240858000, "weightedAverageShsOutDil": 246379000, "link": "https://www.sec.gov/Archives/edgar/data/315852/000095017023004687/0000950170-23-004687-index.htm", "finalLink": "https://www.sec.gov/Archives/edgar/data/315852/000095017023004687/rrc-20221231.htm", "calculatedOtherExpenses": 202639000, "calculatedOperatingExpenses": 368944000, "calculatedNetInterest": -155762000, "calculatedOtherIncome": -1289078000, "calculatedIncomeNonControlling": 0, "calculatedEbitda": 3212090000}, {"date": "2021-12-31", "symbol": "RRC", "reportedCurrency": "USD", "cik": "0000315852", "fillingDate": "2022-02-22", "acceptedDate": "2022-02-22 16:47:15", "calendarYear": "2021", "period": "FY", "revenue": 3580439000, "costOfRevenue": 2010916000, "grossProfit": 1569523000, "grossProfitRatio": 0.4383604915, "researchAndDevelopmentExpenses": 0, "generalAndAdministrativeExpenses": 160681000, "sellingAndMarketingExpenses": 365412000, "sellingGeneralAndAdministrativeExpenses": 160681000, "otherExpenses": 23555000, "operatingExpenses": 184236000, "costAndExpenses": 2195152000, "interestIncome": 951000, "interestExpense": 218043000, "depreciationAndAmortization": 364555000, "ebitda": 1672198000, "ebitdaratio": 0.4670371427, "operatingIncome": 1307643000, "operatingIncomeRatio": 0.3652186226, "totalOtherIncomeExpensesNet": -905608000, "incomeBeforeTax": 402035000, "incomeBeforeTaxRatio": 0.1122865101, "incomeTaxExpense": -9743000, "netIncome": 411778000, "netIncomeRatio": 0.1150076848, "eps": 1.65, "epsdiluted": 1.61, "weightedAverageShsOut": 242862000, "weightedAverageShsOutDil": 249314000, "link": "https://www.sec.gov/Archives/edgar/data/315852/000095017022001634/0000950170-22-001634-index.htm", "finalLink": "https://www.sec.gov/Archives/edgar/data/315852/000095017022001634/rrc-20211231.htm", "calculatedOtherExpenses": 101199000, "calculatedOperatingExpenses": 261880000, "calculatedNetInterest": -217092000, "calculatedOtherIncome": -688516000, "calculatedIncomeNonControlling": 0, "calculatedEbitda": 1672198000}, {"date": "2020-12-31", "symbol": "RRC", "reportedCurrency": "USD", "cik": "0000315852", "fillingDate": "2021-02-23", "acceptedDate": "2021-02-23 16:43:39", "calendarYear": "2020", "period": "FY", "revenue": 1780986000, "costOfRevenue": 1787910000, "grossProfit": -6924000, "grossProfitRatio": -0.0038877341, "researchAndDevelopmentExpenses": 0, "generalAndAdministrativeExpenses": 156764000, "sellingAndMarketingExpenses": 173273000, "sellingGeneralAndAdministrativeExpenses": 156764000, "otherExpenses": 32654000, "operatingExpenses": 189418000, "costAndExpenses": 1977328000, "interestIncome": 713000, "interestExpense": 184201000, "depreciationAndAmortization": 474173000, "ebitda": 256824000, "ebitdaratio": 0.1442032672, "operatingIncome": -217349000, "operatingIncomeRatio": -0.1220385786, "totalOtherIncomeExpensesNet": -519980000, "incomeBeforeTax": -737329000, "incomeBeforeTaxRatio": -0.4140004469, "incomeTaxExpense": -25552000, "netIncome": -711777000, "netIncomeRatio": -0.3996533381, "eps": -2.95, "epsdiluted": -2.95, "weightedAverageShsOut": 241373000, "weightedAverageShsOutDil": 241373000, "link": "https://www.sec.gov/Archives/edgar/data/315852/000156459021007606/0001564590-21-007606-index.htm", "finalLink": "https://www.sec.gov/Archives/edgar/data/315852/000156459021007606/rrc-10k_20201231.htm", "calculatedOtherExpenses": 53661000, "calculatedOperatingExpenses": 210425000, "calculatedNetInterest": -183488000, "calculatedOtherIncome": -336492000, "calculatedIncomeNonControlling": 0, "calculatedEbitda": 256824000}, {"date": "2019-12-31", "symbol": "RRC", "reportedCurrency": "USD", "cik": "0000315852", "fillingDate": "2020-02-27", "acceptedDate": "2020-02-27 17:06:51", "calendarYear": "2019", "period": "FY", "revenue": 2600934000, "costOfRevenue": 2282275000, "grossProfit": 318659000, "grossProfitRatio": 0.1225171419, "researchAndDevelopmentExpenses": 0, "generalAndAdministrativeExpenses": 172755000, "sellingAndMarketingExpenses": 359892000, "sellingGeneralAndAdministrativeExpenses": 172755000, "otherExpenses": 36683000, "operatingExpenses": 209438000, "costAndExpenses": 2491713000, "interestIncome": 1100000, "interestExpense": 186916000, "depreciationAndAmortization": 1644477000, "ebitda": 1761790000, "ebitdaratio": 0.677368207, "operatingIncome": 117313000, "operatingIncomeRatio": 0.0451041818, "totalOtherIncomeExpensesNet": -2333901000, "incomeBeforeTax": -2216588000, "incomeBeforeTaxRatio": -0.8522276997, "incomeTaxExpense": -500291000, "netIncome": -1716297000, "netIncomeRatio": -0.6598771826, "eps": -6.92, "epsdiluted": -6.92, "weightedAverageShsOut": 247970000, "weightedAverageShsOutDil": 247970000, "link": "https://www.sec.gov/Archives/edgar/data/315852/000156459020007459/0001564590-20-007459-index.htm", "finalLink": "https://www.sec.gov/Archives/edgar/data/315852/000156459020007459/rrc-10k_20191231.htm", "calculatedOtherExpenses": 28591000, "calculatedOperatingExpenses": 201346000, "calculatedNetInterest": -185816000, "calculatedOtherIncome": -2148085000, "calculatedIncomeNonControlling": 0, "calculatedEbitda": 1761790000}, {"date": "2018-12-31", "symbol": "RRC", "reportedCurrency": "USD", "cik": "0000315852", "fillingDate": "2019-02-25", "acceptedDate": "2019-02-25 17:12:13", "calendarYear": "2018", "period": "FY", "revenue": 3333837000, "costOfRevenue": 2435010000, "grossProfit": 898827000, "grossProfitRatio": 0.2696073623, "researchAndDevelopmentExpenses": 0, "generalAndAdministrativeExpenses": 195846000, "sellingAndMarketingExpenses": 496047000, "sellingGeneralAndAdministrativeExpenses": 195846000, "otherExpenses": 18631000, "operatingExpenses": 229963000, "costAndExpenses": 2664973000, "interestIncome": 0, "interestExpense": 205970000, "depreciationAndAmortization": 658085000, "ebitda": 1341341000, "ebitdaratio": 0.4023415062, "operatingIncome": 654898000, "operatingIncomeRatio": 0.196439718, "totalOtherIncomeExpensesNet": -2235625000, "incomeBeforeTax": -1776970000, "incomeBeforeTaxRatio": -0.5330104621, "incomeTaxExpense": -30489000, "netIncome": -1746481000, "netIncomeRatio": -0.523865144, "eps": -7.1, "epsdiluted": -7.09, "weightedAverageShsOut": 246017746, "weightedAverageShsOutDil": 246171000, "link": "https://www.sec.gov/Archives/edgar/data/315852/000156459019004113/0001564590-19-004113-index.htm", "finalLink": "https://www.sec.gov/Archives/edgar/data/315852/000156459019004113/rrc-10k_20181231.htm", "calculatedOtherExpenses": 48083000, "calculatedOperatingExpenses": 243929000, "calculatedNetInterest": -205970000, "calculatedOtherIncome": -2225898000, "calculatedIncomeNonControlling": 0, "calculatedEbitda": 1312983000}, {"date": "2017-12-31", "symbol": "RRC", "reportedCurrency": "USD", "cik": "0000315852", "fillingDate": "2018-02-28", "acceptedDate": "2018-02-27 17:58:46", "calendarYear": "2017", "period": "FY", "revenue": 2397680000, "costOfRevenue": 1783620000, "grossProfit": 614060000, "grossProfitRatio": 0.2561059024, "researchAndDevelopmentExpenses": 0, "generalAndAdministrativeExpenses": 225659000, "sellingAndMarketingExpenses": 220311000, "sellingGeneralAndAdministrativeExpenses": 225659000, "otherExpenses": 50915000, "operatingExpenses": 279321000, "costAndExpenses": 2062941000, "interestIncome": 0, "interestExpense": 195679000, "depreciationAndAmortization": 688671000, "ebitda": 1083497000, "ebitdaratio": 0.4518939141, "operatingIncome": 326992000, "operatingIncomeRatio": 0.1363784992, "totalOtherIncomeExpensesNet": -56940000, "incomeBeforeTax": 82120000, "incomeBeforeTaxRatio": 0.0342497748, "incomeTaxExpense": -251026000, "netIncome": 333146000, "netIncomeRatio": 0.138945147, "eps": 1.34, "epsdiluted": 1.34, "weightedAverageShsOut": 245091000, "weightedAverageShsOutDil": 245458000, "link": "https://www.sec.gov/Archives/edgar/data/315852/000156459018003566/0001564590-18-003566-index.htm", "finalLink": "https://www.sec.gov/Archives/edgar/data/315852/000156459018003566/rrc-10k_20171231.htm", "calculatedOtherExpenses": 61409000, "calculatedOperatingExpenses": 287068000, "calculatedNetInterest": -195679000, "calculatedOtherIncome": -49193000, "calculatedIncomeNonControlling": 0, "calculatedEbitda": 1015663000}, {"date": "2016-12-31", "symbol": "RRC", "reportedCurrency": "USD", "cik": "0000315852", "fillingDate": "2017-02-22", "acceptedDate": "2017-02-22 17:17:29", "calendarYear": "2016", "period": "FY", "revenue": 1361330000, "costOfRevenue": 1380718000, "grossProfit": -19388000, "grossProfitRatio": -0.0142419546, "researchAndDevelopmentExpenses": 0, "generalAndAdministrativeExpenses": 181397000, "sellingAndMarketingExpenses": 168576000, "sellingGeneralAndAdministrativeExpenses": 181397000, "otherExpenses": -19153000, "operatingExpenses": 213722000, "costAndExpenses": 1594440000, "interestIncome": 0, "interestExpense": 168213000, "depreciationAndAmortization": 567142000, "ebitda": 314897000, "ebitdaratio": 0.2313156986, "operatingIncome": -236485000, "operatingIncomeRatio": -0.1737161452, "totalOtherIncomeExpensesNet": -400815000, "incomeBeforeTax": -802138000, "incomeBeforeTaxRatio": -0.5892311196, "incomeTaxExpense": -280750000, "netIncome": -521388000, "netIncomeRatio": -0.3829989789, "eps": -2.75, "epsdiluted": -2.75, "weightedAverageShsOut": 189676727, "weightedAverageShsOutDil": 189868000, "link": "https://www.sec.gov/Archives/edgar/data/315852/000156459017002025/0001564590-17-002025-index.htm", "finalLink": "https://www.sec.gov/Archives/edgar/data/315852/000156459017002025/rrc-10k_20161231.htm", "calculatedOtherExpenses": 35700000, "calculatedOperatingExpenses": 217097000, "calculatedNetInterest": -168213000, "calculatedOtherIncome": -397440000, "calculatedIncomeNonControlling": 0, "calculatedEbitda": 330657000}, {"date": "2015-12-31", "symbol": "RRC", "reportedCurrency": "USD", "cik": "0000315852", "fillingDate": "2016-02-25", "acceptedDate": "2016-02-25 17:04:30", "calendarYear": "2015", "period": "FY", "revenue": 1181704000, "costOfRevenue": 1263983000, "grossProfit": -82279000, "grossProfitRatio": -0.0696274194, "researchAndDevelopmentExpenses": 0, "generalAndAdministrativeExpenses": 188477000, "sellingAndMarketingExpenses": 115866000, "sellingGeneralAndAdministrativeExpenses": 188477000, "otherExpenses": 77627000, "operatingExpenses": 209883000, "costAndExpenses": 1473866000, "interestIncome": 0, "interestExpense": 166439000, "depreciationAndAmortization": 1171329000, "ebitda": 956882000, "ebitdaratio": 0.8097476187, "operatingIncome": -297700000, "operatingIncomeRatio": -0.2519243398, "totalOtherIncomeExpensesNet": -593761000, "incomeBeforeTax": -1052362000, "incomeBeforeTaxRatio": -0.8905461943, "incomeTaxExpense": -338677000, "netIncome": -713685000, "netIncomeRatio": -0.6039456581, "eps": -4.29, "epsdiluted": -4.29, "weightedAverageShsOut": 166389000, "weightedAverageShsOutDil": 166389000, "link": "https://www.sec.gov/Archives/edgar/data/315852/000156459016013402/0001564590-16-013402-index.htm", "finalLink": "https://www.sec.gov/Archives/edgar/data/315852/000156459016013402/rrc-10k_20151231.htm", "calculatedOtherExpenses": 26944000, "calculatedOperatingExpenses": 215421000, "calculatedNetInterest": -166439000, "calculatedOtherIncome": -588223000, "calculatedIncomeNonControlling": 0, "calculatedEbitda": 873629000}, {"date": "2014-12-31", "symbol": "RRC", "reportedCurrency": "USD", "cik": "0000315852", "fillingDate": "2015-02-24", "acceptedDate": "2015-02-24 17:04:30", "calendarYear": "2014", "period": "FY", "revenue": 2042537000, "costOfRevenue": 1201339000, "grossProfit": 841198000, "grossProfitRatio": 0.4118397855, "researchAndDevelopmentExpenses": 0, "generalAndAdministrativeExpenses": 213426000, "sellingAndMarketingExpenses": 129980000, "sellingGeneralAndAdministrativeExpenses": 213426000, "otherExpenses": 74550000, "operatingExpenses": 276974000, "costAndExpenses": 1478313000, "interestIncome": 0, "interestExpense": 168977000, "depreciationAndAmortization": 595201000, "ebitda": 1233975000, "ebitdaratio": 0.6041383828, "operatingIncome": 564224000, "operatingIncomeRatio": 0.2762368564, "totalOtherIncomeExpensesNet": 635638000, "incomeBeforeTax": 1030885000, "incomeBeforeTaxRatio": 0.5047081154, "incomeTaxExpense": 396503000, "netIncome": 634382000, "netIncomeRatio": 0.3105853162, "eps": 3.81, "epsdiluted": 3.79, "weightedAverageShsOut": 163625000, "weightedAverageShsOutDil": 164403000, "link": "https://www.sec.gov/Archives/edgar/data/315852/000156459015000899/0001564590-15-000899-index.htm", "finalLink": "https://www.sec.gov/Archives/edgar/data/315852/000156459015000899/rrc-10k_20141231.htm", "calculatedOtherExpenses": 63548000, "calculatedOperatingExpenses": 276974000, "calculatedNetInterest": -168977000, "calculatedOtherIncome": 635638000, "calculatedIncomeNonControlling": 0, "calculatedEbitda": 1159425000}, {"date": "2013-12-31", "symbol": "RRC", "reportedCurrency": "USD", "cik": "0000315852", "fillingDate": "2014-02-26", "acceptedDate": "2014-02-26 06:49:39", "calendarYear": "2013", "period": "FY", "revenue": 1831791000, "costOfRevenue": 1053756000, "grossProfit": 778035000, "grossProfitRatio": 0.4247400495, "researchAndDevelopmentExpenses": 0, "generalAndAdministrativeExpenses": 199002000, "sellingAndMarketingExpenses": 131786000, "sellingGeneralAndAdministrativeExpenses": 199002000, "otherExpenses": -55296000, "operatingExpenses": 263411000, "costAndExpenses": 1317167000, "interestIncome": 0, "interestExpense": 176557000, "depreciationAndAmortization": 500150000, "ebitda": 965639000, "ebitdaratio": 0.5271556635, "operatingIncome": 422917000, "operatingIncomeRatio": 0.2308762299, "totalOtherIncomeExpensesNet": -188488000, "incomeBeforeTax": 149579000, "incomeBeforeTaxRatio": 0.0816572415, "incomeTaxExpense": 33857000, "netIncome": 115722000, "netIncomeRatio": 0.0631742377, "eps": 0.71, "epsdiluted": 0.7, "weightedAverageShsOut": 160438000, "weightedAverageShsOutDil": 161407000, "link": "https://www.sec.gov/Archives/edgar/data/315852/000156459014000349/0001564590-14-000349-index.htm", "finalLink": "https://www.sec.gov/Archives/edgar/data/315852/000156459014000349/rrc-10k_20131231.htm", "calculatedOtherExpenses": 156116000, "calculatedOperatingExpenses": 355118000, "calculatedNetInterest": -176557000, "calculatedOtherIncome": -96781000, "calculatedIncomeNonControlling": 0, "calculatedEbitda": 923067000}, {"date": "2012-12-31", "symbol": "RRC", "reportedCurrency": "USD", "cik": "0000315852", "fillingDate": "2013-02-27", "acceptedDate": "2013-02-26 17:49:42", "calendarYear": "2012", "period": "FY", "revenue": 1367507000, "costOfRevenue": 815924000, "grossProfit": 551583000, "grossProfitRatio": 0.4033493064, "researchAndDevelopmentExpenses": 0, "generalAndAdministrativeExpenses": 169896000, "sellingAndMarketingExpenses": 20434000, "sellingGeneralAndAdministrativeExpenses": 169896000, "otherExpenses": -7203000, "operatingExpenses": 239703000, "costAndExpenses": 1055627000, "interestIncome": 0, "interestExpense": 168798000, "depreciationAndAmortization": 480782000, "ebitda": 785928000, "ebitdaratio": 0.5747158881, "operatingIncome": 282383000, "operatingIncomeRatio": 0.2064947382, "totalOtherIncomeExpensesNet": -118026000, "incomeBeforeTax": 25056000, "incomeBeforeTaxRatio": 0.0183223925, "incomeTaxExpense": 12054000, "netIncome": 13002000, "netIncomeRatio": 0.0095078124, "eps": 0.08, "epsdiluted": 0.08, "weightedAverageShsOut": 159431000, "weightedAverageShsOutDil": 160307000, "link": "https://www.sec.gov/Archives/edgar/data/315852/000119312513077384/0001193125-13-077384-index.htm", "finalLink": "https://www.sec.gov/Archives/edgar/data/315852/000119312513077384/d447208d10k.htm", "calculatedOtherExpenses": 99304000, "calculatedOperatingExpenses": 269200000, "calculatedNetInterest": -168798000, "calculatedOtherIncome": -88529000, "calculatedIncomeNonControlling": 0, "calculatedEbitda": 763165000}, {"date": "2011-12-31", "symbol": "RRC", "reportedCurrency": "USD", "cik": "0000315852", "fillingDate": "2012-02-22", "acceptedDate": "2012-02-22 06:14:47", "calendarYear": "2011", "period": "FY", "revenue": 1178569000, "costOfRevenue": 261393000, "grossProfit": 917176000, "grossProfitRatio": 0.778211543, "researchAndDevelopmentExpenses": 0, "generalAndAdministrativeExpenses": 194400000, "sellingAndMarketingExpenses": 0, "sellingGeneralAndAdministrativeExpenses": 194400000, "otherExpenses": 422588000, "operatingExpenses": 616988000, "costAndExpenses": 878381000, "interestIncome": 0, "interestExpense": 125052000, "depreciationAndAmortization": 379902000, "ebitda": 680090000, "ebitdaratio": 0.5770472497, "operatingIncome": 300188000, "operatingIncomeRatio": 0.2547054945, "totalOtherIncomeExpensesNet": -96873000, "incomeBeforeTax": 78263000, "incomeBeforeTaxRatio": 0.0664051065, "incomeTaxExpense": 35557000, "netIncome": 58026000, "netIncomeRatio": 0.0492342833, "eps": 0.36, "epsdiluted": 0.36, "weightedAverageShsOut": 158030000, "weightedAverageShsOutDil": 159441000, "link": "https://www.sec.gov/Archives/edgar/data/315852/000119312512071388/0001193125-12-071388-index.htm", "finalLink": "https://www.sec.gov/Archives/edgar/data/315852/000119312512071388/d260821d10k.htm", "calculatedOtherExpenses": 422588000, "calculatedOperatingExpenses": 616988000, "calculatedNetInterest": -125052000, "calculatedOtherIncome": -96873000, "calculatedIncomeNonControlling": -15320000, "calculatedEbitda": 680090000}, {"date": "2010-12-31", "symbol": "RRC", "reportedCurrency": "USD", "cik": "0000315852", "fillingDate": "2011-03-01", "acceptedDate": "2011-03-01 12:26:56", "calendarYear": "2010", "period": "FY", "revenue": 1038975000, "costOfRevenue": 226341000, "grossProfit": 812634000, "grossProfitRatio": 0.7821497149, "researchAndDevelopmentExpenses": 0, "generalAndAdministrativeExpenses": 140571000, "sellingAndMarketingExpenses": 8452000, "sellingGeneralAndAdministrativeExpenses": 149023000, "otherExpenses": 358642000, "operatingExpenses": 507665000, "costAndExpenses": 734006000, "interestIncome": 0, "interestExpense": 131192000, "depreciationAndAmortization": 833256000, "ebitda": 1138225000, "ebitdaratio": 1.0955268414, "operatingIncome": 304969000, "operatingIncomeRatio": 0.2935287182, "totalOtherIncomeExpensesNet": -539720000, "incomeBeforeTax": -365943000, "incomeBeforeTaxRatio": -0.3522154046, "incomeTaxExpense": -126687000, "netIncome": -239256000, "netIncomeRatio": -0.2302808056, "eps": -1.53, "epsdiluted": -1.51, "weightedAverageShsOut": 156874000, "weightedAverageShsOutDil": 158428000, "link": "https://www.sec.gov/Archives/edgar/data/315852/000095012311020409/0000950123-11-020409-index.htm", "finalLink": "https://www.sec.gov/Archives/edgar/data/315852/000095012311020409/d78300e10vk.htm", "calculatedOtherExpenses": 358642000, "calculatedOperatingExpenses": 507665000, "calculatedNetInterest": -131192000, "calculatedOtherIncome": -539720000, "calculatedIncomeNonControlling": 0, "calculatedEbitda": 1138225000}, {"date": "2009-12-31", "symbol": "RRC", "reportedCurrency": "USD", "cik": "0000315852", "fillingDate": "2010-02-24", "acceptedDate": "2010-02-23 19:45:38", "calendarYear": "2009", "period": "FY", "revenue": 907341000, "costOfRevenue": 180745000, "grossProfit": 726596000, "grossProfitRatio": 0.8007970542, "researchAndDevelopmentExpenses": 0, "generalAndAdministrativeExpenses": 69670000, "sellingAndMarketingExpenses": 47079000, "sellingGeneralAndAdministrativeExpenses": 116749000, "otherExpenses": 555041000, "operatingExpenses": 543154000, "costAndExpenses": 723899000, "interestIncome": 0, "interestExpense": 117367000, "depreciationAndAmortization": 374432000, "ebitda": 546605000, "ebitdaratio": 0.6024251081, "operatingIncome": 54806000, "operatingIncomeRatio": 0.0604028695, "totalOtherIncomeExpensesNet": -124807000, "incomeBeforeTax": -58732000, "incomeBeforeTaxRatio": -0.0647297984, "incomeTaxExpense": -4862000, "netIncome": -53870000, "netIncomeRatio": -0.0593712838, "eps": -0.35, "epsdiluted": -0.35, "weightedAverageShsOut": 154514000, "weightedAverageShsOutDil": 154514000, "link": "https://www.sec.gov/Archives/edgar/data/315852/000095012310015884/0000950123-10-015884-index.htm", "finalLink": "https://www.sec.gov/Archives/edgar/data/315852/000095012310015884/d70383e10vk.htm", "calculatedOtherExpenses": 555041000, "calculatedOperatingExpenses": 671790000, "calculatedNetInterest": -117367000, "calculatedOtherIncome": 3829000, "calculatedIncomeNonControlling": 0, "calculatedEbitda": 429238000}, {"date": "2008-12-31", "symbol": "RRC", "reportedCurrency": "USD", "cik": "0000315852", "fillingDate": "2009-02-25", "acceptedDate": "2009-02-24 21:22:22", "calendarYear": "2008", "period": "FY", "revenue": 1322947000, "costOfRevenue": 210077000, "grossProfit": 1112870000, "grossProfitRatio": 0.8412052788, "researchAndDevelopmentExpenses": 0, "generalAndAdministrativeExpenses": 69670000, "sellingAndMarketingExpenses": 22638000, "sellingGeneralAndAdministrativeExpenses": 92308000, "otherExpenses": 430062000, "operatingExpenses": 522370000, "costAndExpenses": 732447000, "interestIncome": 0, "interestExpense": 77737000, "depreciationAndAmortization": 299831000, "ebitda": 961454000, "ebitdaratio": 0.7267517142, "operatingIncome": 590500000, "operatingIncomeRatio": 0.4463519703, "totalOtherIncomeExpensesNet": -71123000, "incomeBeforeTax": 542594000, "incomeBeforeTaxRatio": 0.4101403911, "incomeTaxExpense": 196436000, "netIncome": 346158000, "netIncomeRatio": 0.2616567406, "eps": 2.32, "epsdiluted": 2.25, "weightedAverageShsOut": 151116000, "weightedAverageShsOutDil": 155943000, "link": "https://www.sec.gov/Archives/edgar/data/315852/000095013409003627/0000950134-09-003627-index.htm", "finalLink": "https://www.sec.gov/Archives/edgar/data/315852/000095013409003627/d66363e10vk.htm", "calculatedOtherExpenses": 430062000, "calculatedOperatingExpenses": 522370000, "calculatedNetInterest": -77737000, "calculatedOtherIncome": 29831000, "calculatedIncomeNonControlling": 0, "calculatedEbitda": 890331000}, {"date": "2007-12-31", "symbol": "RRC", "reportedCurrency": "USD", "cik": "0000315852", "fillingDate": "2008-02-27", "acceptedDate": "2008-02-27 06:31:14", "calendarYear": "2007", "period": "FY", "revenue": 864827000, "costOfRevenue": 152086000, "grossProfit": 712741000, "grossProfitRatio": 0.8241428633, "researchAndDevelopmentExpenses": 0, "generalAndAdministrativeExpenses": 68428000, "sellingAndMarketingExpenses": 28332000, "sellingGeneralAndAdministrativeExpenses": 96760000, "otherExpenses": 269771000, "operatingExpenses": 366531000, "costAndExpenses": 518617000, "interestIncome": 0, "interestExpense": 77737000, "depreciationAndAmortization": 229605000, "ebitda": 578551000, "ebitdaratio": 0.6689788825, "operatingIncome": 346210000, "operatingIncomeRatio": 0.4003228391, "totalOtherIncomeExpensesNet": -2736000, "incomeBeforeTax": 265737000, "incomeBeforeTaxRatio": 0.307271859, "incomeTaxExpense": 98761000, "netIncome": 230569000, "netIncomeRatio": 0.2666070786, "eps": 1.6, "epsdiluted": 1.54, "weightedAverageShsOut": 143791000, "weightedAverageShsOutDil": 149911000, "link": "https://www.sec.gov/Archives/edgar/data/315852/000095013408003528/0000950134-08-003528-index.htm", "finalLink": "https://www.sec.gov/Archives/edgar/data/315852/000095013408003528/d53953e10vk.htm", "calculatedOtherExpenses": 269771000, "calculatedOperatingExpenses": 366531000, "calculatedNetInterest": -77737000, "calculatedOtherIncome": -2736000, "calculatedIncomeNonControlling": -63593000, "calculatedEbitda": 575815000}, {"date": "2006-12-31", "symbol": "RRC", "reportedCurrency": "USD", "cik": "0000315852", "fillingDate": "2007-02-27", "acceptedDate": "2007-02-27 14:28:09", "calendarYear": "2006", "period": "FY", "revenue": 779728000, "costOfRevenue": 137476000, "grossProfit": 642252000, "grossProfitRatio": 0.8236872345, "researchAndDevelopmentExpenses": 0, "generalAndAdministrativeExpenses": 49886000, "sellingAndMarketingExpenses": 6873000, "sellingGeneralAndAdministrativeExpenses": 56759000, "otherExpenses": 206576000, "operatingExpenses": 263335000, "costAndExpenses": 400811000, "interestIncome": 0, "interestExpense": 57577000, "depreciationAndAmortization": 171488000, "ebitda": 457112000, "ebitdaratio": 0.58624546, "operatingIncome": 378917000, "operatingIncomeRatio": 0.4859604888, "totalOtherIncomeExpensesNet": 93293000, "incomeBeforeTax": 321340000, "incomeBeforeTaxRatio": 0.4121180719, "incomeTaxExpense": 123726000, "netIncome": 158702000, "netIncomeRatio": 0.2035350789, "eps": 1.19, "epsdiluted": 1.14, "weightedAverageShsOut": 133751000, "weightedAverageShsOutDil": 138711000, "link": "https://www.sec.gov/Archives/edgar/data/315852/000095013407004234/0000950134-07-004234-index.htm", "finalLink": "https://www.sec.gov/Archives/edgar/data/315852/000095013407004234/d43924e10vk.htm", "calculatedOtherExpenses": 206576000, "calculatedOperatingExpenses": 263335000, "calculatedNetInterest": -57577000, "calculatedOtherIncome": 0, "calculatedIncomeNonControlling": 38912000, "calculatedEbitda": 550405000}, {"date": "2005-12-31", "symbol": "RRC", "reportedCurrency": "USD", "cik": "0000315852", "fillingDate": "2006-02-23", "acceptedDate": "2006-02-23 06:07:59", "calendarYear": "2005", "period": "FY", "revenue": 535957000, "costOfRevenue": 96069000, "grossProfit": 439888000, "grossProfitRatio": 0.8207524111, "researchAndDevelopmentExpenses": 0, "generalAndAdministrativeExpenses": 20634000, "sellingAndMarketingExpenses": 44048000, "sellingGeneralAndAdministrativeExpenses": 64682000, "otherExpenses": 159030000, "operatingExpenses": 223712000, "costAndExpenses": 319781000, "interestIncome": 0, "interestExpense": 23119000, "depreciationAndAmortization": 129176000, "ebitda": 326179000, "ebitdaratio": 0.608591734, "operatingIncome": 227044000, "operatingIncomeRatio": 0.423623537, "totalOtherIncomeExpensesNet": 19173000, "incomeBeforeTax": 177379000, "incomeBeforeTaxRatio": 0.3309575208, "incomeTaxExpense": 66368000, "netIncome": 111011000, "netIncomeRatio": 0.2071266911, "eps": 0.89, "epsdiluted": 0.85, "weightedAverageShsOut": 124130000, "weightedAverageShsOutDil": 129126000, "link": "https://www.sec.gov/Archives/edgar/data/315852/000095013406003597/0000950134-06-003597-index.htm", "finalLink": "https://www.sec.gov/Archives/edgar/data/315852/000095013406003597/d33224e10vk.htm", "calculatedOtherExpenses": 148162000, "calculatedOperatingExpenses": 212844000, "calculatedNetInterest": -23119000, "calculatedOtherIncome": -26546000, "calculatedIncomeNonControlling": 0, "calculatedEbitda": 356220000}, {"date": "2004-12-31", "symbol": "RRC", "reportedCurrency": "USD", "cik": "0000315852", "fillingDate": "2005-03-02", "acceptedDate": "2005-03-02 06:05:29", "calendarYear": "2004", "period": "FY", "revenue": 320707000, "costOfRevenue": 67527000, "grossProfit": 253180000, "grossProfitRatio": 0.7894433237, "researchAndDevelopmentExpenses": 0, "generalAndAdministrativeExpenses": 39810000, "sellingAndMarketingExpenses": 0, "sellingGeneralAndAdministrativeExpenses": 39810000, "otherExpenses": 123475000, "operatingExpenses": 163285000, "costAndExpenses": 230812000, "interestIncome": 0, "interestExpense": 23119000, "depreciationAndAmortization": 104042000, "ebitda": 191174000, "ebitdaratio": 0.5961017377, "operatingIncome": 89895000, "operatingIncomeRatio": 0.2803025815, "totalOtherIncomeExpensesNet": 2763000, "incomeBeforeTax": 66776000, "incomeBeforeTaxRatio": 0.208214975, "incomeTaxExpense": 24545000, "netIncome": 42231000, "netIncomeRatio": 0.1316809424, "eps": 0.4, "epsdiluted": 0.38, "weightedAverageShsOut": 93544000, "weightedAverageShsOutDil": 97998000, "link": "https://www.sec.gov/Archives/edgar/data/315852/000095013405004035/0000950134-05-004035-index.htm", "finalLink": "https://www.sec.gov/Archives/edgar/data/315852/000095013405004035/d22834e10vk.htm", "calculatedOtherExpenses": 123475000, "calculatedOperatingExpenses": 163285000, "calculatedNetInterest": -23119000, "calculatedOtherIncome": 0, "calculatedIncomeNonControlling": 0, "calculatedEbitda": 193937000}, {"date": "2003-12-31", "symbol": "RRC", "reportedCurrency": "USD", "cik": "0000315852", "fillingDate": "2004-03-03", "acceptedDate": "2004-03-02 21:52:52", "calendarYear": "2003", "period": "FY", "revenue": 249197000, "costOfRevenue": 66228000, "grossProfit": 182969000, "grossProfitRatio": 0.7342343608, "researchAndDevelopmentExpenses": 0, "generalAndAdministrativeExpenses": 24377000, "sellingAndMarketingExpenses": 0, "sellingGeneralAndAdministrativeExpenses": 24377000, "otherExpenses": 86549000, "operatingExpenses": 110926000, "costAndExpenses": 177154000, "interestIncome": 0, "interestExpense": 22165000, "depreciationAndAmortization": 87756000, "ebitda": 142990000, "ebitdaratio": 0.5738030554, "operatingIncome": 71578000, "operatingIncomeRatio": 0.2872345975, "totalOtherIncomeExpensesNet": 16809000, "incomeBeforeTax": 49413000, "incomeBeforeTaxRatio": 0.198288904, "incomeTaxExpense": 18489000, "netIncome": 35415000, "netIncomeRatio": 0.1421164781, "eps": 0.42, "epsdiluted": 0.41, "weightedAverageShsOut": 82409524, "weightedAverageShsOutDil": 86775000, "link": "https://www.sec.gov/Archives/edgar/data/315852/000095013404002820/0000950134-04-002820-index.htm", "finalLink": "https://www.sec.gov/Archives/edgar/data/315852/000095013404002820/d12238e10vk.htm", "calculatedOtherExpenses": 87014000, "calculatedOperatingExpenses": 111391000, "calculatedNetInterest": -22165000, "calculatedOtherIncome": 0, "calculatedIncomeNonControlling": -4491000, "calculatedEbitda": 159334000}, {"date": "2002-12-31", "symbol": "RRC", "reportedCurrency": "USD", "cik": "0000315852", "fillingDate": "2003-03-05", "acceptedDate": "2003-03-05 08:01:17", "calendarYear": "2002", "period": "FY", "revenue": 195338000, "costOfRevenue": 58815000, "grossProfit": 136523000, "grossProfitRatio": 0.6989065108, "researchAndDevelopmentExpenses": 0, "generalAndAdministrativeExpenses": 0, "sellingAndMarketingExpenses": 0, "sellingGeneralAndAdministrativeExpenses": 17240000, "otherExpenses": 76820000, "operatingExpenses": 94060000, "costAndExpenses": 152875000, "interestIncome": 0, "interestExpense": 0, "depreciationAndAmortization": 77719000, "ebitda": 120182000, "ebitdaratio": 0.6152515128, "operatingIncome": 42463000, "operatingIncomeRatio": 0.2173821786, "totalOtherIncomeExpensesNet": -23153000, "incomeBeforeTax": 19310000, "incomeBeforeTaxRatio": 0.0988542936, "incomeTaxExpense": -4442000, "netIncome": 25766000, "netIncomeRatio": 0.1319046985, "eps": 0.32, "epsdiluted": 0.32, "weightedAverageShsOut": 80518750, "weightedAverageShsOutDil": 80518750, "link": "https://www.sec.gov/Archives/edgar/data/315852/000095013403003363/0000950134-03-003363-index.htm", "finalLink": "https://www.sec.gov/Archives/edgar/data/315852/000095013403003363/d02946e10vk.txt", "calculatedOtherExpenses": 76820000, "calculatedOperatingExpenses": 94060000, "calculatedNetInterest": 0, "calculatedOtherIncome": -23153000, "calculatedIncomeNonControlling": -2014000, "calculatedEbitda": 120182000}, {"date": "2001-12-31", "symbol": "RRC", "reportedCurrency": "USD", "cik": "0000315852", "fillingDate": "2002-03-05", "acceptedDate": "2002-03-05 00:00:00", "calendarYear": "2001", "period": "FY", "revenue": 219425000, "costOfRevenue": 53070000, "grossProfit": 166355000, "grossProfitRatio": 0.7581405947, "researchAndDevelopmentExpenses": 0, "generalAndAdministrativeExpenses": 12212000, "sellingAndMarketingExpenses": 0, "sellingGeneralAndAdministrativeExpenses": 12212000, "otherExpenses": 77573000, "operatingExpenses": 89785000, "costAndExpenses": 142855000, "interestIncome": 0, "interestExpense": 0, "depreciationAndAmortization": 79534000, "ebitda": 218274000, "ebitdaratio": 0.9947544719, "operatingIncome": 76570000, "operatingIncomeRatio": 0.3489575026, "totalOtherIncomeExpensesNet": -62170000, "incomeBeforeTax": -13306000, "incomeBeforeTaxRatio": -0.0606403099, "incomeTaxExpense": -406000, "netIncome": 17663000, "netIncomeRatio": 0.0804967529, "eps": 0.24, "epsdiluted": 0.24, "weightedAverageShsOut": 73554167, "weightedAverageShsOutDil": 73554167, "link": "https://www.sec.gov/Archives/edgar/data/315852/000095013402001785/0000950134-02-001785-index.htm", "finalLink": "https://www.sec.gov/Archives/edgar/data/315852/000095013402001785/d94634e10-k.txt", "calculatedOtherExpenses": 77573000, "calculatedOperatingExpenses": 89785000, "calculatedNetInterest": 0, "calculatedOtherIncome": -89876000, "calculatedIncomeNonControlling": -30563000, "calculatedEbitda": 156104000}, {"date": "2000-12-31", "symbol": "RRC", "reportedCurrency": "USD", "cik": "0000315852", "fillingDate": "2001-03-06", "acceptedDate": "2001-03-06 00:00:00", "calendarYear": "2000", "period": "FY", "revenue": 187719000, "costOfRevenue": 46577000, "grossProfit": 141142000, "grossProfitRatio": 0.7518791385, "researchAndDevelopmentExpenses": 0, "generalAndAdministrativeExpenses": 10323000, "sellingAndMarketingExpenses": 0, "sellingGeneralAndAdministrativeExpenses": 10323000, "otherExpenses": 72242000, "operatingExpenses": 82565000, "costAndExpenses": 129142000, "interestIncome": 702000, "interestExpense": 0, "depreciationAndAmortization": 74262000, "ebitda": 132839000, "ebitdaratio": 0.7076481336, "operatingIncome": 58577000, "operatingIncomeRatio": 0.3120461967, "totalOtherIncomeExpensesNet": 17061000, "incomeBeforeTax": 18624000, "incomeBeforeTaxRatio": 0.0992121202, "incomeTaxExpense": -1574000, "netIncome": 37961000, "netIncomeRatio": 0.2022224708, "eps": 0.65, "epsdiluted": 0.64, "weightedAverageShsOut": 54330928, "weightedAverageShsOutDil": 54896875, "link": "https://www.sec.gov/Archives/edgar/data/315852/000095015201001323/0000950152-01-001323-index.htm", "finalLink": "https://www.sec.gov/Archives/edgar/data/315852/000095015201001323/l86830ae10-k.htm", "calculatedOtherExpenses": 72242000, "calculatedOperatingExpenses": 82565000, "calculatedNetInterest": 702000, "calculatedOtherIncome": -40655000, "calculatedIncomeNonControlling": -17763000, "calculatedEbitda": 132839000}, {"date": "1999-12-31", "symbol": "RRC", "reportedCurrency": "USD", "cik": "0000315852", "fillingDate": "2000-03-20", "acceptedDate": "2000-03-20 00:00:00", "calendarYear": "1999", "period": "FY", "revenue": 161200000, "costOfRevenue": 50000000, "grossProfit": 111200000, "grossProfitRatio": 0.6898263027, "researchAndDevelopmentExpenses": 0, "generalAndAdministrativeExpenses": 8000000, "sellingAndMarketingExpenses": 0, "sellingGeneralAndAdministrativeExpenses": 8000000, "otherExpenses": 77700000, "operatingExpenses": 85700000, "costAndExpenses": 135700000, "interestIncome": 0, "interestExpense": 0, "depreciationAndAmortization": 77700000, "ebitda": 117200000, "ebitdaratio": 0.7270471464, "operatingIncome": 25500000, "operatingIncomeRatio": 0.1581885856, "totalOtherIncomeExpensesNet": -14000000, "incomeBeforeTax": -8600000, "incomeBeforeTaxRatio": -0.0533498759, "incomeTaxExpense": 1600000, "netIncome": -7800000, "netIncomeRatio": -0.0483870968, "eps": -0.14, "epsdiluted": -0.14, "weightedAverageShsOut": 56300000, "weightedAverageShsOutDil": 56300000, "link": "https://www.sec.gov/Archives/edgar/data/315852/000095015200001816/0000950152-00-001816-index.html", "finalLink": "https://www.sec.gov/Archives/edgar/data/315852/000095015200001816/0000950152-00-001816-d1.html", "calculatedOtherExpenses": 77700000, "calculatedOperatingExpenses": 85700000, "calculatedNetInterest": 0, "calculatedOtherIncome": -34100000, "calculatedIncomeNonControlling": -2400000, "calculatedEbitda": 103200000}, {"date": "1998-12-31", "symbol": "RRC", "reportedCurrency": "USD", "cik": "0000315852", "fillingDate": "1999-03-15", "acceptedDate": "1999-03-15 00:00:00", "calendarYear": "1998", "period": "FY", "revenue": 146600000, "costOfRevenue": 58300000, "grossProfit": 88300000, "grossProfitRatio": 0.602319236, "researchAndDevelopmentExpenses": 0, "generalAndAdministrativeExpenses": 9200000, "sellingAndMarketingExpenses": 0, "sellingGeneralAndAdministrativeExpenses": 9200000, "otherExpenses": 60200000, "operatingExpenses": 69400000, "costAndExpenses": 127700000, "interestIncome": 0, "interestExpense": 0, "depreciationAndAmortization": 60200000, "ebitda": 497200000, "ebitdaratio": 3.3915416098, "operatingIncome": 18900000, "operatingIncomeRatio": 0.1289222374, "totalOtherIncomeExpensesNet": -418100000, "incomeBeforeTax": -229700000, "incomeBeforeTaxRatio": -1.5668485675, "incomeTaxExpense": -54500000, "netIncome": -175200000, "netIncomeRatio": -1.1950886767, "eps": -4.49, "epsdiluted": -4.49, "weightedAverageShsOut": 39036070, "weightedAverageShsOutDil": 39036070, "link": "https://www.sec.gov/Archives/edgar/data/315852/000095015299001896/0000950152-99-001896-index.html", "finalLink": "https://www.sec.gov/Archives/edgar/data/315852/", "calculatedOtherExpenses": 60200000, "calculatedOperatingExpenses": 69400000, "calculatedNetInterest": 0, "calculatedOtherIncome": -248600000, "calculatedIncomeNonControlling": 0, "calculatedEbitda": 79100000}, {"date": "1997-12-31", "symbol": "RRC", "reportedCurrency": "USD", "cik": "0000315852", "fillingDate": "1998-03-20", "acceptedDate": "1998-03-20 00:00:00", "calendarYear": "1997", "period": "FY", "revenue": 141700000, "costOfRevenue": 36900000, "grossProfit": 104800000, "grossProfitRatio": 0.7395906845, "researchAndDevelopmentExpenses": 0, "generalAndAdministrativeExpenses": 5300000, "sellingAndMarketingExpenses": 0, "sellingGeneralAndAdministrativeExpenses": 5300000, "otherExpenses": 56400000, "operatingExpenses": 61700000, "costAndExpenses": 98600000, "interestIncome": 0, "interestExpense": 0, "depreciationAndAmortization": 56400000, "ebitda": 209300000, "ebitdaratio": 1.4770642202, "operatingIncome": 43100000, "operatingIncomeRatio": 0.3041637262, "totalOtherIncomeExpensesNet": -109800000, "incomeBeforeTax": -35100000, "incomeBeforeTaxRatio": -0.247706422, "incomeTaxExpense": -11800000, "netIncome": -23300000, "netIncomeRatio": -0.1644318984, "eps": -0.8, "epsdiluted": -0.8, "weightedAverageShsOut": 29298328, "weightedAverageShsOutDil": 29298328, "link": "https://www.sec.gov/Archives/edgar/data/315852/000095015298002221/0000950152-98-002221-index.html", "finalLink": "https://www.sec.gov/Archives/edgar/data/315852/", "calculatedOtherExpenses": 56400000, "calculatedOperatingExpenses": 61700000, "calculatedNetInterest": 0, "calculatedOtherIncome": -78200000, "calculatedIncomeNonControlling": 0, "calculatedEbitda": 99500000}, {"date": "1996-12-31", "symbol": "RRC", "reportedCurrency": "USD", "cik": "0000315852", "fillingDate": "1997-03-21", "acceptedDate": "1997-03-21 00:00:00", "calendarYear": "1996", "period": "FY", "revenue": 87900000, "costOfRevenue": 34900000, "grossProfit": 53000000, "grossProfitRatio": 0.6029579067, "researchAndDevelopmentExpenses": 0, "generalAndAdministrativeExpenses": 7200000, "sellingAndMarketingExpenses": 0, "sellingGeneralAndAdministrativeExpenses": 7200000, "otherExpenses": 22300000, "operatingExpenses": 29500000, "costAndExpenses": 64400000, "interestIncome": 0, "interestExpense": 0, "depreciationAndAmortization": 22300000, "ebitda": 42400000, "ebitdaratio": 0.4823663254, "operatingIncome": 23500000, "operatingIncomeRatio": 0.2673492605, "totalOtherIncomeExpensesNet": 3400000, "incomeBeforeTax": 19400000, "incomeBeforeTaxRatio": 0.220705347, "incomeTaxExpense": 6800000, "netIncome": 12600000, "netIncomeRatio": 0.1433447099, "eps": 0.47, "epsdiluted": 0.46, "weightedAverageShsOut": 21749689, "weightedAverageShsOutDil": 22380114, "link": "https://www.sec.gov/Archives/edgar/data/315852/000095015297002078/0000950152-97-002078-index.html", "finalLink": "https://www.sec.gov/Archives/edgar/data/315852/", "calculatedOtherExpenses": 22300000, "calculatedOperatingExpenses": 29500000, "calculatedNetInterest": 0, "calculatedOtherIncome": -4100000, "calculatedIncomeNonControlling": 0, "calculatedEbitda": 45800000}, {"date": "1995-12-31", "symbol": "RRC", "reportedCurrency": "USD", "cik": "0000315852", "fillingDate": "1996-03-19", "acceptedDate": "1996-03-19 00:00:00", "calendarYear": "1995", "period": "FY", "revenue": 50800000, "costOfRevenue": 21400000, "grossProfit": 29400000, "grossProfitRatio": 0.5787401575, "researchAndDevelopmentExpenses": 0, "generalAndAdministrativeExpenses": 4100000, "sellingAndMarketingExpenses": 0, "sellingGeneralAndAdministrativeExpenses": 4100000, "otherExpenses": 14900000, "operatingExpenses": 19000000, "costAndExpenses": 40400000, "interestIncome": 0, "interestExpense": 0, "depreciationAndAmortization": 14900000, "ebitda": 24000000, "ebitdaratio": 0.4724409449, "operatingIncome": 10400000, "operatingIncomeRatio": 0.2047244094, "totalOtherIncomeExpensesNet": 1300000, "incomeBeforeTax": 6200000, "incomeBeforeTaxRatio": 0.1220472441, "incomeTaxExpense": 1800000, "netIncome": 4400000, "netIncomeRatio": 0.0866141732, "eps": 0.21, "epsdiluted": 0.21, "weightedAverageShsOut": 21279683, "weightedAverageShsOutDil": 21279683, "link": "https://www.sec.gov/Archives/edgar/data/315852/000095015296001063/0000950152-96-001063-index.html", "finalLink": "https://www.sec.gov/Archives/edgar/data/315852/", "calculatedOtherExpenses": 14900000, "calculatedOperatingExpenses": 19000000, "calculatedNetInterest": 0, "calculatedOtherIncome": -4200000, "calculatedIncomeNonControlling": 0, "calculatedEbitda": 25300000}, {"date": "1994-12-31", "symbol": "RRC", "reportedCurrency": "USD", "cik": "0000315852", "fillingDate": "1994-12-31", "acceptedDate": "1994-12-30 19:00:00", "calendarYear": "1994", "period": "FY", "revenue": 34300000, "costOfRevenue": 16600000, "grossProfit": 17700000, "grossProfitRatio": 0.5160349854, "researchAndDevelopmentExpenses": 0, "generalAndAdministrativeExpenses": 0, "sellingAndMarketingExpenses": 0, "sellingGeneralAndAdministrativeExpenses": 2500000, "otherExpenses": 10100000, "operatingExpenses": 12600000, "costAndExpenses": 29200000, "interestIncome": 0, "interestExpense": 0, "depreciationAndAmortization": 10100000, "ebitda": 14700000, "ebitdaratio": 0.4285714286, "operatingIncome": 5100000, "operatingIncomeRatio": 0.1486880466, "totalOtherIncomeExpensesNet": 500000, "incomeBeforeTax": 2700000, "incomeBeforeTaxRatio": 0.0787172012, "incomeTaxExpense": 100000, "netIncome": 2600000, "netIncomeRatio": 0.0758017493, "eps": 0.17, "epsdiluted": 0.17, "weightedAverageShsOut": 13193403, "weightedAverageShsOutDil": 13193403, "link": "", "finalLink": "", "calculatedOtherExpenses": 10100000, "calculatedOperatingExpenses": 12600000, "calculatedNetInterest": 0, "calculatedOtherIncome": -2400000, "calculatedIncomeNonControlling": 0, "calculatedEbitda": 15200000}, {"date": "1993-12-31", "symbol": "RRC", "reportedCurrency": "USD", "cik": "0000315852", "fillingDate": "1993-12-31", "acceptedDate": "1993-12-30 19:00:00", "calendarYear": "1993", "period": "FY", "revenue": 19100000, "costOfRevenue": 10200000, "grossProfit": 8900000, "grossProfitRatio": 0.4659685864, "researchAndDevelopmentExpenses": 0, "generalAndAdministrativeExpenses": 0, "sellingAndMarketingExpenses": 0, "sellingGeneralAndAdministrativeExpenses": 2100000, "otherExpenses": 4300000, "operatingExpenses": 6400000, "costAndExpenses": 16600000, "interestIncome": 0, "interestExpense": 0, "depreciationAndAmortization": 4300000, "ebitda": 6800000, "ebitdaratio": 0.3560209424, "operatingIncome": 2500000, "operatingIncomeRatio": 0.1308900524, "totalOtherIncomeExpensesNet": -1000000, "incomeBeforeTax": 1500000, "incomeBeforeTaxRatio": 0.0785340314, "incomeTaxExpense": 100000, "netIncome": 1400000, "netIncomeRatio": 0.0732984293, "eps": 0.13, "epsdiluted": 0.12, "weightedAverageShsOut": 11047108, "weightedAverageShsOutDil": 11660836, "link": "", "finalLink": "", "calculatedOtherExpenses": 4300000, "calculatedOperatingExpenses": 6400000, "calculatedNetInterest": 0, "calculatedOtherIncome": -1000000, "calculatedIncomeNonControlling": 0, "calculatedEbitda": 6800000}, {"date": "1992-12-31", "symbol": "RRC", "reportedCurrency": "USD", "cik": "0000315852", "fillingDate": "1992-12-31", "acceptedDate": "1992-12-30 19:00:00", "calendarYear": "1992", "period": "FY", "revenue": 13300000, "costOfRevenue": 7000000, "grossProfit": 6300000, "grossProfitRatio": 0.4736842105, "researchAndDevelopmentExpenses": 0, "generalAndAdministrativeExpenses": 0, "sellingAndMarketingExpenses": 0, "sellingGeneralAndAdministrativeExpenses": 1900000, "otherExpenses": 3100000, "operatingExpenses": 5000000, "costAndExpenses": 12000000, "interestIncome": 0, "interestExpense": 0, "depreciationAndAmortization": 3100000, "ebitda": 3800000, "ebitdaratio": 0.2857142857, "operatingIncome": 1300000, "operatingIncomeRatio": 0.0977443609, "totalOtherIncomeExpensesNet": 600000, "incomeBeforeTax": 900000, "incomeBeforeTaxRatio": 0.0676691729, "incomeTaxExpense": 200000, "netIncome": 700000, "netIncomeRatio": 0.0526315789, "eps": 0.0534, "epsdiluted": 0.0534, "weightedAverageShsOut": 7496252, "weightedAverageShsOutDil": 7496252, "link": "", "finalLink": "", "calculatedOtherExpenses": 3100000, "calculatedOperatingExpenses": 5000000, "calculatedNetInterest": 0, "calculatedOtherIncome": -400000, "calculatedIncomeNonControlling": 0, "calculatedEbitda": 4400000}, {"date": "1991-12-31", "symbol": "RRC", "reportedCurrency": "USD", "cik": "0000315852", "fillingDate": "1991-12-31", "acceptedDate": "1991-12-30 19:00:00", "calendarYear": "1991", "period": "FY", "revenue": 9600000, "costOfRevenue": 4700000, "grossProfit": 4900000, "grossProfitRatio": 0.5104166667, "researchAndDevelopmentExpenses": 0, "generalAndAdministrativeExpenses": 0, "sellingAndMarketingExpenses": 0, "sellingGeneralAndAdministrativeExpenses": 2200000, "otherExpenses": 2400000, "operatingExpenses": 4600000, "costAndExpenses": 9300000, "interestIncome": 0, "interestExpense": 0, "depreciationAndAmortization": 2400000, "ebitda": 1800000, "ebitdaratio": 0.1875, "operatingIncome": 300000, "operatingIncomeRatio": 0.03125, "totalOtherIncomeExpensesNet": 900000, "incomeBeforeTax": 500000, "incomeBeforeTaxRatio": 0.0520833333, "incomeTaxExpense": 100000, "netIncome": 400000, "netIncomeRatio": 0.0416666667, "eps": 0.0621, "epsdiluted": 0.0621, "weightedAverageShsOut": 6443778, "weightedAverageShsOutDil": 6443778, "link": "", "finalLink": "", "calculatedOtherExpenses": 2400000, "calculatedOperatingExpenses": 4600000, "calculatedNetInterest": 0, "calculatedOtherIncome": 200000, "calculatedIncomeNonControlling": 0, "calculatedEbitda": 2700000}, {"date": "1990-12-31", "symbol": "RRC", "reportedCurrency": "USD", "cik": "0000315852", "fillingDate": "1990-12-31", "acceptedDate": "1990-12-30 19:00:00", "calendarYear": "1990", "period": "FY", "revenue": 6500000, "costOfRevenue": 3200000, "grossProfit": 3300000, "grossProfitRatio": 0.5076923077, "researchAndDevelopmentExpenses": 0, "generalAndAdministrativeExpenses": 0, "sellingAndMarketingExpenses": 0, "sellingGeneralAndAdministrativeExpenses": 1700000, "otherExpenses": 1400000, "operatingExpenses": 3100000, "costAndExpenses": 6300000, "interestIncome": 0, "interestExpense": 0, "depreciationAndAmortization": 1400000, "ebitda": 1100000, "ebitdaratio": 0.1692307692, "operatingIncome": 200000, "operatingIncomeRatio": 0.0307692308, "totalOtherIncomeExpensesNet": 500000, "incomeBeforeTax": 700000, "incomeBeforeTaxRatio": 0.1076923077, "incomeTaxExpense": -100000, "netIncome": 300000, "netIncomeRatio": 0.0461538462, "eps": 0.0616, "epsdiluted": 0.0616, "weightedAverageShsOut": 4872564, "weightedAverageShsOutDil": 4872564, "link": "", "finalLink": "", "calculatedOtherExpenses": 1400000, "calculatedOperatingExpenses": 3100000, "calculatedNetInterest": 0, "calculatedOtherIncome": 500000, "calculatedIncomeNonControlling": 500000, "calculatedEbitda": 1600000}, {"date": "1989-12-31", "symbol": "RRC", "reportedCurrency": "USD", "cik": "0000315852", "fillingDate": "1989-12-31", "acceptedDate": "1989-12-30 19:00:00", "calendarYear": "1989", "period": "FY", "revenue": 4300000, "costOfRevenue": 2200000, "grossProfit": 2100000, "grossProfitRatio": 0.488372093, "researchAndDevelopmentExpenses": 0, "generalAndAdministrativeExpenses": 0, "sellingAndMarketingExpenses": 0, "sellingGeneralAndAdministrativeExpenses": 1100000, "otherExpenses": 1100000, "operatingExpenses": 2200000, "costAndExpenses": 4400000, "interestIncome": 0, "interestExpense": 0, "depreciationAndAmortization": 1100000, "ebitda": 400000, "ebitdaratio": 0.0930232558, "operatingIncome": -100000, "operatingIncomeRatio": -0.023255814, "totalOtherIncomeExpensesNet": 600000, "incomeBeforeTax": 500000, "incomeBeforeTaxRatio": 0.1162790698, "incomeTaxExpense": -200000, "netIncome": 100000, "netIncomeRatio": 0.023255814, "eps": 0.0205, "epsdiluted": 0.0205, "weightedAverageShsOut": 4872564, "weightedAverageShsOutDil": 4872564, "link": "", "finalLink": "", "calculatedOtherExpenses": 1100000, "calculatedOperatingExpenses": 2200000, "calculatedNetInterest": 0, "calculatedOtherIncome": 600000, "calculatedIncomeNonControlling": 600000, "calculatedEbitda": 1000000}]}