{"originalCurrency": "USD", "convertedCurrency": "USD", "report": [{"date": "2023-12-31", "symbol": "RRR", "reportedCurrency": "USD", "cik": "0001653653", "fillingDate": "2024-02-21", "acceptedDate": "2024-02-21 14:28:07", "calendarYear": "2023", "period": "FY", "revenue": 1724086000, "costOfRevenue": 758928000, "grossProfit": 965158000, "grossProfitRatio": 0.5598085014, "researchAndDevelopmentExpenses": 0, "generalAndAdministrativeExpenses": 364175000, "sellingAndMarketingExpenses": 10319000, "sellingGeneralAndAdministrativeExpenses": 374494000, "otherExpenses": -31976000, "operatingExpenses": 406470000, "costAndExpenses": 1165398000, "interestIncome": 0, "interestExpense": 181023000, "depreciationAndAmortization": 132536000, "ebitda": 691224000, "ebitdaratio": 0.4009219958, "operatingIncome": 558688000, "operatingIncomeRatio": 0.3240488003, "totalOtherIncomeExpensesNet": -177928000, "incomeBeforeTax": 380760000, "incomeBeforeTaxRatio": 0.2208474519, "incomeTaxExpense": 42984000, "netIncome": 176004000, "netIncomeRatio": 0.1020853948, "eps": 3.04, "epsdiluted": 2.94, "weightedAverageShsOut": 57875000, "weightedAverageShsOutDil": 103217000, "link": "https://www.sec.gov/Archives/edgar/data/1653653/000165365324000004/0001653653-24-000004-index.htm", "finalLink": "https://www.sec.gov/Archives/edgar/data/1653653/000165365324000004/rrr-20231231.htm", "calculatedOtherExpenses": 31976000, "calculatedOperatingExpenses": 406470000, "calculatedNetInterest": -181023000, "calculatedOtherIncome": 3095000, "calculatedIncomeNonControlling": 161772000, "calculatedEbitda": 691224000}, {"date": "2022-12-31", "symbol": "RRR", "reportedCurrency": "USD", "cik": "0001653653", "fillingDate": "2023-02-24", "acceptedDate": "2023-02-24 15:33:55", "calendarYear": "2022", "period": "FY", "revenue": 1663786000, "costOfRevenue": 588715000, "grossProfit": 1075071000, "grossProfitRatio": 0.6461594219, "researchAndDevelopmentExpenses": 0, "generalAndAdministrativeExpenses": 341738000, "sellingAndMarketingExpenses": 11305000, "sellingGeneralAndAdministrativeExpenses": 353043000, "otherExpenses": 128368000, "operatingExpenses": 481411000, "costAndExpenses": 1070126000, "interestIncome": 129889000, "interestExpense": 129889000, "depreciationAndAmortization": 164195000, "ebitda": 725497000, "ebitdaratio": 0.4360518721, "operatingIncome": 561302000, "operatingIncomeRatio": 0.3373643005, "totalOtherIncomeExpensesNet": -126420000, "incomeBeforeTax": 434882000, "incomeBeforeTaxRatio": 0.2613809709, "incomeTaxExpense": 44530000, "netIncome": 390352000, "netIncomeRatio": 0.2346167115, "eps": 6.62, "epsdiluted": 3.73, "weightedAverageShsOut": 58976000, "weightedAverageShsOutDil": 104663000, "link": "https://www.sec.gov/Archives/edgar/data/1653653/000165365323000004/0001653653-23-000004-index.htm", "finalLink": "https://www.sec.gov/Archives/edgar/data/1653653/000165365323000004/rrr-20221231.htm", "calculatedOtherExpenses": 160726000, "calculatedOperatingExpenses": 513769000, "calculatedNetInterest": 0, "calculatedOtherIncome": -126420000, "calculatedIncomeNonControlling": 0, "calculatedEbitda": 725497000}, {"date": "2021-12-31", "symbol": "RRR", "reportedCurrency": "USD", "cik": "0001653653", "fillingDate": "2022-02-25", "acceptedDate": "2022-02-25 14:50:01", "calendarYear": "2021", "period": "FY", "revenue": 1617899000, "costOfRevenue": 552489000, "grossProfit": 1065410000, "grossProfitRatio": 0.6585145303, "researchAndDevelopmentExpenses": 0, "generalAndAdministrativeExpenses": 332812000, "sellingAndMarketingExpenses": 14278000, "sellingGeneralAndAdministrativeExpenses": 347090000, "otherExpenses": 157791000, "operatingExpenses": 504881000, "costAndExpenses": 1057370000, "interestIncome": 103421000, "interestExpense": 103206000, "depreciationAndAmortization": 157791000, "ebitda": 719234000, "ebitdaratio": 0.4445481455, "operatingIncome": 561443000, "operatingIncomeRatio": 0.3470198078, "totalOtherIncomeExpensesNet": -275900000, "incomeBeforeTax": 285543000, "incomeBeforeTaxRatio": 0.1764900034, "incomeTaxExpense": -69287000, "netIncome": 354830000, "netIncomeRatio": 0.2193152972, "eps": 5.14, "epsdiluted": 3.05, "weightedAverageShsOut": 69071000, "weightedAverageShsOutDil": 116452000, "link": "https://www.sec.gov/Archives/edgar/data/1653653/000165365322000004/0001653653-22-000004-index.htm", "finalLink": "https://www.sec.gov/Archives/edgar/data/1653653/000165365322000004/rrr-20211231.htm", "calculatedOtherExpenses": 156877000, "calculatedOperatingExpenses": 503967000, "calculatedNetInterest": 215000, "calculatedOtherIncome": -276115000, "calculatedIncomeNonControlling": 0, "calculatedEbitda": 719234000}, {"date": "2020-12-31", "symbol": "RRR", "reportedCurrency": "USD", "cik": "0001653653", "fillingDate": "2021-02-23", "acceptedDate": "2021-02-23 14:30:58", "calendarYear": "2020", "period": "FY", "revenue": 1182445000, "costOfRevenue": 501299000, "grossProfit": 681146000, "grossProfitRatio": 0.5760487803, "researchAndDevelopmentExpenses": 0, "generalAndAdministrativeExpenses": 314439000, "sellingAndMarketingExpenses": 10205000, "sellingGeneralAndAdministrativeExpenses": 324644000, "otherExpenses": 231391000, "operatingExpenses": 556035000, "costAndExpenses": 1057334000, "interestIncome": 150055000, "interestExpense": 128465000, "depreciationAndAmortization": 231391000, "ebitda": 357266000, "ebitdaratio": 0.3021417487, "operatingIncome": 125875000, "operatingIncomeRatio": 0.1064531543, "totalOtherIncomeExpensesNet": -186337000, "incomeBeforeTax": -60462000, "incomeBeforeTaxRatio": -0.0511330337, "incomeTaxExpense": 114081000, "netIncome": -174543000, "netIncomeRatio": -0.1476119397, "eps": -2.47, "epsdiluted": -2.47, "weightedAverageShsOut": 70542000, "weightedAverageShsOutDil": 70542000, "link": "https://www.sec.gov/Archives/edgar/data/1653653/000165365321000005/0001653653-21-000005-index.htm", "finalLink": "https://www.sec.gov/Archives/edgar/data/1653653/000165365321000005/rrr-20201231.htm", "calculatedOtherExpenses": 230627000, "calculatedOperatingExpenses": 555271000, "calculatedNetInterest": 21590000, "calculatedOtherIncome": -207927000, "calculatedIncomeNonControlling": 0, "calculatedEbitda": 357266000}, {"date": "2019-12-31", "symbol": "RRR", "reportedCurrency": "USD", "cik": "0001653653", "fillingDate": "2020-02-21", "acceptedDate": "2020-02-21 16:32:20", "calendarYear": "2019", "period": "FY", "revenue": 1856534000, "costOfRevenue": 949941000, "grossProfit": 906593000, "grossProfitRatio": 0.4883255572, "researchAndDevelopmentExpenses": 0, "generalAndAdministrativeExpenses": 384677000, "sellingAndMarketingExpenses": 31678000, "sellingGeneralAndAdministrativeExpenses": 416355000, "otherExpenses": 222114000, "operatingExpenses": 638469000, "costAndExpenses": 1588410000, "interestIncome": 176146000, "interestExpense": 156679000, "depreciationAndAmortization": 222211000, "ebitda": 491948000, "ebitdaratio": 0.2649819502, "operatingIncome": 269737000, "operatingIncomeRatio": 0.145290633, "totalOtherIncomeExpensesNet": -278208000, "incomeBeforeTax": -8471000, "incomeBeforeTaxRatio": -0.0045628036, "incomeTaxExpense": -1734000, "netIncome": -6737000, "netIncomeRatio": -0.0036288051, "eps": -0.0968, "epsdiluted": -0.0968, "weightedAverageShsOut": 69565000, "weightedAverageShsOutDil": 69565000, "link": "https://www.sec.gov/Archives/edgar/data/1653653/000165365320000005/0001653653-20-000005-index.htm", "finalLink": "https://www.sec.gov/Archives/edgar/data/1653653/000165365320000005/rrr12-31x2019x10xk.htm", "calculatedOtherExpenses": 220501000, "calculatedOperatingExpenses": 636856000, "calculatedNetInterest": 19467000, "calculatedOtherIncome": -297675000, "calculatedIncomeNonControlling": 0, "calculatedEbitda": 491948000}, {"date": "2018-12-31", "symbol": "RRR", "reportedCurrency": "USD", "cik": "0001653653", "fillingDate": "2019-02-26", "acceptedDate": "2019-02-26 17:25:14", "calendarYear": "2018", "period": "FY", "revenue": 1681030000, "costOfRevenue": 794063000, "grossProfit": 886967000, "grossProfitRatio": 0.5276330583, "researchAndDevelopmentExpenses": 0, "generalAndAdministrativeExpenses": 390492000, "sellingAndMarketingExpenses": 0, "sellingGeneralAndAdministrativeExpenses": 390492000, "otherExpenses": -354000, "operatingExpenses": 480109000, "costAndExpenses": 1274172000, "interestIncome": 0, "interestExpense": 143099000, "depreciationAndAmortization": 180255000, "ebitda": 588944000, "ebitdaratio": 0.3503471086, "operatingIncome": 372208000, "operatingIncomeRatio": 0.2214166315, "totalOtherIncomeExpensesNet": -20404000, "incomeBeforeTax": 243355000, "incomeBeforeTaxRatio": 0.1447654117, "incomeTaxExpense": 23875000, "netIncome": 157541000, "netIncomeRatio": 0.0937169473, "eps": 1.35, "epsdiluted": 1.35, "weightedAverageShsOut": 116859000, "weightedAverageShsOutDil": 116859000, "link": "https://www.sec.gov/Archives/edgar/data/1653653/000165365319000005/0001653653-19-000005-index.htm", "finalLink": "https://www.sec.gov/Archives/edgar/data/1653653/000165365319000005/rrr10-kx12x31x2018.htm", "calculatedOtherExpenses": 124267000, "calculatedOperatingExpenses": 514759000, "calculatedNetInterest": -143099000, "calculatedOtherIncome": 14246000, "calculatedIncomeNonControlling": 61939000, "calculatedEbitda": 552463000}, {"date": "2017-12-31", "symbol": "RRR", "reportedCurrency": "USD", "cik": "0001653653", "fillingDate": "2018-03-01", "acceptedDate": "2018-03-01 14:59:02", "calendarYear": "2017", "period": "FY", "revenue": 1615616000, "costOfRevenue": 735298000, "grossProfit": 880318000, "grossProfitRatio": 0.5448807142, "researchAndDevelopmentExpenses": 0, "generalAndAdministrativeExpenses": 379246000, "sellingAndMarketingExpenses": 0, "sellingGeneralAndAdministrativeExpenses": 379246000, "otherExpenses": -29584000, "operatingExpenses": 418163000, "costAndExpenses": 1153461000, "interestIncome": 0, "interestExpense": 131442000, "depreciationAndAmortization": 178217000, "ebitda": 642004000, "ebitdaratio": 0.3973741285, "operatingIncome": 330399000, "operatingIncomeRatio": 0.2045034216, "totalOtherIncomeExpensesNet": -132919000, "incomeBeforeTax": 197794000, "incomeBeforeTaxRatio": 0.1224263686, "incomeTaxExpense": 134755000, "netIncome": 35152000, "netIncomeRatio": 0.0217576454, "eps": 0.52, "epsdiluted": 0.42, "weightedAverageShsOut": 67397000, "weightedAverageShsOutDil": 115930000, "link": "https://www.sec.gov/Archives/edgar/data/1653653/000165365318000004/0001653653-18-000004-index.htm", "finalLink": "https://www.sec.gov/Archives/edgar/data/1653653/000165365318000004/rrr10-kx12x31x2017.htm", "calculatedOtherExpenses": 170673000, "calculatedOperatingExpenses": 549919000, "calculatedNetInterest": -131442000, "calculatedOtherIncome": -1163000, "calculatedIncomeNonControlling": 27887000, "calculatedEbitda": 508616000}, {"date": "2016-12-31", "symbol": "RRR", "reportedCurrency": "USD", "cik": "0001653653", "fillingDate": "2017-03-13", "acceptedDate": "2017-03-10 21:27:07", "calendarYear": "2016", "period": "FY", "revenue": 1452427000, "costOfRevenue": 635289000, "grossProfit": 817138000, "grossProfitRatio": 0.5626017693, "researchAndDevelopmentExpenses": 0, "generalAndAdministrativeExpenses": 325694000, "sellingAndMarketingExpenses": 0, "sellingGeneralAndAdministrativeExpenses": 325694000, "otherExpenses": -24599000, "operatingExpenses": 483093000, "costAndExpenses": 1118382000, "interestIncome": 0, "interestExpense": 140189000, "depreciationAndAmortization": 156668000, "ebitda": 492626000, "ebitdaratio": 0.3391743613, "operatingIncome": 309446000, "operatingIncomeRatio": 0.2130544255, "totalOtherIncomeExpensesNet": -29869000, "incomeBeforeTax": 163987000, "incomeBeforeTaxRatio": 0.1129055023, "incomeTaxExpense": 8212000, "netIncome": 91967000, "netIncomeRatio": 0.0633195334, "eps": 1.03, "epsdiluted": 1.03, "weightedAverageShsOut": 34141000, "weightedAverageShsOutDil": 34285000, "link": "https://www.sec.gov/Archives/edgar/data/1653653/000165365317000004/0001653653-17-000004-index.htm", "finalLink": "https://www.sec.gov/Archives/edgar/data/1653653/000165365317000004/redrockresorts10-kx12x31x2.htm", "calculatedOtherExpenses": 181998000, "calculatedOperatingExpenses": 507692000, "calculatedNetInterest": -140189000, "calculatedOtherIncome": -5270000, "calculatedIncomeNonControlling": 63808000, "calculatedEbitda": 466114000}, {"date": "2015-12-31", "symbol": "RRR", "reportedCurrency": "USD", "cik": "0001653653", "fillingDate": "2015-12-31", "acceptedDate": "2015-12-30 19:00:00", "calendarYear": "2015", "period": "FY", "revenue": 1352135000, "costOfRevenue": 582244000, "grossProfit": 769891000, "grossProfitRatio": 0.5693891512, "researchAndDevelopmentExpenses": 0, "generalAndAdministrativeExpenses": 0, "sellingAndMarketingExpenses": 0, "sellingGeneralAndAdministrativeExpenses": 327857000, "otherExpenses": -895000, "operatingExpenses": 466887000, "costAndExpenses": 1049131000, "interestIncome": 0, "interestExpense": 144489000, "depreciationAndAmortization": 137865000, "ebitda": 440783000, "ebitdaratio": 0.3259903782, "operatingIncome": 287189000, "operatingIncomeRatio": 0.2123966912, "totalOtherIncomeExpensesNet": -15097000, "incomeBeforeTax": 143418000, "incomeBeforeTaxRatio": 0.1060678113, "incomeTaxExpense": 149531000, "netIncome": 137658000, "netIncomeRatio": 0.1018078816, "eps": 0.39, "epsdiluted": 0.39, "weightedAverageShsOut": 38971058, "weightedAverageShsOutDil": 38971058, "link": "", "finalLink": "", "calculatedOtherExpenses": 154845000, "calculatedOperatingExpenses": 482702000, "calculatedNetInterest": -144489000, "calculatedOtherIncome": 718000, "calculatedIncomeNonControlling": -143771000, "calculatedEbitda": 425054000}, {"date": "2014-12-31", "symbol": "RRR", "reportedCurrency": "USD", "cik": "0001653653", "fillingDate": "2014-12-31", "acceptedDate": "2014-12-30 19:00:00", "calendarYear": "2014", "period": "FY", "revenue": 1291616000, "costOfRevenue": 573139000, "grossProfit": 718477000, "grossProfitRatio": 0.5562620779, "researchAndDevelopmentExpenses": 0, "generalAndAdministrativeExpenses": 0, "sellingAndMarketingExpenses": 0, "sellingGeneralAndAdministrativeExpenses": 320120000, "otherExpenses": 49787000, "operatingExpenses": 448721000, "costAndExpenses": 1021860000, "interestIncome": 0, "interestExpense": 151702000, "depreciationAndAmortization": 132043000, "ebitda": 452510000, "ebitdaratio": 0.3503440651, "operatingIncome": 237061000, "operatingIncomeRatio": 0.1835382962, "totalOtherIncomeExpensesNet": 13081000, "incomeBeforeTax": 131135000, "incomeBeforeTaxRatio": 0.1015278535, "incomeTaxExpense": 136519000, "netIncome": 100542000, "netIncomeRatio": 0.0778420212, "eps": 2.58, "epsdiluted": 2.58, "weightedAverageShsOut": 38971058, "weightedAverageShsOutDil": 38971058, "link": "", "finalLink": "", "calculatedOtherExpenses": 161296000, "calculatedOperatingExpenses": 481416000, "calculatedNetInterest": -151702000, "calculatedOtherIncome": 45776000, "calculatedIncomeNonControlling": -105926000, "calculatedEbitda": 369104000}, {"date": "2013-12-31", "symbol": "RRR", "reportedCurrency": "USD", "cik": "0001653653", "fillingDate": "2013-12-31", "acceptedDate": "2013-12-30 19:00:00", "calendarYear": "2013", "period": "FY", "revenue": 1256137000, "costOfRevenue": 571083000, "grossProfit": 685054000, "grossProfitRatio": 0.5453656727, "researchAndDevelopmentExpenses": 0, "generalAndAdministrativeExpenses": 0, "sellingAndMarketingExpenses": 0, "sellingGeneralAndAdministrativeExpenses": 327820000, "otherExpenses": 16065000, "operatingExpenses": 457000000, "costAndExpenses": 1028083000, "interestIncome": 0, "interestExpense": 165220000, "depreciationAndAmortization": 134053000, "ebitda": 379775000, "ebitdaratio": 0.3023356529, "operatingIncome": 214976000, "operatingIncomeRatio": 0.1711405683, "totalOtherIncomeExpensesNet": -141923000, "incomeBeforeTax": -79089000, "incomeBeforeTaxRatio": -0.0629620814, "incomeTaxExpense": 323052000, "netIncome": -94998000, "netIncomeRatio": -0.0756271012, "eps": -2.44, "epsdiluted": -2.44, "weightedAverageShsOut": 38971058, "weightedAverageShsOutDil": 38971058, "link": "", "finalLink": "", "calculatedOtherExpenses": 142258000, "calculatedOperatingExpenses": 470078000, "calculatedNetInterest": -165220000, "calculatedOtherIncome": -128845000, "calculatedIncomeNonControlling": -307143000, "calculatedEbitda": 349029000}, {"date": "2012-12-31", "symbol": "RRR", "reportedCurrency": "USD", "cik": "0001653653", "fillingDate": "2012-12-31", "acceptedDate": "2012-12-30 19:00:00", "calendarYear": "2012", "period": "FY", "revenue": 1230221000, "costOfRevenue": 602040000, "grossProfit": 628181000, "grossProfitRatio": 0.5106245138, "researchAndDevelopmentExpenses": 0, "generalAndAdministrativeExpenses": 191233000, "sellingAndMarketingExpenses": 116925000, "sellingGeneralAndAdministrativeExpenses": 308158000, "otherExpenses": 96242000, "operatingExpenses": 437736000, "costAndExpenses": 1039776000, "interestIncome": 0, "interestExpense": 189781000, "depreciationAndAmortization": 132298000, "ebitda": 420758000, "ebitdaratio": 0.3420182227, "operatingIncome": 170421000, "operatingIncomeRatio": 0.1385287684, "totalOtherIncomeExpensesNet": 31848000, "incomeBeforeTax": 32512000, "incomeBeforeTaxRatio": 0.0264277719, "incomeTaxExpense": 149306000, "netIncome": 21115000, "netIncomeRatio": 0.0171635828, "eps": 0.54, "epsdiluted": 0.54, "weightedAverageShsOut": 38971058, "weightedAverageShsOutDil": 38971058, "link": "", "finalLink": "", "calculatedOtherExpenses": 149602000, "calculatedOperatingExpenses": 457760000, "calculatedNetInterest": -189781000, "calculatedOtherIncome": 51872000, "calculatedIncomeNonControlling": -137909000, "calculatedEbitda": 302719000}]}