{"originalCurrency": "USD", "convertedCurrency": "USD", "report": [{"date": "2023-12-31", "symbol": "RRX", "reportedCurrency": "USD", "cik": "0000082811", "fillingDate": "2024-02-26", "acceptedDate": "2024-02-26 16:56:37", "calendarYear": "2023", "period": "FY", "revenue": 6250700000, "costOfRevenue": 4145500000, "grossProfit": 2105200000, "grossProfitRatio": 0.336794279, "researchAndDevelopmentExpenses": 171000000, "generalAndAdministrativeExpenses": 0, "sellingAndMarketingExpenses": 0, "sellingGeneralAndAdministrativeExpenses": 1332500000, "otherExpenses": 8700000, "operatingExpenses": 1503500000, "costAndExpenses": 5649000000, "interestIncome": 43600000, "interestExpense": 436900000, "depreciationAndAmortization": 535700000, "ebitda": 1137400000, "ebitdaratio": 0.1819636201, "operatingIncome": 601700000, "operatingIncomeRatio": 0.0962612187, "totalOtherIncomeExpensesNet": -603300000, "incomeBeforeTax": -1600000, "incomeBeforeTaxRatio": -0.0002559713, "incomeTaxExpense": 52700000, "netIncome": -57400000, "netIncomeRatio": -0.0091829715, "eps": -0.87, "epsdiluted": -0.87, "weightedAverageShsOut": 66300000, "weightedAverageShsOutDil": 66300000, "link": "https://www.sec.gov/Archives/edgar/data/82811/000008281124000035/0000082811-24-000035-index.htm", "finalLink": "https://www.sec.gov/Archives/edgar/data/82811/000008281124000035/rbc-20231231.htm", "calculatedOtherExpenses": 0, "calculatedOperatingExpenses": 1503500000, "calculatedNetInterest": -393300000, "calculatedOtherIncome": -210000000, "calculatedIncomeNonControlling": 3100000, "calculatedEbitda": 1137400000}, {"date": "2022-12-31", "symbol": "RRX", "reportedCurrency": "USD", "cik": "0000082811", "fillingDate": "2023-02-24", "acceptedDate": "2023-02-24 13:32:51", "calendarYear": "2022", "period": "FY", "revenue": 5217900000, "costOfRevenue": 3548200000, "grossProfit": 1669700000, "grossProfitRatio": 0.3199946339, "researchAndDevelopmentExpenses": 106600000, "generalAndAdministrativeExpenses": 0, "sellingAndMarketingExpenses": 0, "sellingGeneralAndAdministrativeExpenses": 874100000, "otherExpenses": 978400000, "operatingExpenses": 978400000, "costAndExpenses": 4526600000, "interestIncome": 5200000, "interestExpense": 87200000, "depreciationAndAmortization": 318900000, "ebitda": 1009300000, "ebitdaratio": 0.1934303072, "operatingIncome": 690400000, "operatingIncomeRatio": 0.1323137661, "totalOtherIncomeExpensesNet": -76600000, "incomeBeforeTax": 613800000, "incomeBeforeTaxRatio": 0.1176335307, "incomeTaxExpense": 118900000, "netIncome": 488900000, "netIncomeRatio": 0.0936966979, "eps": 7.33, "epsdiluted": 7.29, "weightedAverageShsOut": 66700000, "weightedAverageShsOutDil": 67099999, "link": "https://www.sec.gov/Archives/edgar/data/82811/000008281123000040/0000082811-23-000040-index.htm", "finalLink": "https://www.sec.gov/Archives/edgar/data/82811/000008281123000040/rbc-20221231.htm", "calculatedOtherExpenses": -1400000, "calculatedOperatingExpenses": 979300000, "calculatedNetInterest": -82000000, "calculatedOtherIncome": 5400000, "calculatedIncomeNonControlling": 6000000, "calculatedEbitda": 1009300000}, {"date": "2021-12-31", "symbol": "RRX", "reportedCurrency": "USD", "cik": "0000082811", "fillingDate": "2022-03-02", "acceptedDate": "2022-03-02 16:02:56", "calendarYear": "2021", "period": "FY", "revenue": 3810300000, "costOfRevenue": 2724600000, "grossProfit": 1085700000, "grossProfitRatio": 0.2849381938, "researchAndDevelopmentExpenses": 74500000, "generalAndAdministrativeExpenses": 0, "sellingAndMarketingExpenses": 0, "sellingGeneralAndAdministrativeExpenses": 647800000, "otherExpenses": 714700000, "operatingExpenses": 714700000, "costAndExpenses": 3439300000, "interestIncome": 7400000, "interestExpense": 60400000, "depreciationAndAmortization": 221800000, "ebitda": 554200000, "ebitdaratio": 0.145447865, "operatingIncome": 332400000, "operatingIncomeRatio": 0.0872372254, "totalOtherIncomeExpensesNet": -47800000, "incomeBeforeTax": 284600000, "incomeBeforeTaxRatio": 0.0746922814, "incomeTaxExpense": 68500000, "netIncome": 229600000, "netIncomeRatio": 0.0602577225, "eps": 4.85, "epsdiluted": 4.81, "weightedAverageShsOut": 47300000, "weightedAverageShsOutDil": 47700000, "link": "https://www.sec.gov/Archives/edgar/data/82811/000008281122000069/0000082811-22-000069-index.htm", "finalLink": "https://www.sec.gov/Archives/edgar/data/82811/000008281122000069/rbc-20220101.htm", "calculatedOtherExpenses": 31000000, "calculatedOperatingExpenses": 753300000, "calculatedNetInterest": -53000000, "calculatedOtherIncome": 5200000, "calculatedIncomeNonControlling": -13500000, "calculatedEbitda": 554200000}, {"date": "2020-12-31", "symbol": "RRX", "reportedCurrency": "USD", "cik": "0000082811", "fillingDate": "2021-03-02", "acceptedDate": "2021-03-02 16:03:40", "calendarYear": "2020", "period": "FY", "revenue": 2907000000, "costOfRevenue": 2098300000, "grossProfit": 808700000, "grossProfitRatio": 0.2781905745, "researchAndDevelopmentExpenses": 34700000, "generalAndAdministrativeExpenses": 0, "sellingAndMarketingExpenses": 0, "sellingGeneralAndAdministrativeExpenses": 452900000, "otherExpenses": 512800000, "operatingExpenses": 512800000, "costAndExpenses": 2611100000, "interestIncome": 5900000, "interestExpense": 39800000, "depreciationAndAmortization": 157500000, "ebitda": 437600000, "ebitdaratio": 0.1505331957, "operatingIncome": 280100000, "operatingIncomeRatio": 0.0963536292, "totalOtherIncomeExpensesNet": -29500000, "incomeBeforeTax": 250600000, "incomeBeforeTaxRatio": 0.0862057104, "incomeTaxExpense": 56800000, "netIncome": 187700000, "netIncomeRatio": 0.0645682835, "eps": 4.66, "epsdiluted": 4.64, "weightedAverageShsOut": 40600000, "weightedAverageShsOutDil": 40800000, "link": "https://www.sec.gov/Archives/edgar/data/82811/000008281121000043/0000082811-21-000043-index.htm", "finalLink": "https://www.sec.gov/Archives/edgar/data/82811/000008281121000043/rbc-20210102.htm", "calculatedOtherExpenses": 41000000, "calculatedOperatingExpenses": 528600000, "calculatedNetInterest": -33900000, "calculatedOtherIncome": 4400000, "calculatedIncomeNonControlling": 6100000, "calculatedEbitda": 437600000}, {"date": "2019-12-28", "symbol": "RRX", "reportedCurrency": "USD", "cik": "0000082811", "fillingDate": "2020-02-26", "acceptedDate": "2020-02-26 17:17:15", "calendarYear": "2019", "period": "FY", "revenue": 3238000000, "costOfRevenue": 2377300000, "grossProfit": 860700000, "grossProfitRatio": 0.2658122298, "researchAndDevelopmentExpenses": 22500000, "generalAndAdministrativeExpenses": 0, "sellingAndMarketingExpenses": 0, "sellingGeneralAndAdministrativeExpenses": 512200000, "otherExpenses": 499600000, "operatingExpenses": 499600000, "costAndExpenses": 2876900000, "interestIncome": 5600000, "interestExpense": 53000000, "depreciationAndAmortization": 150200000, "ebitda": 501300000, "ebitdaratio": 0.1548177888, "operatingIncome": 351100000, "operatingIncomeRatio": 0.1084311303, "totalOtherIncomeExpensesNet": -47300000, "incomeBeforeTax": 303800000, "incomeBeforeTaxRatio": 0.0938233477, "incomeTaxExpense": 61200000, "netIncome": 238900000, "netIncomeRatio": 0.0737801112, "eps": 5.69, "epsdiluted": 5.66, "weightedAverageShsOut": 42000000, "weightedAverageShsOutDil": 42200000, "link": "https://www.sec.gov/Archives/edgar/data/82811/000008281120000035/0000082811-20-000035-index.htm", "finalLink": "https://www.sec.gov/Archives/edgar/data/82811/000008281120000035/rbc-20191228x10k.htm", "calculatedOtherExpenses": -25100000, "calculatedOperatingExpenses": 509600000, "calculatedNetInterest": -47400000, "calculatedOtherIncome": 100000, "calculatedIncomeNonControlling": 3700000, "calculatedEbitda": 501300000}, {"date": "2018-12-29", "symbol": "RRX", "reportedCurrency": "USD", "cik": "0000082811", "fillingDate": "2019-02-26", "acceptedDate": "2019-02-26 17:08:21", "calendarYear": "2018", "period": "FY", "revenue": 3645600000, "costOfRevenue": 2681000000, "grossProfit": 964600000, "grossProfitRatio": 0.2645929339, "researchAndDevelopmentExpenses": 29300000, "generalAndAdministrativeExpenses": 0, "sellingAndMarketingExpenses": 0, "sellingGeneralAndAdministrativeExpenses": 563400000, "otherExpenses": 599400000, "operatingExpenses": 599400000, "costAndExpenses": 3280400000, "interestIncome": 1900000, "interestExpense": 55200000, "depreciationAndAmortization": 161000000, "ebitda": 508000000, "ebitdaratio": 0.139346061, "operatingIncome": 347000000, "operatingIncomeRatio": 0.0951832346, "totalOtherIncomeExpensesNet": -54800000, "incomeBeforeTax": 292200000, "incomeBeforeTaxRatio": 0.0801514154, "incomeTaxExpense": 56400000, "netIncome": 231200000, "netIncomeRatio": 0.063418916, "eps": 5.3, "epsdiluted": 5.27, "weightedAverageShsOut": 43600000, "weightedAverageShsOutDil": 43900000, "link": "https://www.sec.gov/Archives/edgar/data/82811/000008281119000018/0000082811-19-000018-index.htm", "finalLink": "https://www.sec.gov/Archives/edgar/data/82811/000008281119000018/rbc-20181229x10k.htm", "calculatedOtherExpenses": 24900000, "calculatedOperatingExpenses": 617600000, "calculatedNetInterest": -53300000, "calculatedOtherIncome": -1500000, "calculatedIncomeNonControlling": 4600000, "calculatedEbitda": 508000000}, {"date": "2017-12-30", "symbol": "RRX", "reportedCurrency": "USD", "cik": "0000082811", "fillingDate": "2018-02-27", "acceptedDate": "2018-02-27 15:58:41", "calendarYear": "2017", "period": "FY", "revenue": 3360300000, "costOfRevenue": 2476200000, "grossProfit": 884100000, "grossProfitRatio": 0.2631015088, "researchAndDevelopmentExpenses": 29900000, "generalAndAdministrativeExpenses": 0, "sellingAndMarketingExpenses": 0, "sellingGeneralAndAdministrativeExpenses": 534400000, "otherExpenses": 554000000, "operatingExpenses": 554000000, "costAndExpenses": 3030200000, "interestIncome": 3200000, "interestExpense": 56100000, "depreciationAndAmortization": 137200000, "ebitda": 470500000, "ebitdaratio": 0.1400172604, "operatingIncome": 330100000, "operatingIncomeRatio": 0.0982352766, "totalOtherIncomeExpensesNet": -52900000, "incomeBeforeTax": 277200000, "incomeBeforeTaxRatio": 0.0824926346, "incomeTaxExpense": 59100000, "netIncome": 213000000, "netIncomeRatio": 0.0633871976, "eps": 4.78, "epsdiluted": 4.74, "weightedAverageShsOut": 44600000, "weightedAverageShsOutDil": 44900000, "link": "https://www.sec.gov/Archives/edgar/data/82811/000008281118000011/0000082811-18-000011-index.htm", "finalLink": "https://www.sec.gov/Archives/edgar/data/82811/000008281118000011/rbc-20171230x10k.htm", "calculatedOtherExpenses": -10300000, "calculatedOperatingExpenses": 554000000, "calculatedNetInterest": -52900000, "calculatedOtherIncome": 0, "calculatedIncomeNonControlling": 5100000, "calculatedEbitda": 467300000}, {"date": "2016-12-31", "symbol": "RRX", "reportedCurrency": "USD", "cik": "0000082811", "fillingDate": "2017-03-01", "acceptedDate": "2017-03-01 15:37:23", "calendarYear": "2016", "period": "FY", "revenue": 3224500000, "costOfRevenue": 2359300000, "grossProfit": 865200000, "grossProfitRatio": 0.2683206699, "researchAndDevelopmentExpenses": 29500000, "generalAndAdministrativeExpenses": 0, "sellingAndMarketingExpenses": 0, "sellingGeneralAndAdministrativeExpenses": 519400000, "otherExpenses": 544600000, "operatingExpenses": 544600000, "costAndExpenses": 2903900000, "interestIncome": 4500000, "interestExpense": 58700000, "depreciationAndAmortization": 155400000, "ebitda": 480500000, "ebitdaratio": 0.1490153512, "operatingIncome": 320600000, "operatingIncomeRatio": 0.0994262676, "totalOtherIncomeExpensesNet": -54200000, "incomeBeforeTax": 266400000, "incomeBeforeTaxRatio": 0.0826174601, "incomeTaxExpense": 57100000, "netIncome": 203400000, "netIncomeRatio": 0.0630795472, "eps": 4.55, "epsdiluted": 4.52, "weightedAverageShsOut": 44700000, "weightedAverageShsOutDil": 45000000, "link": "https://www.sec.gov/Archives/edgar/data/82811/000008281117000017/0000082811-17-000017-index.htm", "finalLink": "https://www.sec.gov/Archives/edgar/data/82811/000008281117000017/rbc-20161231x10k.htm", "calculatedOtherExpenses": -4300000, "calculatedOperatingExpenses": 544600000, "calculatedNetInterest": -54200000, "calculatedOtherIncome": 0, "calculatedIncomeNonControlling": 5900000, "calculatedEbitda": 476000000}, {"date": "2015-12-31", "symbol": "RRX", "reportedCurrency": "USD", "cik": "0000082811", "fillingDate": "2016-03-02", "acceptedDate": "2016-03-02 16:55:40", "calendarYear": "2015", "period": "FY", "revenue": 3509700000, "costOfRevenue": 2576500000, "grossProfit": 933200000, "grossProfitRatio": 0.2658916717, "researchAndDevelopmentExpenses": 30100000, "generalAndAdministrativeExpenses": 0, "sellingAndMarketingExpenses": 0, "sellingGeneralAndAdministrativeExpenses": 551300000, "otherExpenses": 600500000, "operatingExpenses": 600500000, "costAndExpenses": 3177000000, "interestIncome": 4300000, "interestExpense": 60200000, "depreciationAndAmortization": 159400000, "ebitda": 496400000, "ebitdaratio": 0.14143659, "operatingIncome": 252800000, "operatingIncomeRatio": 0.0720289483, "totalOtherIncomeExpensesNet": -79900000, "incomeBeforeTax": 196900000, "incomeBeforeTaxRatio": 0.0561016611, "incomeTaxExpense": 48400000, "netIncome": 143300000, "netIncomeRatio": 0.0408297005, "eps": 3.21, "epsdiluted": 3.18, "weightedAverageShsOut": 44700000, "weightedAverageShsOutDil": 45100000, "link": "https://www.sec.gov/Archives/edgar/data/82811/000008281116000124/0000082811-16-000124-index.htm", "finalLink": "https://www.sec.gov/Archives/edgar/data/82811/000008281116000124/rbc-201612x10k.htm", "calculatedOtherExpenses": 99000000, "calculatedOperatingExpenses": 680400000, "calculatedNetInterest": -55900000, "calculatedOtherIncome": 0, "calculatedIncomeNonControlling": 5200000, "calculatedEbitda": 412200000}, {"date": "2014-12-31", "symbol": "RRX", "reportedCurrency": "USD", "cik": "0000082811", "fillingDate": "2015-03-04", "acceptedDate": "2015-03-04 17:08:39", "calendarYear": "2014", "period": "FY", "revenue": 3257100000, "costOfRevenue": 2459800000, "grossProfit": 797300000, "grossProfitRatio": 0.2447883086, "researchAndDevelopmentExpenses": 85000000, "generalAndAdministrativeExpenses": 0, "sellingAndMarketingExpenses": 0, "sellingGeneralAndAdministrativeExpenses": 483400000, "otherExpenses": 516300000, "operatingExpenses": 516300000, "costAndExpenses": 2976100000, "interestIncome": 7900000, "interestExpense": 39100000, "depreciationAndAmortization": 138700000, "ebitda": 427600000, "ebitdaratio": 0.1312824292, "operatingIncome": 121500000, "operatingIncomeRatio": 0.0373031224, "totalOtherIncomeExpensesNet": -159500000, "incomeBeforeTax": 90300000, "incomeBeforeTaxRatio": 0.027724049, "incomeTaxExpense": 54200000, "netIncome": 31000000, "netIncomeRatio": 0.0095176691, "eps": 0.69, "epsdiluted": 0.69, "weightedAverageShsOut": 45000000, "weightedAverageShsOutDil": 45300000, "link": "https://www.sec.gov/Archives/edgar/data/82811/000008281115000014/0000082811-15-000014-index.htm", "finalLink": "https://www.sec.gov/Archives/edgar/data/82811/000008281115000014/rbc-201513x10k.htm", "calculatedOtherExpenses": 107400000, "calculatedOperatingExpenses": 675800000, "calculatedNetInterest": -31200000, "calculatedOtherIncome": 0, "calculatedIncomeNonControlling": 5100000, "calculatedEbitda": 260200000}, {"date": "2013-12-28", "symbol": "RRX", "reportedCurrency": "USD", "cik": "0000082811", "fillingDate": "2014-02-26", "acceptedDate": "2014-02-26 16:20:39", "calendarYear": "2013", "period": "FY", "revenue": 3095700000, "costOfRevenue": 2312500000, "grossProfit": 783200000, "grossProfitRatio": 0.2529960914, "researchAndDevelopmentExpenses": 100600000, "generalAndAdministrativeExpenses": 0, "sellingAndMarketingExpenses": 0, "sellingGeneralAndAdministrativeExpenses": 465900000, "otherExpenses": 494200000, "operatingExpenses": 494200000, "costAndExpenses": 2806700000, "interestIncome": 4900000, "interestExpense": 42400000, "depreciationAndAmortization": 128500000, "ebitda": 422400000, "ebitdaratio": 0.1364473302, "operatingIncome": 208000000, "operatingIncomeRatio": 0.0671899732, "totalOtherIncomeExpensesNet": -81000000, "incomeBeforeTax": 170500000, "incomeBeforeTaxRatio": 0.0550763963, "incomeTaxExpense": 44500000, "netIncome": 120000000, "netIncomeRatio": 0.0387634461, "eps": 2.66, "epsdiluted": 2.64, "weightedAverageShsOut": 45000000, "weightedAverageShsOutDil": 45400000, "link": "https://www.sec.gov/Archives/edgar/data/82811/000008281114000017/0000082811-14-000017-index.htm", "finalLink": "https://www.sec.gov/Archives/edgar/data/82811/000008281114000017/rbc-20131228x10k.htm", "calculatedOtherExpenses": 8700000, "calculatedOperatingExpenses": 575200000, "calculatedNetInterest": -37500000, "calculatedOtherIncome": 0, "calculatedIncomeNonControlling": 6000000, "calculatedEbitda": 336500000}, {"date": "2012-12-29", "symbol": "RRX", "reportedCurrency": "USD", "cik": "0000082811", "fillingDate": "2013-02-27", "acceptedDate": "2013-02-27 14:51:43", "calendarYear": "2012", "period": "FY", "revenue": 3166900000, "costOfRevenue": 2395900000, "grossProfit": 771000000, "grossProfitRatio": 0.2434557454, "researchAndDevelopmentExpenses": 83900000, "generalAndAdministrativeExpenses": 0, "sellingAndMarketingExpenses": 0, "sellingGeneralAndAdministrativeExpenses": 429300000, "otherExpenses": 458200000, "operatingExpenses": 458200000, "costAndExpenses": 2854100000, "interestIncome": 1600000, "interestExpense": 44500000, "depreciationAndAmortization": 126000000, "ebitda": 440400000, "ebitdaratio": 0.1390634374, "operatingIncome": 312800000, "operatingIncomeRatio": 0.0987716695, "totalOtherIncomeExpensesNet": -42900000, "incomeBeforeTax": 269900000, "incomeBeforeTaxRatio": 0.0852252992, "incomeTaxExpense": 69600000, "netIncome": 195600000, "netIncomeRatio": 0.06176387, "eps": 4.68, "epsdiluted": 4.64, "weightedAverageShsOut": 41800000, "weightedAverageShsOutDil": 42100000, "link": "https://www.sec.gov/Archives/edgar/data/82811/000008281113000008/0000082811-13-000008-index.htm", "finalLink": "https://www.sec.gov/Archives/edgar/data/82811/000008281113000008/rbc-20121229x10k.htm", "calculatedOtherExpenses": -55000000, "calculatedOperatingExpenses": 458200000, "calculatedNetInterest": -42900000, "calculatedOtherIncome": 0, "calculatedIncomeNonControlling": 4700000, "calculatedEbitda": 438800000}, {"date": "2011-12-31", "symbol": "RRX", "reportedCurrency": "USD", "cik": "0000082811", "fillingDate": "2012-02-29", "acceptedDate": "2012-02-29 15:55:13", "calendarYear": "2011", "period": "FY", "revenue": 2808332000, "costOfRevenue": 2142343000, "grossProfit": 665989000, "grossProfitRatio": 0.237147531, "researchAndDevelopmentExpenses": 0, "generalAndAdministrativeExpenses": 0, "sellingAndMarketingExpenses": 0, "sellingGeneralAndAdministrativeExpenses": 0, "otherExpenses": 410276000, "operatingExpenses": 410276000, "costAndExpenses": 2552619000, "interestIncome": 1740000, "interestExpense": 31116000, "depreciationAndAmortization": 98238000, "ebitda": 355691000, "ebitdaratio": 0.1266556091, "operatingIncome": 255713000, "operatingIncomeRatio": 0.0910551174, "totalOtherIncomeExpensesNet": -29376000, "incomeBeforeTax": 226337000, "incomeBeforeTaxRatio": 0.0805948157, "incomeTaxExpense": 68317000, "netIncome": 152290000, "netIncomeRatio": 0.0542279189, "eps": 3.84, "epsdiluted": 3.79, "weightedAverageShsOut": 39700000, "weightedAverageShsOutDil": 40100000, "link": "https://www.sec.gov/Archives/edgar/data/82811/000119312512089005/0001193125-12-089005-index.htm", "finalLink": "https://www.sec.gov/Archives/edgar/data/82811/000119312512089005/d276164d10k.htm", "calculatedOtherExpenses": 410276000, "calculatedOperatingExpenses": 410276000, "calculatedNetInterest": -29376000, "calculatedOtherIncome": 0, "calculatedIncomeNonControlling": 5730000, "calculatedEbitda": 353951000}, {"date": "2010-12-31", "symbol": "RRX", "reportedCurrency": "USD", "cik": "0000082811", "fillingDate": "2011-03-02", "acceptedDate": "2011-03-02 17:00:10", "calendarYear": "2010", "period": "FY", "revenue": 2237978000, "costOfRevenue": 1688628000, "grossProfit": 549350000, "grossProfitRatio": 0.2454671136, "researchAndDevelopmentExpenses": 0, "generalAndAdministrativeExpenses": 0, "sellingAndMarketingExpenses": 0, "sellingGeneralAndAdministrativeExpenses": 0, "otherExpenses": 311615000, "operatingExpenses": 311615000, "costAndExpenses": 2000243000, "interestIncome": 2570000, "interestExpense": 19576000, "depreciationAndAmortization": 72869000, "ebitda": 313174000, "ebitdaratio": 0.1399361388, "operatingIncome": 237735000, "operatingIncomeRatio": 0.1062275858, "totalOtherIncomeExpensesNet": -17006000, "incomeBeforeTax": 220729000, "incomeBeforeTaxRatio": 0.0986287622, "incomeTaxExpense": 66045000, "netIncome": 149379000, "netIncomeRatio": 0.0667473049, "eps": 3.91, "epsdiluted": 3.84, "weightedAverageShsOut": 38200000, "weightedAverageShsOutDil": 38900000, "link": "https://www.sec.gov/Archives/edgar/data/82811/000095012311021291/0000950123-11-021291-index.htm", "finalLink": "https://www.sec.gov/Archives/edgar/data/82811/000095012311021291/c11957e10vk.htm", "calculatedOtherExpenses": 311615000, "calculatedOperatingExpenses": 311615000, "calculatedNetInterest": -17006000, "calculatedOtherIncome": 0, "calculatedIncomeNonControlling": 5305000, "calculatedEbitda": 310604000}, {"date": "2009-12-31", "symbol": "RRX", "reportedCurrency": "USD", "cik": "0000082811", "fillingDate": "2009-12-31", "acceptedDate": "2009-12-30 19:00:00", "calendarYear": "2009", "period": "FY", "revenue": 1826277000, "costOfRevenue": 1402053000, "grossProfit": 424224000, "grossProfitRatio": 0.2322889682, "researchAndDevelopmentExpenses": 0, "generalAndAdministrativeExpenses": 0, "sellingAndMarketingExpenses": 0, "sellingGeneralAndAdministrativeExpenses": 0, "otherExpenses": 264704000, "operatingExpenses": 264704000, "costAndExpenses": 1666757000, "interestIncome": 1719000, "interestExpense": 23284000, "depreciationAndAmortization": 69144000, "ebitda": 230383000, "ebitdaratio": 0.1261489905, "operatingIncome": 159520000, "operatingIncomeRatio": 0.0873471001, "totalOtherIncomeExpensesNet": -21565000, "incomeBeforeTax": 137955000, "incomeBeforeTaxRatio": 0.0755389243, "incomeTaxExpense": 39276000, "netIncome": 95048000, "netIncomeRatio": 0.0520446789, "eps": 2.76, "epsdiluted": 2.63, "weightedAverageShsOut": 34498674, "weightedAverageShsOutDil": 36131607, "link": "", "finalLink": "", "calculatedOtherExpenses": 264704000, "calculatedOperatingExpenses": 264704000, "calculatedNetInterest": -21565000, "calculatedOtherIncome": 0, "calculatedIncomeNonControlling": 3631000, "calculatedEbitda": 228664000}, {"date": "2008-12-27", "symbol": "RRX", "reportedCurrency": "USD", "cik": "0000082811", "fillingDate": "2009-02-25", "acceptedDate": "2009-02-25 16:07:29", "calendarYear": "2008", "period": "FY", "revenue": 2246249000, "costOfRevenue": 1745569000, "grossProfit": 500680000, "grossProfitRatio": 0.2228960369, "researchAndDevelopmentExpenses": 0, "generalAndAdministrativeExpenses": 0, "sellingAndMarketingExpenses": 0, "sellingGeneralAndAdministrativeExpenses": 0, "otherExpenses": 270249000, "operatingExpenses": 270249000, "costAndExpenses": 2015818000, "interestIncome": 1479000, "interestExpense": 27709000, "depreciationAndAmortization": 61457000, "ebitda": 293367000, "ebitdaratio": 0.1306030632, "operatingIncome": 230431000, "operatingIncomeRatio": 0.102584798, "totalOtherIncomeExpensesNet": -26230000, "incomeBeforeTax": 204201000, "incomeBeforeTaxRatio": 0.090907553, "incomeTaxExpense": 72225000, "netIncome": 128587000, "netIncomeRatio": 0.0572452119, "eps": 4, "epsdiluted": 3.78, "weightedAverageShsOut": 31343330, "weightedAverageShsOutDil": 33250689, "link": "https://www.sec.gov/Archives/edgar/data/82811/000008281109000004/0000082811-09-000004-index.htm", "finalLink": "https://www.sec.gov/Archives/edgar/data/82811/000008281109000004/form10k.htm", "calculatedOtherExpenses": 270249000, "calculatedOperatingExpenses": 270249000, "calculatedNetInterest": -26230000, "calculatedOtherIncome": 0, "calculatedIncomeNonControlling": 3389000, "calculatedEbitda": 291888000}, {"date": "2007-12-29", "symbol": "RRX", "reportedCurrency": "USD", "cik": "0000082811", "fillingDate": "2008-02-27", "acceptedDate": "2008-02-27 16:48:01", "calendarYear": "2007", "period": "FY", "revenue": 1802497000, "costOfRevenue": 1389144000, "grossProfit": 413353000, "grossProfitRatio": 0.2293224344, "researchAndDevelopmentExpenses": 0, "generalAndAdministrativeExpenses": 0, "sellingAndMarketingExpenses": 0, "sellingGeneralAndAdministrativeExpenses": 207293000, "otherExpenses": 0, "operatingExpenses": 207293000, "costAndExpenses": 1596437000, "interestIncome": 0, "interestExpense": 24030000, "depreciationAndAmortization": 46619000, "ebitda": 252679000, "ebitdaratio": 0.1401827576, "operatingIncome": 206060000, "operatingIncomeRatio": 0.1143191917, "totalOtherIncomeExpensesNet": -21123000, "incomeBeforeTax": 184937000, "incomeBeforeTaxRatio": 0.1026004482, "incomeTaxExpense": 63683000, "netIncome": 118347000, "netIncomeRatio": 0.0656572521, "eps": 3.79, "epsdiluted": 3.49, "weightedAverageShsOut": 31252145, "weightedAverageShsOutDil": 33920886, "link": "https://www.sec.gov/Archives/edgar/data/82811/000008281108000005/0000082811-08-000005-index.htm", "finalLink": "https://www.sec.gov/Archives/edgar/data/82811/000008281108000005/form10k.htm", "calculatedOtherExpenses": 0, "calculatedOperatingExpenses": 207293000, "calculatedNetInterest": -24030000, "calculatedOtherIncome": 2907000, "calculatedIncomeNonControlling": 2907000, "calculatedEbitda": 252679000}, {"date": "2006-12-31", "symbol": "RRX", "reportedCurrency": "USD", "cik": "0000082811", "fillingDate": "2006-12-31", "acceptedDate": "2006-12-30 19:00:00", "calendarYear": "2006", "period": "FY", "revenue": 1619545000, "costOfRevenue": 1230174000, "grossProfit": 389371000, "grossProfitRatio": 0.2404199945, "researchAndDevelopmentExpenses": 0, "generalAndAdministrativeExpenses": 0, "sellingAndMarketingExpenses": 0, "sellingGeneralAndAdministrativeExpenses": 195354000, "otherExpenses": 0, "operatingExpenses": 195354000, "costAndExpenses": 1425528000, "interestIncome": 0, "interestExpense": 22160000, "depreciationAndAmortization": 37682000, "ebitda": 231699000, "ebitdaratio": 0.1430642557, "operatingIncome": 194017000, "operatingIncomeRatio": 0.119797227, "totalOtherIncomeExpensesNet": -19175000, "incomeBeforeTax": 174842000, "incomeBeforeTaxRatio": 0.1079574819, "incomeTaxExpense": 62051000, "netIncome": 109806000, "netIncomeRatio": 0.0678005242, "eps": 3.56, "epsdiluted": 3.28, "weightedAverageShsOut": 30846854, "weightedAverageShsOutDil": 33504190, "link": "", "finalLink": "", "calculatedOtherExpenses": 0, "calculatedOperatingExpenses": 195354000, "calculatedNetInterest": -22160000, "calculatedOtherIncome": 2985000, "calculatedIncomeNonControlling": 2985000, "calculatedEbitda": 231699000}, {"date": "2005-12-31", "symbol": "RRX", "reportedCurrency": "USD", "cik": "0000082811", "fillingDate": "2005-12-31", "acceptedDate": "2005-12-30 19:00:00", "calendarYear": "2005", "period": "FY", "revenue": 1428707000, "costOfRevenue": 1117943000, "grossProfit": 310764000, "grossProfitRatio": 0.2175141579, "researchAndDevelopmentExpenses": 0, "generalAndAdministrativeExpenses": 0, "sellingAndMarketingExpenses": 0, "sellingGeneralAndAdministrativeExpenses": 176192000, "otherExpenses": 0, "operatingExpenses": 176192000, "costAndExpenses": 1294135000, "interestIncome": 0, "interestExpense": 25186000, "depreciationAndAmortization": 37627000, "ebitda": 172199000, "ebitdaratio": 0.1205278619, "operatingIncome": 134572000, "operatingIncomeRatio": 0.0941914612, "totalOtherIncomeExpensesNet": -21648000, "incomeBeforeTax": 112924000, "incomeBeforeTaxRatio": 0.0790392992, "incomeTaxExpense": 39829000, "netIncome": 69557000, "netIncomeRatio": 0.0486852798, "eps": 2.34, "epsdiluted": 2.25, "weightedAverageShsOut": 29675206, "weightedAverageShsOutDil": 30878981, "link": "", "finalLink": "", "calculatedOtherExpenses": 0, "calculatedOperatingExpenses": 176192000, "calculatedNetInterest": -25186000, "calculatedOtherIncome": 3538000, "calculatedIncomeNonControlling": 3538000, "calculatedEbitda": 172199000}, {"date": "2004-12-31", "symbol": "RRX", "reportedCurrency": "USD", "cik": "0000082811", "fillingDate": "2005-03-16", "acceptedDate": "2005-03-16 14:54:58", "calendarYear": "2004", "period": "FY", "revenue": 756557000, "costOfRevenue": 589497000, "grossProfit": 167060000, "grossProfitRatio": 0.2208161447, "researchAndDevelopmentExpenses": 0, "generalAndAdministrativeExpenses": 0, "sellingAndMarketingExpenses": 0, "sellingGeneralAndAdministrativeExpenses": 111898000, "otherExpenses": 111898000, "operatingExpenses": 111898000, "costAndExpenses": 701395000, "interestIncome": 183000, "interestExpense": 9000000, "depreciationAndAmortization": 21613000, "ebitda": 76775000, "ebitdaratio": 0.1014794655, "operatingIncome": 55162000, "operatingIncomeRatio": 0.072911889, "totalOtherIncomeExpensesNet": -6604000, "incomeBeforeTax": 48558000, "incomeBeforeTaxRatio": 0.0641828706, "incomeTaxExpense": 15728000, "netIncome": 30434000, "netIncomeRatio": 0.0402269756, "eps": 1.24, "epsdiluted": 1.22, "weightedAverageShsOut": 24602868, "weightedAverageShsOutDil": 24904287, "link": "https://www.sec.gov/Archives/edgar/data/82811/000120677405000363/0001206774-05-000363-index.htm", "finalLink": "https://www.sec.gov/Archives/edgar/data/82811/000120677405000363/rb911071.htm", "calculatedOtherExpenses": 0, "calculatedOperatingExpenses": 111898000, "calculatedNetInterest": -8817000, "calculatedOtherIncome": 2213000, "calculatedIncomeNonControlling": 2396000, "calculatedEbitda": 76775000}, {"date": "2003-12-31", "symbol": "RRX", "reportedCurrency": "USD", "cik": "0000082811", "fillingDate": "2004-03-12", "acceptedDate": "2004-03-12 10:01:53", "calendarYear": "2003", "period": "FY", "revenue": 619098000, "costOfRevenue": 472343000, "grossProfit": 146755000, "grossProfitRatio": 0.2370464773, "researchAndDevelopmentExpenses": 0, "generalAndAdministrativeExpenses": 0, "sellingAndMarketingExpenses": 0, "sellingGeneralAndAdministrativeExpenses": 99529000, "otherExpenses": 99529000, "operatingExpenses": 99529000, "costAndExpenses": 571872000, "interestIncome": 79000, "interestExpense": 7228000, "depreciationAndAmortization": 22072000, "ebitda": 69298000, "ebitdaratio": 0.1119338134, "operatingIncome": 47226000, "operatingIncomeRatio": 0.0762819457, "totalOtherIncomeExpensesNet": -6383000, "incomeBeforeTax": 40843000, "incomeBeforeTaxRatio": 0.0659717848, "incomeTaxExpense": 14792000, "netIncome": 25206000, "netIncomeRatio": 0.0407140711, "eps": 1.01, "epsdiluted": 1, "weightedAverageShsOut": 25029942, "weightedAverageShsOutDil": 25246088, "link": "https://www.sec.gov/Archives/edgar/data/82811/000120677404000134/0001206774-04-000134-index.htm", "finalLink": "https://www.sec.gov/Archives/edgar/data/82811/000120677404000134/d14125.htm", "calculatedOtherExpenses": 0, "calculatedOperatingExpenses": 99529000, "calculatedNetInterest": -7149000, "calculatedOtherIncome": 766000, "calculatedIncomeNonControlling": 845000, "calculatedEbitda": 69298000}, {"date": "2002-12-31", "symbol": "RRX", "reportedCurrency": "USD", "cik": "0000082811", "fillingDate": "2003-03-11", "acceptedDate": "2003-03-11 12:32:57", "calendarYear": "2002", "period": "FY", "revenue": 605292000, "costOfRevenue": 462149000, "grossProfit": 143143000, "grossProfitRatio": 0.2364858614, "researchAndDevelopmentExpenses": 0, "generalAndAdministrativeExpenses": 0, "sellingAndMarketingExpenses": 0, "sellingGeneralAndAdministrativeExpenses": 96363000, "otherExpenses": 0, "operatingExpenses": 96363000, "costAndExpenses": 558512000, "interestIncome": 0, "interestExpense": 9250000, "depreciationAndAmortization": 23174000, "ebitda": 69954000, "ebitdaratio": 0.1155706667, "operatingIncome": 46780000, "operatingIncomeRatio": 0.0772850129, "totalOtherIncomeExpensesNet": -9250000, "incomeBeforeTax": 37530000, "incomeBeforeTaxRatio": 0.0620031324, "incomeTaxExpense": 13012000, "netIncome": 24518000, "netIncomeRatio": 0.0405060698, "eps": 1.01, "epsdiluted": 1.01, "weightedAverageShsOut": 24186839, "weightedAverageShsOutDil": 24310165, "link": "https://www.sec.gov/Archives/edgar/data/82811/000120677403000132/0001206774-03-000132-index.htm", "finalLink": "https://www.sec.gov/Archives/edgar/data/82811/000120677403000132/d12132.htm", "calculatedOtherExpenses": 0, "calculatedOperatingExpenses": 96363000, "calculatedNetInterest": -9250000, "calculatedOtherIncome": 0, "calculatedIncomeNonControlling": 0, "calculatedEbitda": 69954000}, {"date": "2001-12-31", "symbol": "RRX", "reportedCurrency": "USD", "cik": "0000082811", "fillingDate": "2002-03-27", "acceptedDate": "2002-03-27 00:00:00", "calendarYear": "2001", "period": "FY", "revenue": 663571000, "costOfRevenue": 497694000, "grossProfit": 165877000, "grossProfitRatio": 0.2499762648, "researchAndDevelopmentExpenses": 0, "generalAndAdministrativeExpenses": 0, "sellingAndMarketingExpenses": 0, "sellingGeneralAndAdministrativeExpenses": 109817000, "otherExpenses": 0, "operatingExpenses": 109817000, "costAndExpenses": 607511000, "interestIncome": 0, "interestExpense": 22018000, "depreciationAndAmortization": 31798000, "ebitda": 87858000, "ebitdaratio": 0.1324018078, "operatingIncome": 56060000, "operatingIncomeRatio": 0.0844822935, "totalOtherIncomeExpensesNet": -22018000, "incomeBeforeTax": 34042000, "incomeBeforeTaxRatio": 0.0513012172, "incomeTaxExpense": 14452000, "netIncome": 19590000, "netIncomeRatio": 0.0295220858, "eps": 0.94, "epsdiluted": 0.93, "weightedAverageShsOut": 20868896, "weightedAverageShsOutDil": 21124204, "link": "https://www.sec.gov/Archives/edgar/data/82811/000089706902000244/0000897069-02-000244-index.htm", "finalLink": "https://www.sec.gov/Archives/edgar/data/82811/000089706902000244/slp254.txt", "calculatedOtherExpenses": 0, "calculatedOperatingExpenses": 109817000, "calculatedNetInterest": -22018000, "calculatedOtherIncome": 0, "calculatedIncomeNonControlling": 0, "calculatedEbitda": 87858000}, {"date": "2000-12-31", "symbol": "RRX", "reportedCurrency": "USD", "cik": "0000082811", "fillingDate": "2001-03-16", "acceptedDate": "2001-03-16 00:00:00", "calendarYear": "2000", "period": "FY", "revenue": 598203000, "costOfRevenue": 415225000, "grossProfit": 182978000, "grossProfitRatio": 0.3058794423, "researchAndDevelopmentExpenses": 0, "generalAndAdministrativeExpenses": 0, "sellingAndMarketingExpenses": 0, "sellingGeneralAndAdministrativeExpenses": 85821000, "otherExpenses": 25549000, "operatingExpenses": 111370000, "costAndExpenses": 526595000, "interestIncome": 0, "interestExpense": 15058000, "depreciationAndAmortization": 25549000, "ebitda": 97157000, "ebitdaratio": 0.1624147656, "operatingIncome": 71608000, "operatingIncomeRatio": 0.1197051837, "totalOtherIncomeExpensesNet": -15058000, "incomeBeforeTax": 56550000, "incomeBeforeTaxRatio": 0.0945331267, "incomeTaxExpense": 22779000, "netIncome": 33771000, "netIncomeRatio": 0.05645408, "eps": 1.61, "epsdiluted": 1.61, "weightedAverageShsOut": 20984423, "weightedAverageShsOutDil": 20996189, "link": "https://www.sec.gov/Archives/edgar/data/82811/000008281101500015/0000082811-01-500015-index.htm", "finalLink": "https://www.sec.gov/Archives/edgar/data/82811/000008281101500015/tk102.htm", "calculatedOtherExpenses": 25549000, "calculatedOperatingExpenses": 111370000, "calculatedNetInterest": -15058000, "calculatedOtherIncome": 0, "calculatedIncomeNonControlling": 0, "calculatedEbitda": 97157000}, {"date": "1999-12-31", "symbol": "RRX", "reportedCurrency": "USD", "cik": "0000082811", "fillingDate": "2000-03-15", "acceptedDate": "2000-03-15 00:00:00", "calendarYear": "1999", "period": "FY", "revenue": 544600000, "costOfRevenue": 370100000, "grossProfit": 174500000, "grossProfitRatio": 0.3204186559, "researchAndDevelopmentExpenses": 0, "generalAndAdministrativeExpenses": 0, "sellingAndMarketingExpenses": 0, "sellingGeneralAndAdministrativeExpenses": 79000000, "otherExpenses": 23100000, "operatingExpenses": 102100000, "costAndExpenses": 472200000, "interestIncome": 0, "interestExpense": 9100000, "depreciationAndAmortization": 23100000, "ebitda": 95500000, "ebitdaratio": 0.175358061, "operatingIncome": 72400000, "operatingIncomeRatio": 0.1329416085, "totalOtherIncomeExpensesNet": -9100000, "incomeBeforeTax": 63300000, "incomeBeforeTaxRatio": 0.116232097, "incomeTaxExpense": 25200000, "netIncome": 38100000, "netIncomeRatio": 0.0699596034, "eps": 1.82, "epsdiluted": 1.8, "weightedAverageShsOut": 20959182, "weightedAverageShsOutDil": 21169580, "link": "https://www.sec.gov/Archives/edgar/data/82811/000008281100000013/0000082811-00-000013-index.html", "finalLink": "https://www.sec.gov/Archives/edgar/data/82811/000008281100000013/", "calculatedOtherExpenses": 23100000, "calculatedOperatingExpenses": 102100000, "calculatedNetInterest": -9100000, "calculatedOtherIncome": 0, "calculatedIncomeNonControlling": 0, "calculatedEbitda": 95500000}, {"date": "1998-12-31", "symbol": "RRX", "reportedCurrency": "USD", "cik": "0000082811", "fillingDate": "1999-03-15", "acceptedDate": "1999-03-15 00:00:00", "calendarYear": "1998", "period": "FY", "revenue": 543500000, "costOfRevenue": 363700000, "grossProfit": 179800000, "grossProfitRatio": 0.3308187672, "researchAndDevelopmentExpenses": 0, "generalAndAdministrativeExpenses": 0, "sellingAndMarketingExpenses": 0, "sellingGeneralAndAdministrativeExpenses": 76700000, "otherExpenses": 22000000, "operatingExpenses": 98700000, "costAndExpenses": 462400000, "interestIncome": 0, "interestExpense": 11100000, "depreciationAndAmortization": 22000000, "ebitda": 102800000, "ebitdaratio": 0.1891444342, "operatingIncome": 81100000, "operatingIncomeRatio": 0.1492180313, "totalOtherIncomeExpensesNet": 300000, "incomeBeforeTax": 70000000, "incomeBeforeTaxRatio": 0.1287948482, "incomeTaxExpense": 27000000, "netIncome": 43000000, "netIncomeRatio": 0.0791168353, "eps": 2.06, "epsdiluted": 2.02, "weightedAverageShsOut": 20893182, "weightedAverageShsOutDil": 21278497, "link": "https://www.sec.gov/Archives/edgar/data/82811/000008281199000007/0000082811-99-000007-index.html", "finalLink": "https://www.sec.gov/Archives/edgar/data/82811/", "calculatedOtherExpenses": 22000000, "calculatedOperatingExpenses": 98700000, "calculatedNetInterest": -11100000, "calculatedOtherIncome": 0, "calculatedIncomeNonControlling": 0, "calculatedEbitda": 103100000}, {"date": "1997-12-31", "symbol": "RRX", "reportedCurrency": "USD", "cik": "0000082811", "fillingDate": "1998-03-13", "acceptedDate": "1998-03-13 00:00:00", "calendarYear": "1997", "period": "FY", "revenue": 487000000, "costOfRevenue": 327100000, "grossProfit": 159900000, "grossProfitRatio": 0.3283367556, "researchAndDevelopmentExpenses": 0, "generalAndAdministrativeExpenses": 0, "sellingAndMarketingExpenses": 0, "sellingGeneralAndAdministrativeExpenses": 66600000, "otherExpenses": 18900000, "operatingExpenses": 85500000, "costAndExpenses": 412600000, "interestIncome": 0, "interestExpense": 10000000, "depreciationAndAmortization": 18900000, "ebitda": 92500000, "ebitdaratio": 0.1899383984, "operatingIncome": 74400000, "operatingIncomeRatio": 0.1527720739, "totalOtherIncomeExpensesNet": 800000, "incomeBeforeTax": 64400000, "incomeBeforeTaxRatio": 0.132238193, "incomeTaxExpense": 25500000, "netIncome": 38900000, "netIncomeRatio": 0.0798767967, "eps": 1.87, "epsdiluted": 1.83, "weightedAverageShsOut": 20802139, "weightedAverageShsOutDil": 21256831, "link": "https://www.sec.gov/Archives/edgar/data/82811/000008281198000004/0000082811-98-000004-index.html", "finalLink": "https://www.sec.gov/Archives/edgar/data/82811/", "calculatedOtherExpenses": 18900000, "calculatedOperatingExpenses": 85500000, "calculatedNetInterest": -10000000, "calculatedOtherIncome": 0, "calculatedIncomeNonControlling": 0, "calculatedEbitda": 93300000}, {"date": "1996-12-31", "symbol": "RRX", "reportedCurrency": "USD", "cik": "0000082811", "fillingDate": "1997-03-13", "acceptedDate": "1997-03-13 00:00:00", "calendarYear": "1996", "period": "FY", "revenue": 281500000, "costOfRevenue": 188000000, "grossProfit": 93500000, "grossProfitRatio": 0.3321492007, "researchAndDevelopmentExpenses": 0, "generalAndAdministrativeExpenses": 0, "sellingAndMarketingExpenses": 0, "sellingGeneralAndAdministrativeExpenses": 31800000, "otherExpenses": 10600000, "operatingExpenses": 42400000, "costAndExpenses": 230400000, "interestIncome": 0, "interestExpense": -700000, "depreciationAndAmortization": 10600000, "ebitda": 60600000, "ebitdaratio": 0.2152753108, "operatingIncome": 51100000, "operatingIncomeRatio": 0.1815275311, "totalOtherIncomeExpensesNet": 1100000, "incomeBeforeTax": 51800000, "incomeBeforeTaxRatio": 0.1840142096, "incomeTaxExpense": 19500000, "netIncome": 32300000, "netIncomeRatio": 0.1147424512, "eps": 1.57, "epsdiluted": 1.57, "weightedAverageShsOut": 20616825, "weightedAverageShsOutDil": 21101695, "link": "https://www.sec.gov/Archives/edgar/data/82811/000008281197000004/0000082811-97-000004-index.html", "finalLink": "https://www.sec.gov/Archives/edgar/data/82811/", "calculatedOtherExpenses": 10600000, "calculatedOperatingExpenses": 42400000, "calculatedNetInterest": 700000, "calculatedOtherIncome": 0, "calculatedIncomeNonControlling": 0, "calculatedEbitda": 61700000}, {"date": "1995-12-31", "symbol": "RRX", "reportedCurrency": "USD", "cik": "0000082811", "fillingDate": "1996-03-20", "acceptedDate": "1996-03-20 00:00:00", "calendarYear": "1995", "period": "FY", "revenue": 295900000, "costOfRevenue": 199200000, "grossProfit": 96700000, "grossProfitRatio": 0.3267995945, "researchAndDevelopmentExpenses": 0, "generalAndAdministrativeExpenses": 0, "sellingAndMarketingExpenses": 0, "sellingGeneralAndAdministrativeExpenses": 32900000, "otherExpenses": 10200000, "operatingExpenses": 43100000, "costAndExpenses": 242300000, "interestIncome": 0, "interestExpense": 500000, "depreciationAndAmortization": 10200000, "ebitda": 63500000, "ebitdaratio": 0.2145995269, "operatingIncome": 53600000, "operatingIncomeRatio": 0.1811422778, "totalOtherIncomeExpensesNet": 300000, "incomeBeforeTax": 53100000, "incomeBeforeTaxRatio": 0.1794525177, "incomeTaxExpense": 20300000, "netIncome": 32800000, "netIncomeRatio": 0.1108482595, "eps": 1.6, "epsdiluted": 1.6, "weightedAverageShsOut": 20508890, "weightedAverageShsOutDil": 20508890, "link": "https://www.sec.gov/Archives/edgar/data/82811/000008281196000010/0000082811-96-000010-index.html", "finalLink": "https://www.sec.gov/Archives/edgar/data/82811/", "calculatedOtherExpenses": 10200000, "calculatedOperatingExpenses": 43100000, "calculatedNetInterest": -500000, "calculatedOtherIncome": 0, "calculatedIncomeNonControlling": 0, "calculatedEbitda": 63800000}, {"date": "1994-12-31", "symbol": "RRX", "reportedCurrency": "USD", "cik": "0000082811", "fillingDate": "1995-06-29", "acceptedDate": "1995-06-29 00:00:00", "calendarYear": "1994", "period": "FY", "revenue": 242700000, "costOfRevenue": 162100000, "grossProfit": 80600000, "grossProfitRatio": 0.3320972394, "researchAndDevelopmentExpenses": 0, "generalAndAdministrativeExpenses": 0, "sellingAndMarketingExpenses": 0, "sellingGeneralAndAdministrativeExpenses": 32600000, "otherExpenses": 9000000, "operatingExpenses": 41600000, "costAndExpenses": 203700000, "interestIncome": 0, "interestExpense": 900000, "depreciationAndAmortization": 9000000, "ebitda": 47900000, "ebitdaratio": 0.1973629996, "operatingIncome": 39000000, "operatingIncomeRatio": 0.1606922126, "totalOtherIncomeExpensesNet": 100000, "incomeBeforeTax": 38100000, "incomeBeforeTaxRatio": 0.1569839308, "incomeTaxExpense": 15000000, "netIncome": 23100000, "netIncomeRatio": 0.0951792336, "eps": 1.13, "epsdiluted": 1.11, "weightedAverageShsOut": 20442478, "weightedAverageShsOutDil": 20810811, "link": "https://www.sec.gov/Archives/edgar/data/82811/000008281195000011/0000082811-95-000011-index.html", "finalLink": "https://www.sec.gov/Archives/edgar/data/82811/", "calculatedOtherExpenses": 9000000, "calculatedOperatingExpenses": 41600000, "calculatedNetInterest": -900000, "calculatedOtherIncome": 0, "calculatedIncomeNonControlling": 0, "calculatedEbitda": 48000000}, {"date": "1993-12-31", "symbol": "RRX", "reportedCurrency": "USD", "cik": "0000082811", "fillingDate": "1993-12-31", "acceptedDate": "1993-12-30 19:00:00", "calendarYear": "1993", "period": "FY", "revenue": 219900000, "costOfRevenue": 153900000, "grossProfit": 66000000, "grossProfitRatio": 0.3001364256, "researchAndDevelopmentExpenses": 0, "generalAndAdministrativeExpenses": 0, "sellingAndMarketingExpenses": 0, "sellingGeneralAndAdministrativeExpenses": 32200000, "otherExpenses": 8700000, "operatingExpenses": 40900000, "costAndExpenses": 194800000, "interestIncome": 0, "interestExpense": 1500000, "depreciationAndAmortization": 8700000, "ebitda": 33700000, "ebitdaratio": 0.1532514779, "operatingIncome": 25100000, "operatingIncomeRatio": 0.1141427922, "totalOtherIncomeExpensesNet": 100000, "incomeBeforeTax": 23700000, "incomeBeforeTaxRatio": 0.1077762619, "incomeTaxExpense": 9300000, "netIncome": 14300000, "netIncomeRatio": 0.0650295589, "eps": 0.69, "epsdiluted": 0.68, "weightedAverageShsOut": 20724638, "weightedAverageShsOutDil": 21029412, "link": "", "finalLink": "", "calculatedOtherExpenses": 8700000, "calculatedOperatingExpenses": 40900000, "calculatedNetInterest": -1500000, "calculatedOtherIncome": 100000, "calculatedIncomeNonControlling": 100000, "calculatedEbitda": 33800000}, {"date": "1992-12-31", "symbol": "RRX", "reportedCurrency": "USD", "cik": "0000082811", "fillingDate": "1992-12-31", "acceptedDate": "1992-12-30 19:00:00", "calendarYear": "1992", "period": "FY", "revenue": 199800000, "costOfRevenue": 146000000, "grossProfit": 53800000, "grossProfitRatio": 0.2692692693, "researchAndDevelopmentExpenses": 0, "generalAndAdministrativeExpenses": 0, "sellingAndMarketingExpenses": 0, "sellingGeneralAndAdministrativeExpenses": 29900000, "otherExpenses": 7000000, "operatingExpenses": 36900000, "costAndExpenses": 182900000, "interestIncome": 0, "interestExpense": 1600000, "depreciationAndAmortization": 7000000, "ebitda": 23700000, "ebitdaratio": 0.1186186186, "operatingIncome": 16900000, "operatingIncomeRatio": 0.0845845846, "totalOtherIncomeExpensesNet": 200000, "incomeBeforeTax": 15300000, "incomeBeforeTaxRatio": 0.0765765766, "incomeTaxExpense": 5800000, "netIncome": 9500000, "netIncomeRatio": 0.0475475475, "eps": 0.47, "epsdiluted": 0.47, "weightedAverageShsOut": 20212766, "weightedAverageShsOutDil": 20212766, "link": "", "finalLink": "", "calculatedOtherExpenses": 7000000, "calculatedOperatingExpenses": 36900000, "calculatedNetInterest": -1600000, "calculatedOtherIncome": 0, "calculatedIncomeNonControlling": 0, "calculatedEbitda": 23900000}, {"date": "1991-12-31", "symbol": "RRX", "reportedCurrency": "USD", "cik": "0000082811", "fillingDate": "1991-12-31", "acceptedDate": "1991-12-30 19:00:00", "calendarYear": "1991", "period": "FY", "revenue": 152200000, "costOfRevenue": 114600000, "grossProfit": 37600000, "grossProfitRatio": 0.247043364, "researchAndDevelopmentExpenses": 0, "generalAndAdministrativeExpenses": 0, "sellingAndMarketingExpenses": 0, "sellingGeneralAndAdministrativeExpenses": 23200000, "otherExpenses": 4500000, "operatingExpenses": 27700000, "costAndExpenses": 142300000, "interestIncome": 0, "interestExpense": 1000000, "depreciationAndAmortization": 4500000, "ebitda": 13900000, "ebitdaratio": 0.0913272011, "operatingIncome": 9900000, "operatingIncomeRatio": 0.0650459921, "totalOtherIncomeExpensesNet": 500000, "incomeBeforeTax": 8900000, "incomeBeforeTaxRatio": 0.0584756899, "incomeTaxExpense": 3400000, "netIncome": 5500000, "netIncomeRatio": 0.0361366623, "eps": 0.28, "epsdiluted": 0.28, "weightedAverageShsOut": 19642857, "weightedAverageShsOutDil": 19642857, "link": "", "finalLink": "", "calculatedOtherExpenses": 4500000, "calculatedOperatingExpenses": 27700000, "calculatedNetInterest": -1000000, "calculatedOtherIncome": 0, "calculatedIncomeNonControlling": 0, "calculatedEbitda": 14400000}, {"date": "1990-12-31", "symbol": "RRX", "reportedCurrency": "USD", "cik": "0000082811", "fillingDate": "1990-12-31", "acceptedDate": "1990-12-30 19:00:00", "calendarYear": "1990", "period": "FY", "revenue": 168200000, "costOfRevenue": 123500000, "grossProfit": 44700000, "grossProfitRatio": 0.2657550535, "researchAndDevelopmentExpenses": 0, "generalAndAdministrativeExpenses": 0, "sellingAndMarketingExpenses": 0, "sellingGeneralAndAdministrativeExpenses": 22900000, "otherExpenses": 4000000, "operatingExpenses": 26900000, "costAndExpenses": 150400000, "interestIncome": 0, "interestExpense": 600000, "depreciationAndAmortization": 4000000, "ebitda": 20900000, "ebitdaratio": 0.1242568371, "operatingIncome": 17800000, "operatingIncomeRatio": 0.1058263971, "totalOtherIncomeExpensesNet": 900000, "incomeBeforeTax": 17200000, "incomeBeforeTaxRatio": 0.1022592152, "incomeTaxExpense": 6500000, "netIncome": 10700000, "netIncomeRatio": 0.0636147444, "eps": 0.53, "epsdiluted": 0.53, "weightedAverageShsOut": 20188679, "weightedAverageShsOutDil": 20188679, "link": "", "finalLink": "", "calculatedOtherExpenses": 4000000, "calculatedOperatingExpenses": 26900000, "calculatedNetInterest": -600000, "calculatedOtherIncome": 0, "calculatedIncomeNonControlling": 0, "calculatedEbitda": 21800000}, {"date": "1989-12-31", "symbol": "RRX", "reportedCurrency": "USD", "cik": "0000082811", "fillingDate": "1989-12-31", "acceptedDate": "1989-12-30 19:00:00", "calendarYear": "1989", "period": "FY", "revenue": 167400000, "costOfRevenue": 123600000, "grossProfit": 43800000, "grossProfitRatio": 0.2616487455, "researchAndDevelopmentExpenses": 0, "generalAndAdministrativeExpenses": 0, "sellingAndMarketingExpenses": 0, "sellingGeneralAndAdministrativeExpenses": 20200000, "otherExpenses": 3700000, "operatingExpenses": 23900000, "costAndExpenses": 147500000, "interestIncome": 0, "interestExpense": 1000000, "depreciationAndAmortization": 3700000, "ebitda": 23600000, "ebitdaratio": 0.1409796894, "operatingIncome": 19900000, "operatingIncomeRatio": 0.1188769415, "totalOtherIncomeExpensesNet": -1000000, "incomeBeforeTax": 18900000, "incomeBeforeTaxRatio": 0.1129032258, "incomeTaxExpense": 7400000, "netIncome": 11500000, "netIncomeRatio": 0.06869773, "eps": 0.58, "epsdiluted": 0.58, "weightedAverageShsOut": 19827586, "weightedAverageShsOutDil": 19827586, "link": "", "finalLink": "", "calculatedOtherExpenses": 3700000, "calculatedOperatingExpenses": 23900000, "calculatedNetInterest": -1000000, "calculatedOtherIncome": 0, "calculatedIncomeNonControlling": 0, "calculatedEbitda": 23600000}, {"date": "1988-12-31", "symbol": "RRX", "reportedCurrency": "USD", "cik": "0000082811", "fillingDate": "1988-12-31", "acceptedDate": "1988-12-30 19:00:00", "calendarYear": "1988", "period": "FY", "revenue": 148800000, "costOfRevenue": 107700000, "grossProfit": 41100000, "grossProfitRatio": 0.2762096774, "researchAndDevelopmentExpenses": 0, "generalAndAdministrativeExpenses": 0, "sellingAndMarketingExpenses": 0, "sellingGeneralAndAdministrativeExpenses": 17800000, "otherExpenses": 3300000, "operatingExpenses": 21100000, "costAndExpenses": 128800000, "interestIncome": 0, "interestExpense": 1800000, "depreciationAndAmortization": 3300000, "ebitda": 23300000, "ebitdaratio": 0.1565860215, "operatingIncome": 20000000, "operatingIncomeRatio": 0.1344086022, "totalOtherIncomeExpensesNet": -1800000, "incomeBeforeTax": 18200000, "incomeBeforeTaxRatio": 0.122311828, "incomeTaxExpense": 7000000, "netIncome": 11200000, "netIncomeRatio": 0.0752688172, "eps": 0.62, "epsdiluted": 0.62, "weightedAverageShsOut": 18064516, "weightedAverageShsOutDil": 18064516, "link": "", "finalLink": "", "calculatedOtherExpenses": 3300000, "calculatedOperatingExpenses": 21100000, "calculatedNetInterest": -1800000, "calculatedOtherIncome": 0, "calculatedIncomeNonControlling": 0, "calculatedEbitda": 23300000}, {"date": "1987-12-31", "symbol": "RRX", "reportedCurrency": "USD", "cik": "0000082811", "fillingDate": "1987-12-31", "acceptedDate": "1987-12-30 19:00:00", "calendarYear": "1987", "period": "FY", "revenue": 103800000, "costOfRevenue": 74000000, "grossProfit": 29800000, "grossProfitRatio": 0.2870905588, "researchAndDevelopmentExpenses": 0, "generalAndAdministrativeExpenses": 0, "sellingAndMarketingExpenses": 0, "sellingGeneralAndAdministrativeExpenses": 12300000, "otherExpenses": 3100000, "operatingExpenses": 15400000, "costAndExpenses": 89400000, "interestIncome": 0, "interestExpense": 800000, "depreciationAndAmortization": 3100000, "ebitda": 17500000, "ebitdaratio": 0.1685934489, "operatingIncome": 14400000, "operatingIncomeRatio": 0.1387283237, "totalOtherIncomeExpensesNet": -800000, "incomeBeforeTax": 13600000, "incomeBeforeTaxRatio": 0.1310211946, "incomeTaxExpense": 6000000, "netIncome": 7600000, "netIncomeRatio": 0.0732177264, "eps": 0.43, "epsdiluted": 0.43, "weightedAverageShsOut": 17674419, "weightedAverageShsOutDil": 17674419, "link": "", "finalLink": "", "calculatedOtherExpenses": 3100000, "calculatedOperatingExpenses": 15400000, "calculatedNetInterest": -800000, "calculatedOtherIncome": 0, "calculatedIncomeNonControlling": 0, "calculatedEbitda": 17500000}, {"date": "1986-12-31", "symbol": "RRX", "reportedCurrency": "USD", "cik": "0000082811", "fillingDate": "1986-12-31", "acceptedDate": "1986-12-30 19:00:00", "calendarYear": "1986", "period": "FY", "revenue": 78100000, "costOfRevenue": 53500000, "grossProfit": 24600000, "grossProfitRatio": 0.3149807939, "researchAndDevelopmentExpenses": 0, "generalAndAdministrativeExpenses": 0, "sellingAndMarketingExpenses": 0, "sellingGeneralAndAdministrativeExpenses": 10500000, "otherExpenses": 2700000, "operatingExpenses": 13200000, "costAndExpenses": 66700000, "interestIncome": 0, "interestExpense": 1100000, "depreciationAndAmortization": 2700000, "ebitda": 14100000, "ebitdaratio": 0.1805377721, "operatingIncome": 11400000, "operatingIncomeRatio": 0.1459667093, "totalOtherIncomeExpensesNet": -1100000, "incomeBeforeTax": 10300000, "incomeBeforeTaxRatio": 0.1318822023, "incomeTaxExpense": 4900000, "netIncome": 5400000, "netIncomeRatio": 0.0691421255, "eps": 0.35, "epsdiluted": 0.35, "weightedAverageShsOut": 15428571, "weightedAverageShsOutDil": 15428571, "link": "", "finalLink": "", "calculatedOtherExpenses": 2700000, "calculatedOperatingExpenses": 13200000, "calculatedNetInterest": -1100000, "calculatedOtherIncome": 0, "calculatedIncomeNonControlling": 0, "calculatedEbitda": 14100000}, {"date": "1985-12-31", "symbol": "RRX", "reportedCurrency": "USD", "cik": "0000082811", "fillingDate": "1985-12-31", "acceptedDate": "1985-12-30 19:00:00", "calendarYear": "1985", "period": "FY", "revenue": 55400000, "costOfRevenue": 38300000, "grossProfit": 17100000, "grossProfitRatio": 0.3086642599, "researchAndDevelopmentExpenses": 0, "generalAndAdministrativeExpenses": 0, "sellingAndMarketingExpenses": 0, "sellingGeneralAndAdministrativeExpenses": 7800000, "otherExpenses": 2200000, "operatingExpenses": 10000000, "costAndExpenses": 48300000, "interestIncome": 0, "interestExpense": 700000, "depreciationAndAmortization": 2200000, "ebitda": 9300000, "ebitdaratio": 0.1678700361, "operatingIncome": 7100000, "operatingIncomeRatio": 0.1281588448, "totalOtherIncomeExpensesNet": -700000, "incomeBeforeTax": 6400000, "incomeBeforeTaxRatio": 0.1155234657, "incomeTaxExpense": 3000000, "netIncome": 3400000, "netIncomeRatio": 0.0613718412, "eps": 0.24, "epsdiluted": 0.24, "weightedAverageShsOut": 14166667, "weightedAverageShsOutDil": 14166667, "link": "", "finalLink": "", "calculatedOtherExpenses": 2200000, "calculatedOperatingExpenses": 10000000, "calculatedNetInterest": -700000, "calculatedOtherIncome": 0, "calculatedIncomeNonControlling": 0, "calculatedEbitda": 9300000}]}