{"originalCurrency": "USD", "convertedCurrency": "USD", "report": [{"date": "2023-12-31", "symbol": "RS", "reportedCurrency": "USD", "cik": "0000861884", "fillingDate": "2024-02-29", "acceptedDate": "2024-02-29 15:16:15", "calendarYear": "2023", "period": "FY", "revenue": 14805900000, "costOfRevenue": 10504000000, "grossProfit": 4301900000, "grossProfitRatio": 0.2905530903, "researchAndDevelopmentExpenses": 0, "generalAndAdministrativeExpenses": 2579300000, "sellingAndMarketingExpenses": -16900000, "sellingGeneralAndAdministrativeExpenses": 2562400000, "otherExpenses": -787700000, "operatingExpenses": 2562400000, "costAndExpenses": 13066400000, "interestIncome": 35200000, "interestExpense": 40100000, "depreciationAndAmortization": 245400000, "ebitda": 1984900000, "ebitdaratio": 0.1340614215, "operatingIncome": 1739500000, "operatingIncomeRatio": 0.1174869478, "totalOtherIncomeExpensesNet": 1200000, "incomeBeforeTax": 1740700000, "incomeBeforeTaxRatio": 0.1175679965, "incomeTaxExpense": 400600000, "netIncome": 1335900000, "netIncomeRatio": 0.0902275444, "eps": 22.9, "epsdiluted": 22.64, "weightedAverageShsOut": 58328000, "weightedAverageShsOutDil": 59015000, "link": "https://www.sec.gov/Archives/edgar/data/861884/000155837024002166/0001558370-24-002166-index.htm", "finalLink": "https://www.sec.gov/Archives/edgar/data/861884/000155837024002166/rs-20231231x10k.htm", "calculatedOtherExpenses": 0, "calculatedOperatingExpenses": 2562400000, "calculatedNetInterest": -4900000, "calculatedOtherIncome": 6100000, "calculatedIncomeNonControlling": 4200000, "calculatedEbitda": 1984900000}, {"date": "2022-12-31", "symbol": "RS", "reportedCurrency": "USD", "cik": "0000861884", "fillingDate": "2023-02-28", "acceptedDate": "2023-02-28 16:23:01", "calendarYear": "2022", "period": "FY", "revenue": 17025000000, "costOfRevenue": 11773700000, "grossProfit": 5251300000, "grossProfitRatio": 0.3084464023, "researchAndDevelopmentExpenses": 0, "generalAndAdministrativeExpenses": 2519900000, "sellingAndMarketingExpenses": -15700000, "sellingGeneralAndAdministrativeExpenses": 2504200000, "otherExpenses": 240200000, "operatingExpenses": 2744400000, "costAndExpenses": 14518100000, "interestIncome": 9300000, "interestExpense": 62300000, "depreciationAndAmortization": 226000000, "ebitda": 2732900000, "ebitdaratio": 0.1605227606, "operatingIncome": 2506900000, "operatingIncomeRatio": 0.1472481645, "totalOtherIncomeExpensesNet": -76500000, "incomeBeforeTax": 2430400000, "incomeBeforeTaxRatio": 0.1427547724, "incomeTaxExpense": 586200000, "netIncome": 1840100000, "netIncomeRatio": 0.108082232, "eps": 30.39, "epsdiluted": 29.92, "weightedAverageShsOut": 60559000, "weightedAverageShsOutDil": 61495000, "link": "https://www.sec.gov/Archives/edgar/data/861884/000155837023002368/0001558370-23-002368-index.htm", "finalLink": "https://www.sec.gov/Archives/edgar/data/861884/000155837023002368/rs-20221231x10k.htm", "calculatedOtherExpenses": 240200000, "calculatedOperatingExpenses": 2744400000, "calculatedNetInterest": -53000000, "calculatedOtherIncome": -23500000, "calculatedIncomeNonControlling": 4100000, "calculatedEbitda": 2732900000}, {"date": "2021-12-31", "symbol": "RS", "reportedCurrency": "USD", "cik": "0000861884", "fillingDate": "2022-02-24", "acceptedDate": "2022-02-24 15:57:30", "calendarYear": "2021", "period": "FY", "revenue": 14093300000, "costOfRevenue": 9603000000, "grossProfit": 4490300000, "grossProfitRatio": 0.3186123903, "researchAndDevelopmentExpenses": 0, "generalAndAdministrativeExpenses": 2320900000, "sellingAndMarketingExpenses": -14400000, "sellingGeneralAndAdministrativeExpenses": 2306500000, "otherExpenses": 230200000, "operatingExpenses": 2536700000, "costAndExpenses": 12139700000, "interestIncome": 1100000, "interestExpense": 62700000, "depreciationAndAmortization": 231800000, "ebitda": 2180700000, "ebitdaratio": 0.1547331001, "operatingIncome": 1948900000, "operatingIncomeRatio": 0.1382855683, "totalOtherIncomeExpensesNet": -65800000, "incomeBeforeTax": 1883100000, "incomeBeforeTaxRatio": 0.1336166831, "incomeTaxExpense": 465700000, "netIncome": 1413000000, "netIncomeRatio": 0.1002604074, "eps": 22.35, "epsdiluted": 21.97, "weightedAverageShsOut": 63217000, "weightedAverageShsOutDil": 64327000, "link": "https://www.sec.gov/Archives/edgar/data/861884/000155837022001918/0001558370-22-001918-index.htm", "finalLink": "https://www.sec.gov/Archives/edgar/data/861884/000155837022001918/rs-20211231x10k.htm", "calculatedOtherExpenses": 234900000, "calculatedOperatingExpenses": 2541400000, "calculatedNetInterest": -61600000, "calculatedOtherIncome": -4200000, "calculatedIncomeNonControlling": 4400000, "calculatedEbitda": 2180700000}, {"date": "2020-12-31", "symbol": "RS", "reportedCurrency": "USD", "cik": "0000861884", "fillingDate": "2021-02-25", "acceptedDate": "2021-02-25 16:27:14", "calendarYear": "2020", "period": "FY", "revenue": 8811900000, "costOfRevenue": 6036800000, "grossProfit": 2775100000, "grossProfitRatio": 0.3149264063, "researchAndDevelopmentExpenses": 0, "generalAndAdministrativeExpenses": 1887400000, "sellingAndMarketingExpenses": -13400000, "sellingGeneralAndAdministrativeExpenses": 1874000000, "otherExpenses": 227300000, "operatingExpenses": 2101300000, "costAndExpenses": 8138100000, "interestIncome": 900000, "interestExpense": 62900000, "depreciationAndAmortization": 310600000, "ebitda": 876400000, "ebitdaratio": 0.0994564169, "operatingIncome": 565800000, "operatingIncomeRatio": 0.064208627, "totalOtherIncomeExpensesNet": -87600000, "incomeBeforeTax": 478200000, "incomeBeforeTaxRatio": 0.0542675246, "incomeTaxExpense": 105800000, "netIncome": 369100000, "netIncomeRatio": 0.0418865398, "eps": 5.74, "epsdiluted": 5.66, "weightedAverageShsOut": 64328000, "weightedAverageShsOutDil": 65263000, "link": "https://www.sec.gov/Archives/edgar/data/861884/000155837021001836/0001558370-21-001836-index.htm", "finalLink": "https://www.sec.gov/Archives/edgar/data/861884/000155837021001836/rs-20201231x10k.htm", "calculatedOtherExpenses": 335300000, "calculatedOperatingExpenses": 2209300000, "calculatedNetInterest": -62000000, "calculatedOtherIncome": -25600000, "calculatedIncomeNonControlling": 3300000, "calculatedEbitda": 876400000}, {"date": "2019-12-31", "symbol": "RS", "reportedCurrency": "USD", "cik": "0000861884", "fillingDate": "2020-02-27", "acceptedDate": "2020-02-27 16:25:57", "calendarYear": "2019", "period": "FY", "revenue": 10973800000, "costOfRevenue": 7644400000, "grossProfit": 3329400000, "grossProfitRatio": 0.3033953599, "researchAndDevelopmentExpenses": 0, "generalAndAdministrativeExpenses": 2108200000, "sellingAndMarketingExpenses": -12800000, "sellingGeneralAndAdministrativeExpenses": 2095400000, "otherExpenses": 219300000, "operatingExpenses": 2314700000, "costAndExpenses": 9959100000, "interestIncome": 85000000, "interestExpense": 85000000, "depreciationAndAmortization": 221300000, "ebitda": 1234800000, "ebitdaratio": 0.1125225537, "operatingIncome": 1013500000, "operatingIncomeRatio": 0.0923563396, "totalOtherIncomeExpensesNet": -84200000, "incomeBeforeTax": 929300000, "incomeBeforeTaxRatio": 0.0846835189, "incomeTaxExpense": 223200000, "netIncome": 701500000, "netIncomeRatio": 0.063924985, "eps": 10.49, "epsdiluted": 10.34, "weightedAverageShsOut": 66885000, "weightedAverageShsOutDil": 67855000, "link": "https://www.sec.gov/Archives/edgar/data/861884/000155837020001637/0001558370-20-001637-index.htm", "finalLink": "https://www.sec.gov/Archives/edgar/data/861884/000155837020001637/rs-20191231x10kfac9e5.htm", "calculatedOtherExpenses": 220500000, "calculatedOperatingExpenses": 2315900000, "calculatedNetInterest": 0, "calculatedOtherIncome": -84200000, "calculatedIncomeNonControlling": 4600000, "calculatedEbitda": 1234800000}, {"date": "2018-12-31", "symbol": "RS", "reportedCurrency": "USD", "cik": "0000861884", "fillingDate": "2019-02-27", "acceptedDate": "2019-02-27 16:44:59", "calendarYear": "2018", "period": "FY", "revenue": 11534500000, "costOfRevenue": 8253000000, "grossProfit": 3281500000, "grossProfitRatio": 0.2844943431, "researchAndDevelopmentExpenses": 0, "generalAndAdministrativeExpenses": 2103900000, "sellingAndMarketingExpenses": -12100000, "sellingGeneralAndAdministrativeExpenses": 2091800000, "otherExpenses": -700000, "operatingExpenses": 2307000000, "costAndExpenses": 10560000000, "interestIncome": 0, "interestExpense": 86200000, "depreciationAndAmortization": 215200000, "ebitda": 1189000000, "ebitdaratio": 0.1030820582, "operatingIncome": 937500000, "operatingIncomeRatio": 0.0812779054, "totalOtherIncomeExpensesNet": -37700000, "incomeBeforeTax": 850600000, "incomeBeforeTaxRatio": 0.0737439854, "incomeTaxExpense": 208800000, "netIncome": 633700000, "netIncomeRatio": 0.0549395292, "eps": 8.85, "epsdiluted": 8.75, "weightedAverageShsOut": 71604520, "weightedAverageShsOutDil": 72441000, "link": "https://www.sec.gov/Archives/edgar/data/861884/000155837019001202/0001558370-19-001202-index.htm", "finalLink": "https://www.sec.gov/Archives/edgar/data/861884/000155837019001202/rs-20181231x10k.htm", "calculatedOtherExpenses": 252200000, "calculatedOperatingExpenses": 2344000000, "calculatedNetInterest": -86200000, "calculatedOtherIncome": -700000, "calculatedIncomeNonControlling": 8100000, "calculatedEbitda": 1152700000}, {"date": "2017-12-31", "symbol": "RS", "reportedCurrency": "USD", "cik": "0000861884", "fillingDate": "2018-02-28", "acceptedDate": "2018-02-28 16:25:30", "calendarYear": "2017", "period": "FY", "revenue": 9721000000, "costOfRevenue": 6933200000, "grossProfit": 2787800000, "grossProfitRatio": 0.2867811954, "researchAndDevelopmentExpenses": 0, "generalAndAdministrativeExpenses": 1914300000, "sellingAndMarketingExpenses": -11500000, "sellingGeneralAndAdministrativeExpenses": 1902800000, "otherExpenses": -4700000, "operatingExpenses": 2121200000, "costAndExpenses": 9054400000, "interestIncome": 0, "interestExpense": 73900000, "depreciationAndAmortization": 218400000, "ebitda": 880300000, "ebitdaratio": 0.0905565271, "operatingIncome": 662400000, "operatingIncomeRatio": 0.0681411377, "totalOtherIncomeExpensesNet": -8900000, "incomeBeforeTax": 583800000, "incomeBeforeTaxRatio": 0.0600555498, "incomeTaxExpense": -37200000, "netIncome": 613400000, "netIncomeRatio": 0.0631005041, "eps": 8.42, "epsdiluted": 8.34, "weightedAverageShsOut": 72850356, "weightedAverageShsOutDil": 73539424, "link": "https://www.sec.gov/Archives/edgar/data/861884/000155837018001275/0001558370-18-001275-index.htm", "finalLink": "https://www.sec.gov/Archives/edgar/data/861884/000155837018001275/rs-20171231x10k.htm", "calculatedOtherExpenses": 222600000, "calculatedOperatingExpenses": 2125400000, "calculatedNetInterest": -73900000, "calculatedOtherIncome": -4700000, "calculatedIncomeNonControlling": 7600000, "calculatedEbitda": 880800000}, {"date": "2016-12-31", "symbol": "RS", "reportedCurrency": "USD", "cik": "0000861884", "fillingDate": "2017-02-24", "acceptedDate": "2017-02-24 14:52:15", "calendarYear": "2016", "period": "FY", "revenue": 8613400000, "costOfRevenue": 6023100000, "grossProfit": 2590300000, "grossProfitRatio": 0.3007290965, "researchAndDevelopmentExpenses": 0, "generalAndAdministrativeExpenses": 1814200000, "sellingAndMarketingExpenses": -10900000, "sellingGeneralAndAdministrativeExpenses": 1803300000, "otherExpenses": 1200000, "operatingExpenses": 2025300000, "costAndExpenses": 8048400000, "interestIncome": 1000000, "interestExpense": 84600000, "depreciationAndAmortization": 222000000, "ebitda": 788200000, "ebitdaratio": 0.0915085797, "operatingIncome": 512600000, "operatingIncomeRatio": 0.0595119233, "totalOtherIncomeExpensesNet": -51200000, "incomeBeforeTax": 429200000, "incomeBeforeTaxRatio": 0.0498293357, "incomeTaxExpense": 120100000, "netIncome": 304300000, "netIncomeRatio": 0.0353286739, "eps": 4.21, "epsdiluted": 4.16, "weightedAverageShsOut": 72280285, "weightedAverageShsOutDil": 73120918, "link": "https://www.sec.gov/Archives/edgar/data/861884/000155837017000994/0001558370-17-000994-index.htm", "finalLink": "https://www.sec.gov/Archives/edgar/data/861884/000155837017000994/rs-20161231x10k.htm", "calculatedOtherExpenses": 274400000, "calculatedOperatingExpenses": 2077700000, "calculatedNetInterest": -83600000, "calculatedOtherIncome": 200000, "calculatedIncomeNonControlling": 4800000, "calculatedEbitda": 734600000}, {"date": "2015-12-31", "symbol": "RS", "reportedCurrency": "USD", "cik": "0000861884", "fillingDate": "2016-02-26", "acceptedDate": "2016-02-25 21:49:33", "calendarYear": "2015", "period": "FY", "revenue": 9350500000, "costOfRevenue": 6803600000, "grossProfit": 2546900000, "grossProfitRatio": 0.2723811561, "researchAndDevelopmentExpenses": 0, "generalAndAdministrativeExpenses": 1738600000, "sellingAndMarketingExpenses": -10100000, "sellingGeneralAndAdministrativeExpenses": 1728500000, "otherExpenses": -3600000, "operatingExpenses": 1947000000, "costAndExpenses": 8750600000, "interestIncome": 1000000, "interestExpense": 84300000, "depreciationAndAmortization": 218500000, "ebitda": 814800000, "ebitdaratio": 0.0871397251, "operatingIncome": 546600000, "operatingIncomeRatio": 0.058456767, "totalOtherIncomeExpensesNet": -56900000, "incomeBeforeTax": 458700000, "incomeBeforeTaxRatio": 0.0490562002, "incomeTaxExpense": 142500000, "netIncome": 311500000, "netIncomeRatio": 0.0333137265, "eps": 4.2, "epsdiluted": 4.16, "weightedAverageShsOut": 74166667, "weightedAverageShsOutDil": 74902064, "link": "https://www.sec.gov/Archives/edgar/data/861884/000155837016003570/0001558370-16-003570-index.htm", "finalLink": "https://www.sec.gov/Archives/edgar/data/861884/000155837016003570/rs-20151231x10k.htm", "calculatedOtherExpenses": 271800000, "calculatedOperatingExpenses": 2000300000, "calculatedNetInterest": -83300000, "calculatedOtherIncome": -4600000, "calculatedIncomeNonControlling": 4700000, "calculatedEbitda": 765100000}, {"date": "2014-12-31", "symbol": "RS", "reportedCurrency": "USD", "cik": "0000861884", "fillingDate": "2015-02-26", "acceptedDate": "2015-02-26 17:08:25", "calendarYear": "2014", "period": "FY", "revenue": 10451600000, "costOfRevenue": 7830600000, "grossProfit": 2621000000, "grossProfitRatio": 0.250775001, "researchAndDevelopmentExpenses": 0, "generalAndAdministrativeExpenses": 1799000000, "sellingAndMarketingExpenses": -9200000, "sellingGeneralAndAdministrativeExpenses": 1789800000, "otherExpenses": 10800000, "operatingExpenses": 2003600000, "costAndExpenses": 9834200000, "interestIncome": 1400000, "interestExpense": 81900000, "depreciationAndAmortization": 213800000, "ebitda": 842000000, "ebitdaratio": 0.0805618279, "operatingIncome": 617400000, "operatingIncomeRatio": 0.0590722952, "totalOtherIncomeExpensesNet": 10800000, "incomeBeforeTax": 546300000, "incomeBeforeTaxRatio": 0.052269509, "incomeTaxExpense": 170000000, "netIncome": 371500000, "netIncomeRatio": 0.035544797, "eps": 4.78, "epsdiluted": 4.73, "weightedAverageShsOut": 77719665, "weightedAverageShsOutDil": 78615939, "link": "https://www.sec.gov/Archives/edgar/data/861884/000104746915001302/0001047469-15-001302-index.htm", "finalLink": "https://www.sec.gov/Archives/edgar/data/861884/000104746915001302/a2223210z10-k.htm", "calculatedOtherExpenses": 213800000, "calculatedOperatingExpenses": 2003600000, "calculatedNetInterest": -80500000, "calculatedOtherIncome": 9400000, "calculatedIncomeNonControlling": 4800000, "calculatedEbitda": 831200000}, {"date": "2013-12-31", "symbol": "RS", "reportedCurrency": "USD", "cik": "0000861884", "fillingDate": "2014-02-27", "acceptedDate": "2014-02-27 15:44:43", "calendarYear": "2013", "period": "FY", "revenue": 9223800000, "costOfRevenue": 6826200000, "grossProfit": 2397600000, "grossProfitRatio": 0.2599362519, "researchAndDevelopmentExpenses": 0, "generalAndAdministrativeExpenses": 1646900000, "sellingAndMarketingExpenses": -8500000, "sellingGeneralAndAdministrativeExpenses": 1638400000, "otherExpenses": 3900000, "operatingExpenses": 1830800000, "costAndExpenses": 8657000000, "interestIncome": 1000000, "interestExpense": 77500000, "depreciationAndAmortization": 192400000, "ebitda": 763100000, "ebitdaratio": 0.082731629, "operatingIncome": 551900000, "operatingIncomeRatio": 0.0598343416, "totalOtherIncomeExpensesNet": -11000000, "incomeBeforeTax": 478300000, "incomeBeforeTaxRatio": 0.0518549838, "incomeTaxExpense": 153600000, "netIncome": 321600000, "netIncomeRatio": 0.0348663241, "eps": 4.19, "epsdiluted": 4.14, "weightedAverageShsOut": 76754177, "weightedAverageShsOutDil": 77646192, "link": "https://www.sec.gov/Archives/edgar/data/861884/000104746914001477/0001047469-14-001477-index.htm", "finalLink": "https://www.sec.gov/Archives/edgar/data/861884/000104746914001477/a2218513z10-k.htm", "calculatedOtherExpenses": 207300000, "calculatedOperatingExpenses": 1845700000, "calculatedNetInterest": -76500000, "calculatedOtherIncome": 2900000, "calculatedIncomeNonControlling": 3100000, "calculatedEbitda": 744300000}, {"date": "2012-12-31", "symbol": "RS", "reportedCurrency": "USD", "cik": "0000861884", "fillingDate": "2013-02-27", "acceptedDate": "2013-02-27 17:18:27", "calendarYear": "2012", "period": "FY", "revenue": 8442300000, "costOfRevenue": 6235400000, "grossProfit": 2206900000, "grossProfitRatio": 0.2614098054, "researchAndDevelopmentExpenses": 0, "generalAndAdministrativeExpenses": 1404000000, "sellingAndMarketingExpenses": -7800000, "sellingGeneralAndAdministrativeExpenses": 1396200000, "otherExpenses": 8600000, "operatingExpenses": 1547700000, "costAndExpenses": 7783100000, "interestIncome": 1400000, "interestExpense": 58400000, "depreciationAndAmortization": 151500000, "ebitda": 819300000, "ebitdaratio": 0.0970470133, "operatingIncome": 659200000, "operatingIncomeRatio": 0.0780829869, "totalOtherIncomeExpensesNet": 8600000, "incomeBeforeTax": 609400000, "incomeBeforeTaxRatio": 0.0721841204, "incomeTaxExpense": 201100000, "netIncome": 403500000, "netIncomeRatio": 0.0477950322, "eps": 5.36, "epsdiluted": 5.33, "weightedAverageShsOut": 75279851, "weightedAverageShsOutDil": 75694212, "link": "https://www.sec.gov/Archives/edgar/data/861884/000104746913001836/0001047469-13-001836-index.htm", "finalLink": "https://www.sec.gov/Archives/edgar/data/861884/000104746913001836/a2213196z10-k.htm", "calculatedOtherExpenses": 151500000, "calculatedOperatingExpenses": 1547700000, "calculatedNetInterest": -57000000, "calculatedOtherIncome": 7200000, "calculatedIncomeNonControlling": 4800000, "calculatedEbitda": 810700000}, {"date": "2011-12-31", "symbol": "RS", "reportedCurrency": "USD", "cik": "0000861884", "fillingDate": "2012-02-24", "acceptedDate": "2012-02-24 16:41:50", "calendarYear": "2011", "period": "FY", "revenue": 8134700000, "costOfRevenue": 6148700000, "grossProfit": 1986000000, "grossProfitRatio": 0.2441393045, "researchAndDevelopmentExpenses": 0, "generalAndAdministrativeExpenses": 1280100000, "sellingAndMarketingExpenses": 0, "sellingGeneralAndAdministrativeExpenses": 1280100000, "otherExpenses": 133100000, "operatingExpenses": 1413200000, "costAndExpenses": 7561900000, "interestIncome": 0, "interestExpense": 59800000, "depreciationAndAmortization": 133100000, "ebitda": 705900000, "ebitdaratio": 0.0867764023, "operatingIncome": 572800000, "operatingIncomeRatio": 0.0704143976, "totalOtherIncomeExpensesNet": -1400000, "incomeBeforeTax": 511600000, "incomeBeforeTaxRatio": 0.0628910716, "incomeTaxExpense": 162400000, "netIncome": 343800000, "netIncomeRatio": 0.0422633902, "eps": 4.6, "epsdiluted": 4.58, "weightedAverageShsOut": 74739130, "weightedAverageShsOutDil": 75041753, "link": "https://www.sec.gov/Archives/edgar/data/861884/000104746912001477/0001047469-12-001477-index.htm", "finalLink": "https://www.sec.gov/Archives/edgar/data/861884/000104746912001477/a2207457z10-k.htm", "calculatedOtherExpenses": 133100000, "calculatedOperatingExpenses": 1413200000, "calculatedNetInterest": -59800000, "calculatedOtherIncome": -1400000, "calculatedIncomeNonControlling": 5400000, "calculatedEbitda": 705900000}, {"date": "2010-12-31", "symbol": "RS", "reportedCurrency": "USD", "cik": "0000861884", "fillingDate": "2011-02-25", "acceptedDate": "2011-02-25 16:57:51", "calendarYear": "2010", "period": "FY", "revenue": 6312795000, "costOfRevenue": 4727887000, "grossProfit": 1584908000, "grossProfitRatio": 0.2510628018, "researchAndDevelopmentExpenses": 0, "generalAndAdministrativeExpenses": 1103584000, "sellingAndMarketingExpenses": 0, "sellingGeneralAndAdministrativeExpenses": 1103584000, "otherExpenses": 120603000, "operatingExpenses": 1224187000, "costAndExpenses": 5952074000, "interestIncome": 0, "interestExpense": 61175000, "depreciationAndAmortization": 120603000, "ebitda": 481324000, "ebitdaratio": 0.0762457834, "operatingIncome": 360721000, "operatingIncomeRatio": 0.0571412504, "totalOtherIncomeExpensesNet": -3118000, "incomeBeforeTax": 296428000, "incomeBeforeTaxRatio": 0.0469566967, "incomeTaxExpense": 98579000, "netIncome": 194353000, "netIncomeRatio": 0.0307871553, "eps": 2.62, "epsdiluted": 2.61, "weightedAverageShsOut": 74230452, "weightedAverageShsOutDil": 74472380, "link": "https://www.sec.gov/Archives/edgar/data/861884/000119312511047561/0001193125-11-047561-index.htm", "finalLink": "https://www.sec.gov/Archives/edgar/data/861884/000119312511047561/d10k.htm", "calculatedOtherExpenses": 120603000, "calculatedOperatingExpenses": 1224187000, "calculatedNetInterest": -61175000, "calculatedOtherIncome": -3118000, "calculatedIncomeNonControlling": 3496000, "calculatedEbitda": 481324000}, {"date": "2009-12-31", "symbol": "RS", "reportedCurrency": "USD", "cik": "0000861884", "fillingDate": "2010-02-26", "acceptedDate": "2010-02-26 17:15:32", "calendarYear": "2009", "period": "FY", "revenue": 5318132000, "costOfRevenue": 3918611000, "grossProfit": 1399521000, "grossProfitRatio": 0.26316026, "researchAndDevelopmentExpenses": 0, "generalAndAdministrativeExpenses": 1030245000, "sellingAndMarketingExpenses": 0, "sellingGeneralAndAdministrativeExpenses": 1030245000, "otherExpenses": 118884000, "operatingExpenses": 1149129000, "costAndExpenses": 5067740000, "interestIncome": 0, "interestExpense": 67523000, "depreciationAndAmortization": 118884000, "ebitda": 369276000, "ebitdaratio": 0.0694371633, "operatingIncome": 250392000, "operatingIncomeRatio": 0.0470826975, "totalOtherIncomeExpensesNet": 12624000, "incomeBeforeTax": 195493000, "incomeBeforeTaxRatio": 0.0367597119, "incomeTaxExpense": 46317000, "netIncome": 148158000, "netIncomeRatio": 0.0278590302, "eps": 2.02, "epsdiluted": 2.01, "weightedAverageShsOut": 73445583, "weightedAverageShsOutDil": 73701979, "link": "https://www.sec.gov/Archives/edgar/data/861884/000095012310018335/0000950123-10-018335-index.htm", "finalLink": "https://www.sec.gov/Archives/edgar/data/861884/000095012310018335/v55324e10vk.htm", "calculatedOtherExpenses": 118884000, "calculatedOperatingExpenses": 1149129000, "calculatedNetInterest": -67523000, "calculatedOtherIncome": 12624000, "calculatedIncomeNonControlling": 1018000, "calculatedEbitda": 369276000}, {"date": "2008-12-31", "symbol": "RS", "reportedCurrency": "USD", "cik": "0000861884", "fillingDate": "2009-02-27", "acceptedDate": "2009-02-27 16:39:41", "calendarYear": "2008", "period": "FY", "revenue": 8718844000, "costOfRevenue": 6556748000, "grossProfit": 2162096000, "grossProfitRatio": 0.2479796634, "researchAndDevelopmentExpenses": 0, "generalAndAdministrativeExpenses": 1211201000, "sellingAndMarketingExpenses": 0, "sellingGeneralAndAdministrativeExpenses": 1211201000, "otherExpenses": 97924000, "operatingExpenses": 1226550000, "costAndExpenses": 7783298000, "interestIncome": 0, "interestExpense": 82575000, "depreciationAndAmortization": 97924000, "ebitda": 1120743000, "ebitdaratio": 0.1285426141, "operatingIncome": 852971000, "operatingIncomeRatio": 0.0978307445, "totalOtherIncomeExpensesNet": -87273000, "incomeBeforeTax": 765698000, "incomeBeforeTaxRatio": 0.087821046, "incomeTaxExpense": 282921000, "netIncome": 482777000, "netIncomeRatio": 0.0553716754, "eps": 6.6, "epsdiluted": 6.56, "weightedAverageShsOut": 73102215, "weightedAverageShsOutDil": 73597717, "link": "https://www.sec.gov/Archives/edgar/data/861884/000095013409004031/0000950134-09-004031-index.htm", "finalLink": "https://www.sec.gov/Archives/edgar/data/861884/000095013409004031/v51578e10vk.htm", "calculatedOtherExpenses": 97924000, "calculatedOperatingExpenses": 1309125000, "calculatedNetInterest": -82575000, "calculatedOtherIncome": -4698000, "calculatedIncomeNonControlling": 0, "calculatedEbitda": 950895000}, {"date": "2007-12-31", "symbol": "RS", "reportedCurrency": "USD", "cik": "0000861884", "fillingDate": "2008-02-29", "acceptedDate": "2008-02-28 19:35:28", "calendarYear": "2007", "period": "FY", "revenue": 7265610000, "costOfRevenue": 5418161000, "grossProfit": 1847449000, "grossProfitRatio": 0.2542730755, "researchAndDevelopmentExpenses": 0, "generalAndAdministrativeExpenses": 1034139000, "sellingAndMarketingExpenses": 0, "sellingGeneralAndAdministrativeExpenses": 1034139000, "otherExpenses": 79873000, "operatingExpenses": 1114012000, "costAndExpenses": 6532173000, "interestIncome": 0, "interestExpense": -61692000, "depreciationAndAmortization": 79873000, "ebitda": 803379000, "ebitdaratio": 0.1105728218, "operatingIncome": 733437000, "operatingIncomeRatio": 0.1009463761, "totalOtherIncomeExpensesNet": 9931000, "incomeBeforeTax": 654393000, "incomeBeforeTaxRatio": 0.0900671795, "incomeTaxExpense": 246438000, "netIncome": 407955000, "netIncomeRatio": 0.0561487611, "eps": 5.39, "epsdiluted": 5.36, "weightedAverageShsOut": 75622799, "weightedAverageShsOutDil": 76064616, "link": "https://www.sec.gov/Archives/edgar/data/861884/000095013408003739/0000950134-08-003739-index.htm", "finalLink": "https://www.sec.gov/Archives/edgar/data/861884/000095013408003739/a38525e10vk.htm", "calculatedOtherExpenses": 79873000, "calculatedOperatingExpenses": 1114012000, "calculatedNetInterest": 61692000, "calculatedOtherIncome": -140736000, "calculatedIncomeNonControlling": 0, "calculatedEbitda": 813310000}, {"date": "2006-12-31", "symbol": "RS", "reportedCurrency": "USD", "cik": "0000861884", "fillingDate": "2007-03-01", "acceptedDate": "2007-03-01 14:39:45", "calendarYear": "2006", "period": "FY", "revenue": 5748376000, "costOfRevenue": 4231386000, "grossProfit": 1516990000, "grossProfitRatio": 0.263898882, "researchAndDevelopmentExpenses": 0, "generalAndAdministrativeExpenses": 821386000, "sellingAndMarketingExpenses": 0, "sellingGeneralAndAdministrativeExpenses": 821386000, "otherExpenses": 62474000, "operatingExpenses": 883860000, "costAndExpenses": 5115246000, "interestIncome": 0, "interestExpense": -61692000, "depreciationAndAmortization": 60325000, "ebitda": 689836000, "ebitdaratio": 0.120005372, "operatingIncome": 633130000, "operatingIncomeRatio": 0.1101406728, "totalOtherIncomeExpensesNet": 5768000, "incomeBeforeTax": 571132000, "incomeBeforeTaxRatio": 0.0993553658, "incomeTaxExpense": 216625000, "netIncome": 354507000, "netIncomeRatio": 0.0616708093, "eps": 4.85, "epsdiluted": 4.82, "weightedAverageShsOut": 73134102, "weightedAverageShsOutDil": 73599681, "link": "https://www.sec.gov/Archives/edgar/data/861884/000095013407004550/0000950134-07-004550-index.htm", "finalLink": "https://www.sec.gov/Archives/edgar/data/861884/000095013407004550/a27894e10vk.htm", "calculatedOtherExpenses": 62474000, "calculatedOperatingExpenses": 883860000, "calculatedNetInterest": 61692000, "calculatedOtherIncome": -123690000, "calculatedIncomeNonControlling": 0, "calculatedEbitda": 693455000}, {"date": "2005-12-31", "symbol": "RS", "reportedCurrency": "USD", "cik": "0000861884", "fillingDate": "2006-03-15", "acceptedDate": "2006-03-15 06:03:37", "calendarYear": "2005", "period": "FY", "revenue": 3370722000, "costOfRevenue": 2449000000, "grossProfit": 921722000, "grossProfitRatio": 0.2734494272, "researchAndDevelopmentExpenses": 0, "generalAndAdministrativeExpenses": 507905000, "sellingAndMarketingExpenses": 0, "sellingGeneralAndAdministrativeExpenses": 507905000, "otherExpenses": 46631000, "operatingExpenses": 554536000, "costAndExpenses": 3003536000, "interestIncome": 0, "interestExpense": -25222000, "depreciationAndAmortization": 46631000, "ebitda": 410146000, "ebitdaratio": 0.1216789756, "operatingIncome": 367186000, "operatingIncomeRatio": 0.1089339317, "totalOtherIncomeExpensesNet": 3671000, "incomeBeforeTax": 333212000, "incomeBeforeTaxRatio": 0.0988547854, "incomeTaxExpense": 127775000, "netIncome": 205437000, "netIncomeRatio": 0.0609474765, "eps": 3.12, "epsdiluted": 3.1, "weightedAverageShsOut": 65870068, "weightedAverageShsOutDil": 66194724, "link": "https://www.sec.gov/Archives/edgar/data/861884/000095013406005093/0000950134-06-005093-index.htm", "finalLink": "https://www.sec.gov/Archives/edgar/data/861884/000095013406005093/a18560e10vk.htm", "calculatedOtherExpenses": 46631000, "calculatedOperatingExpenses": 554536000, "calculatedNetInterest": 25222000, "calculatedOtherIncome": -59196000, "calculatedIncomeNonControlling": 0, "calculatedEbitda": 413817000}, {"date": "2004-12-31", "symbol": "RS", "reportedCurrency": "USD", "cik": "0000861884", "fillingDate": "2005-03-15", "acceptedDate": "2005-03-15 17:25:25", "calendarYear": "2004", "period": "FY", "revenue": 2947202000, "costOfRevenue": 2110848000, "grossProfit": 836354000, "grossProfitRatio": 0.2837789877, "researchAndDevelopmentExpenses": 0, "generalAndAdministrativeExpenses": 483887000, "sellingAndMarketingExpenses": 0, "sellingGeneralAndAdministrativeExpenses": 483887000, "otherExpenses": 44627000, "operatingExpenses": 528514000, "costAndExpenses": 2639362000, "interestIncome": 0, "interestExpense": -28690000, "depreciationAndAmortization": 44627000, "ebitda": 348299000, "ebitdaratio": 0.1181795479, "operatingIncome": 307840000, "operatingIncomeRatio": 0.1044516121, "totalOtherIncomeExpensesNet": 4168000, "incomeBeforeTax": 269968000, "incomeBeforeTaxRatio": 0.0916014579, "incomeTaxExpense": 100240000, "netIncome": 169728000, "netIncomeRatio": 0.0575895375, "eps": 2.62, "epsdiluted": 2.6, "weightedAverageShsOut": 64960000, "weightedAverageShsOutDil": 65350000, "link": "https://www.sec.gov/Archives/edgar/data/861884/000095012905002444/0000950129-05-002444-index.htm", "finalLink": "https://www.sec.gov/Archives/edgar/data/861884/000095012905002444/a06871e10vk.htm", "calculatedOtherExpenses": 44627000, "calculatedOperatingExpenses": 528514000, "calculatedNetInterest": 28690000, "calculatedOtherIncome": -66562000, "calculatedIncomeNonControlling": 0, "calculatedEbitda": 352467000}, {"date": "2003-12-31", "symbol": "RS", "reportedCurrency": "USD", "cik": "0000861884", "fillingDate": "2004-03-15", "acceptedDate": "2004-03-15 15:25:55", "calendarYear": "2003", "period": "FY", "revenue": 1882933000, "costOfRevenue": 1372310000, "grossProfit": 510623000, "grossProfitRatio": 0.2711849014, "researchAndDevelopmentExpenses": 0, "generalAndAdministrativeExpenses": 395927000, "sellingAndMarketingExpenses": 0, "sellingGeneralAndAdministrativeExpenses": 395927000, "otherExpenses": 36870000, "operatingExpenses": 432797000, "costAndExpenses": 1805107000, "interestIncome": 0, "interestExpense": 0, "depreciationAndAmortization": 36870000, "ebitda": 111859000, "ebitdaratio": 0.0594067872, "operatingIncome": 77826000, "operatingIncomeRatio": 0.0413323257, "totalOtherIncomeExpensesNet": 2837000, "incomeBeforeTax": 54856000, "incomeBeforeTaxRatio": 0.0291332724, "incomeTaxExpense": 20846000, "netIncome": 34010000, "netIncomeRatio": 0.0180622465, "eps": 0.54, "epsdiluted": 0.54, "weightedAverageShsOut": 63705684, "weightedAverageShsOutDil": 63732668, "link": "https://www.sec.gov/Archives/edgar/data/861884/000095015004000335/0000950150-04-000335-index.htm", "finalLink": "https://www.sec.gov/Archives/edgar/data/861884/000095015004000335/a97304e10vk.htm", "calculatedOtherExpenses": 36870000, "calculatedOperatingExpenses": 432797000, "calculatedNetInterest": 0, "calculatedOtherIncome": -22970000, "calculatedIncomeNonControlling": 0, "calculatedEbitda": 114696000}, {"date": "2002-12-31", "symbol": "RS", "reportedCurrency": "USD", "cik": "0000861884", "fillingDate": "2003-03-27", "acceptedDate": "2003-03-27 17:08:11", "calendarYear": "2002", "period": "FY", "revenue": 1748271000, "costOfRevenue": 1268251000, "grossProfit": 480020000, "grossProfitRatio": 0.2745684165, "researchAndDevelopmentExpenses": 0, "generalAndAdministrativeExpenses": 379288000, "sellingAndMarketingExpenses": 0, "sellingGeneralAndAdministrativeExpenses": 379288000, "otherExpenses": 28546000, "operatingExpenses": 407834000, "costAndExpenses": 1676085000, "interestIncome": 0, "interestExpense": -22605000, "depreciationAndAmortization": 28546000, "ebitda": 97466000, "ebitdaratio": 0.0557499381, "operatingIncome": 72186000, "operatingIncomeRatio": 0.0412899373, "totalOtherIncomeExpensesNet": 3529000, "incomeBeforeTax": 49720000, "incomeBeforeTaxRatio": 0.0284395268, "incomeTaxExpense": 19553000, "netIncome": 30167000, "netIncomeRatio": 0.017255334, "eps": 0.48, "epsdiluted": 0.47, "weightedAverageShsOut": 63374000, "weightedAverageShsOutDil": 63598000, "link": "https://www.sec.gov/Archives/edgar/data/861884/000095015003000376/0000950150-03-000376-index.htm", "finalLink": "https://www.sec.gov/Archives/edgar/data/861884/000095015003000376/a88725e10vk.htm", "calculatedOtherExpenses": 28546000, "calculatedOperatingExpenses": 407834000, "calculatedNetInterest": 22605000, "calculatedOtherIncome": -45071000, "calculatedIncomeNonControlling": 0, "calculatedEbitda": 100732000}, {"date": "2001-12-31", "symbol": "RS", "reportedCurrency": "USD", "cik": "0000861884", "fillingDate": "2002-03-27", "acceptedDate": "2002-03-27 00:00:00", "calendarYear": "2001", "period": "FY", "revenue": 1656974000, "costOfRevenue": 1194512000, "grossProfit": 462462000, "grossProfitRatio": 0.2791003359, "researchAndDevelopmentExpenses": 0, "generalAndAdministrativeExpenses": 347310000, "sellingAndMarketingExpenses": 0, "sellingGeneralAndAdministrativeExpenses": 347310000, "otherExpenses": 32337000, "operatingExpenses": 379647000, "costAndExpenses": 1574159000, "interestIncome": 0, "interestExpense": -26738000, "depreciationAndAmortization": 32337000, "ebitda": 111356000, "ebitdaratio": 0.0672044341, "operatingIncome": 82815000, "operatingIncomeRatio": 0.0499796617, "totalOtherIncomeExpensesNet": 4082000, "incomeBeforeTax": 60159000, "incomeBeforeTaxRatio": 0.0363065443, "incomeTaxExpense": 23823000, "netIncome": 36336000, "netIncomeRatio": 0.0219291311, "eps": 0.64, "epsdiluted": 0.64, "weightedAverageShsOut": 56672000, "weightedAverageShsOutDil": 56940000, "link": "https://www.sec.gov/Archives/edgar/data/861884/000095015002000280/0000950150-02-000280-index.htm", "finalLink": "https://www.sec.gov/Archives/edgar/data/861884/000095015002000280/a80246e10-k405.htm", "calculatedOtherExpenses": 32337000, "calculatedOperatingExpenses": 379647000, "calculatedNetInterest": 26738000, "calculatedOtherIncome": -49394000, "calculatedIncomeNonControlling": 0, "calculatedEbitda": 115152000}, {"date": "2000-12-31", "symbol": "RS", "reportedCurrency": "USD", "cik": "0000861884", "fillingDate": "2001-03-29", "acceptedDate": "2001-03-29 00:00:00", "calendarYear": "2000", "period": "FY", "revenue": 1726665000, "costOfRevenue": 1256997000, "grossProfit": 469668000, "grossProfitRatio": 0.2720087568, "researchAndDevelopmentExpenses": 0, "generalAndAdministrativeExpenses": 318638000, "sellingAndMarketingExpenses": 0, "sellingGeneralAndAdministrativeExpenses": 318638000, "otherExpenses": 28092000, "operatingExpenses": 346730000, "costAndExpenses": 1603727000, "interestIncome": 0, "interestExpense": 0, "depreciationAndAmortization": 28092000, "ebitda": 145313000, "ebitdaratio": 0.0841581893, "operatingIncome": 122938000, "operatingIncomeRatio": 0.0711996826, "totalOtherIncomeExpensesNet": 5717000, "incomeBeforeTax": 102587000, "incomeBeforeTaxRatio": 0.0594133778, "incomeTaxExpense": 40268000, "netIncome": 62319000, "netIncomeRatio": 0.0360921198, "eps": 1.15, "epsdiluted": 1.14, "weightedAverageShsOut": 54430174, "weightedAverageShsOutDil": 54578222, "link": "https://www.sec.gov/Archives/edgar/data/861884/000095015001000100/0000950150-01-000100-index.htm", "finalLink": "https://www.sec.gov/Archives/edgar/data/861884/000095015001000100/a70905e10-k.txt", "calculatedOtherExpenses": 28092000, "calculatedOperatingExpenses": 346730000, "calculatedNetInterest": 0, "calculatedOtherIncome": -20351000, "calculatedIncomeNonControlling": 0, "calculatedEbitda": 151030000}, {"date": "1999-12-31", "symbol": "RS", "reportedCurrency": "USD", "cik": "0000861884", "fillingDate": "2000-03-27", "acceptedDate": "2000-03-27 00:00:00", "calendarYear": "1999", "period": "FY", "revenue": 1511100000, "costOfRevenue": 1097400000, "grossProfit": 413700000, "grossProfitRatio": 0.2737740719, "researchAndDevelopmentExpenses": 0, "generalAndAdministrativeExpenses": 278600000, "sellingAndMarketingExpenses": 0, "sellingGeneralAndAdministrativeExpenses": 278600000, "otherExpenses": 25600000, "operatingExpenses": 304200000, "costAndExpenses": 1401600000, "interestIncome": 0, "interestExpense": 0, "depreciationAndAmortization": 25600000, "ebitda": 124900000, "ebitdaratio": 0.0826550195, "operatingIncome": 109500000, "operatingIncomeRatio": 0.0724637681, "totalOtherIncomeExpensesNet": 10200000, "incomeBeforeTax": 96400000, "incomeBeforeTaxRatio": 0.0637945867, "incomeTaxExpense": 38800000, "netIncome": 57600000, "netIncomeRatio": 0.0381179273, "eps": 1.04, "epsdiluted": 1.03, "weightedAverageShsOut": 55496614, "weightedAverageShsOutDil": 55783766, "link": "https://www.sec.gov/Archives/edgar/data/861884/000095015000000226/0000950150-00-000226-index.html", "finalLink": "https://www.sec.gov/Archives/edgar/data/861884/000095015000000226/", "calculatedOtherExpenses": 25600000, "calculatedOperatingExpenses": 304200000, "calculatedNetInterest": 0, "calculatedOtherIncome": -13100000, "calculatedIncomeNonControlling": 0, "calculatedEbitda": 135100000}, {"date": "1998-12-31", "symbol": "RS", "reportedCurrency": "USD", "cik": "0000861884", "fillingDate": "1999-03-29", "acceptedDate": "1999-03-29 00:00:00", "calendarYear": "1998", "period": "FY", "revenue": 1352800000, "costOfRevenue": 1024200000, "grossProfit": 328600000, "grossProfitRatio": 0.2429036073, "researchAndDevelopmentExpenses": 0, "generalAndAdministrativeExpenses": 220200000, "sellingAndMarketingExpenses": 0, "sellingGeneralAndAdministrativeExpenses": 220200000, "otherExpenses": 19400000, "operatingExpenses": 239600000, "costAndExpenses": 1263800000, "interestIncome": 0, "interestExpense": 0, "depreciationAndAmortization": 19400000, "ebitda": 99500000, "ebitdaratio": 0.0735511532, "operatingIncome": 89000000, "operatingIncomeRatio": 0.0657894737, "totalOtherIncomeExpensesNet": 8900000, "incomeBeforeTax": 80300000, "incomeBeforeTaxRatio": 0.0593583678, "incomeTaxExpense": 32600000, "netIncome": 47700000, "netIncomeRatio": 0.0352602011, "eps": 0.85, "epsdiluted": 0.84, "weightedAverageShsOut": 56305100, "weightedAverageShsOutDil": 56610374, "link": "https://www.sec.gov/Archives/edgar/data/861884/000095015099000351/0000950150-99-000351-index.html", "finalLink": "https://www.sec.gov/Archives/edgar/data/861884/", "calculatedOtherExpenses": 19400000, "calculatedOperatingExpenses": 239600000, "calculatedNetInterest": 0, "calculatedOtherIncome": -8700000, "calculatedIncomeNonControlling": 0, "calculatedEbitda": 108400000}, {"date": "1997-12-31", "symbol": "RS", "reportedCurrency": "USD", "cik": "0000861884", "fillingDate": "1998-03-27", "acceptedDate": "1998-03-27 00:00:00", "calendarYear": "1997", "period": "FY", "revenue": 961500000, "costOfRevenue": 737500000, "grossProfit": 224000000, "grossProfitRatio": 0.2329693188, "researchAndDevelopmentExpenses": 0, "generalAndAdministrativeExpenses": 151400000, "sellingAndMarketingExpenses": 0, "sellingGeneralAndAdministrativeExpenses": 151400000, "otherExpenses": 13200000, "operatingExpenses": 164600000, "costAndExpenses": 902100000, "interestIncome": 0, "interestExpense": 0, "depreciationAndAmortization": 13200000, "ebitda": 63200000, "ebitdaratio": 0.0657306292, "operatingIncome": 59400000, "operatingIncomeRatio": 0.0617784711, "totalOtherIncomeExpensesNet": 9400000, "incomeBeforeTax": 58000000, "incomeBeforeTaxRatio": 0.0603224129, "incomeTaxExpense": 23800000, "netIncome": 34200000, "netIncomeRatio": 0.0355694228, "eps": 0.73, "epsdiluted": 0.72, "weightedAverageShsOut": 47172414, "weightedAverageShsOutDil": 47832168, "link": "https://www.sec.gov/Archives/edgar/data/861884/000095015098000441/0000950150-98-000441-index.html", "finalLink": "https://www.sec.gov/Archives/edgar/data/861884/", "calculatedOtherExpenses": 13200000, "calculatedOperatingExpenses": 164600000, "calculatedNetInterest": 0, "calculatedOtherIncome": -1400000, "calculatedIncomeNonControlling": 0, "calculatedEbitda": 72600000}, {"date": "1996-12-31", "symbol": "RS", "reportedCurrency": "USD", "cik": "0000861884", "fillingDate": "1997-03-31", "acceptedDate": "1997-03-31 00:00:00", "calendarYear": "1996", "period": "FY", "revenue": 654000000, "costOfRevenue": 492200000, "grossProfit": 161800000, "grossProfitRatio": 0.2474006116, "researchAndDevelopmentExpenses": 0, "generalAndAdministrativeExpenses": 109600000, "sellingAndMarketingExpenses": 0, "sellingGeneralAndAdministrativeExpenses": 109600000, "otherExpenses": 8500000, "operatingExpenses": 118100000, "costAndExpenses": 610300000, "interestIncome": 0, "interestExpense": 0, "depreciationAndAmortization": 8500000, "ebitda": 42400000, "ebitdaratio": 0.0648318043, "operatingIncome": 43700000, "operatingIncomeRatio": 0.0668195719, "totalOtherIncomeExpensesNet": 9800000, "incomeBeforeTax": 49600000, "incomeBeforeTaxRatio": 0.0758409786, "incomeTaxExpense": 19800000, "netIncome": 29800000, "netIncomeRatio": 0.0455657492, "eps": 0.95, "epsdiluted": 0.95, "weightedAverageShsOut": 31359927, "weightedAverageShsOutDil": 46597938, "link": "https://www.sec.gov/Archives/edgar/data/861884/000095015097000451/0000950150-97-000451-index.html", "finalLink": "https://www.sec.gov/Archives/edgar/data/861884/", "calculatedOtherExpenses": 8500000, "calculatedOperatingExpenses": 118100000, "calculatedNetInterest": 0, "calculatedOtherIncome": 5900000, "calculatedIncomeNonControlling": 0, "calculatedEbitda": 52200000}, {"date": "1995-12-31", "symbol": "RS", "reportedCurrency": "USD", "cik": "0000861884", "fillingDate": "1995-12-31", "acceptedDate": "1995-12-30 19:00:00", "calendarYear": "1995", "period": "FY", "revenue": 561300000, "costOfRevenue": 432100000, "grossProfit": 129200000, "grossProfitRatio": 0.2301799394, "researchAndDevelopmentExpenses": 0, "generalAndAdministrativeExpenses": 0, "sellingAndMarketingExpenses": 0, "sellingGeneralAndAdministrativeExpenses": 89400000, "otherExpenses": 5200000, "operatingExpenses": 94600000, "costAndExpenses": 526700000, "interestIncome": 0, "interestExpense": 0, "depreciationAndAmortization": 5200000, "ebitda": 34300000, "ebitdaratio": 0.0611081418, "operatingIncome": 34600000, "operatingIncomeRatio": 0.0616426154, "totalOtherIncomeExpensesNet": 5500000, "incomeBeforeTax": 38600000, "incomeBeforeTaxRatio": 0.0687689293, "incomeTaxExpense": 15900000, "netIncome": 22700000, "netIncomeRatio": 0.0404418315, "eps": 0.49, "epsdiluted": 0.49, "weightedAverageShsOut": 46804124, "weightedAverageShsOutDil": 46804124, "link": "", "finalLink": "", "calculatedOtherExpenses": 5200000, "calculatedOperatingExpenses": 94600000, "calculatedNetInterest": 0, "calculatedOtherIncome": 4000000, "calculatedIncomeNonControlling": 0, "calculatedEbitda": 39800000}, {"date": "1994-12-31", "symbol": "RS", "reportedCurrency": "USD", "cik": "0000861884", "fillingDate": "1994-12-31", "acceptedDate": "1994-12-30 19:00:00", "calendarYear": "1994", "period": "FY", "revenue": 446900000, "costOfRevenue": 344700000, "grossProfit": 102200000, "grossProfitRatio": 0.228686507, "researchAndDevelopmentExpenses": 0, "generalAndAdministrativeExpenses": 0, "sellingAndMarketingExpenses": 0, "sellingGeneralAndAdministrativeExpenses": 73300000, "otherExpenses": 4300000, "operatingExpenses": 77600000, "costAndExpenses": 422300000, "interestIncome": 0, "interestExpense": 0, "depreciationAndAmortization": 4300000, "ebitda": 27100000, "ebitdaratio": 0.0606399642, "operatingIncome": 24600000, "operatingIncomeRatio": 0.0550458716, "totalOtherIncomeExpensesNet": 1800000, "incomeBeforeTax": 24200000, "incomeBeforeTaxRatio": 0.0541508167, "incomeTaxExpense": 9800000, "netIncome": 14400000, "netIncomeRatio": 0.0322219736, "eps": 0.38, "epsdiluted": 0.38, "weightedAverageShsOut": 37894737, "weightedAverageShsOutDil": 37894737, "link": "", "finalLink": "", "calculatedOtherExpenses": 4300000, "calculatedOperatingExpenses": 77600000, "calculatedNetInterest": 0, "calculatedOtherIncome": -400000, "calculatedIncomeNonControlling": 0, "calculatedEbitda": 28900000}, {"date": "1993-12-31", "symbol": "RS", "reportedCurrency": "USD", "cik": "0000861884", "fillingDate": "1993-12-31", "acceptedDate": "1993-12-30 19:00:00", "calendarYear": "1993", "period": "FY", "revenue": 373100000, "costOfRevenue": 287100000, "grossProfit": 86000000, "grossProfitRatio": 0.2305012061, "researchAndDevelopmentExpenses": 0, "generalAndAdministrativeExpenses": 0, "sellingAndMarketingExpenses": 0, "sellingGeneralAndAdministrativeExpenses": 65100000, "otherExpenses": 3600000, "operatingExpenses": 68700000, "costAndExpenses": 355800000, "interestIncome": 0, "interestExpense": 0, "depreciationAndAmortization": 3600000, "ebitda": 20900000, "ebitdaratio": 0.0560171536, "operatingIncome": 17300000, "operatingIncomeRatio": 0.0463682659, "totalOtherIncomeExpensesNet": -2400000, "incomeBeforeTax": 14900000, "incomeBeforeTaxRatio": 0.0399356741, "incomeTaxExpense": 5700000, "netIncome": 9200000, "netIncomeRatio": 0.0246582686, "eps": 0.28, "epsdiluted": 0.28, "weightedAverageShsOut": 33454545, "weightedAverageShsOutDil": 33454545, "link": "", "finalLink": "", "calculatedOtherExpenses": 3600000, "calculatedOperatingExpenses": 68700000, "calculatedNetInterest": 0, "calculatedOtherIncome": -2400000, "calculatedIncomeNonControlling": 0, "calculatedEbitda": 20900000}]}