{"originalCurrency": "USD", "convertedCurrency": "USD", "report": [{"date": "2023-12-31", "symbol": "RSG", "reportedCurrency": "USD", "cik": "0001060391", "fillingDate": "2024-02-29", "acceptedDate": "2024-02-28 21:48:49", "calendarYear": "2023", "period": "FY", "revenue": 14964500000, "costOfRevenue": 10541500000, "grossProfit": 4423000000, "grossProfitRatio": 0.2955661733, "researchAndDevelopmentExpenses": 0, "generalAndAdministrativeExpenses": 1522000000, "sellingAndMarketingExpenses": 53200000, "sellingGeneralAndAdministrativeExpenses": 1575200000, "otherExpenses": -4500000, "operatingExpenses": 1579700000, "costAndExpenses": 12121200000, "interestIncome": 6500000, "interestExpense": 537500000, "depreciationAndAmortization": 1599300000, "ebitda": 4442600000, "ebitdaratio": 0.2968759397, "operatingIncome": 2843300000, "operatingIncomeRatio": 0.1900030071, "totalOtherIncomeExpensesNet": -651800000, "incomeBeforeTax": 2191500000, "incomeBeforeTaxRatio": 0.1464465903, "incomeTaxExpense": 460100000, "netIncome": 1731000000, "netIncomeRatio": 0.1156737612, "eps": 5.47, "epsdiluted": 5.47, "weightedAverageShsOut": 316182000, "weightedAverageShsOutDil": 316665000, "link": "https://www.sec.gov/Archives/edgar/data/1060391/000106039124000142/0001060391-24-000142-index.htm", "finalLink": "https://www.sec.gov/Archives/edgar/data/1060391/000106039124000142/rsg-20231231.htm", "calculatedOtherExpenses": 4500000, "calculatedOperatingExpenses": 1579700000, "calculatedNetInterest": -531000000, "calculatedOtherIncome": -120800000, "calculatedIncomeNonControlling": 400000, "calculatedEbitda": 4442600000}, {"date": "2022-12-31", "symbol": "RSG", "reportedCurrency": "USD", "cik": "0001060391", "fillingDate": "2023-02-23", "acceptedDate": "2023-02-22 20:23:31", "calendarYear": "2022", "period": "FY", "revenue": 13511300000, "costOfRevenue": 8204700000, "grossProfit": 5306600000, "grossProfitRatio": 0.3927527329, "researchAndDevelopmentExpenses": 0, "generalAndAdministrativeExpenses": 1335800000, "sellingAndMarketingExpenses": 118500000, "sellingGeneralAndAdministrativeExpenses": 1335800000, "otherExpenses": 1482700000, "operatingExpenses": 2818500000, "costAndExpenses": 11023200000, "interestIncome": 3300000, "interestExpense": 395600000, "depreciationAndAmortization": 1372700000, "ebitda": 3764400000, "ebitdaratio": 0.2786112365, "operatingIncome": 2391700000, "operatingIncomeRatio": 0.177014795, "totalOtherIncomeExpensesNet": -560200000, "incomeBeforeTax": 1831500000, "incomeBeforeTaxRatio": 0.1355532036, "incomeTaxExpense": 343900000, "netIncome": 1487600000, "netIncomeRatio": 0.1101004345, "eps": 4.7, "epsdiluted": 4.69, "weightedAverageShsOut": 316530000, "weightedAverageShsOutDil": 317080000, "link": "https://www.sec.gov/Archives/edgar/data/1060391/000106039123000008/0001060391-23-000008-index.htm", "finalLink": "https://www.sec.gov/Archives/edgar/data/1060391/000106039123000008/rsg-20221231.htm", "calculatedOtherExpenses": 1579100000, "calculatedOperatingExpenses": 2914900000, "calculatedNetInterest": -392300000, "calculatedOtherIncome": -167900000, "calculatedIncomeNonControlling": 0, "calculatedEbitda": 3764400000}, {"date": "2021-12-31", "symbol": "RSG", "reportedCurrency": "USD", "cik": "0001060391", "fillingDate": "2022-02-11", "acceptedDate": "2022-02-10 21:43:39", "calendarYear": "2021", "period": "FY", "revenue": 11295000000, "costOfRevenue": 6737700000, "grossProfit": 4557300000, "grossProfitRatio": 0.4034794157, "researchAndDevelopmentExpenses": 0, "generalAndAdministrativeExpenses": 1175900000, "sellingAndMarketingExpenses": 0, "sellingGeneralAndAdministrativeExpenses": 1175900000, "otherExpenses": 1288100000, "operatingExpenses": 2464000000, "costAndExpenses": 9201700000, "interestIncome": 2500000, "interestExpense": 314600000, "depreciationAndAmortization": 1098800000, "ebitda": 3175000000, "ebitdaratio": 0.2810978309, "operatingIncome": 2076200000, "operatingIncomeRatio": 0.1838158477, "totalOtherIncomeExpensesNet": -501100000, "incomeBeforeTax": 1575100000, "incomeBeforeTaxRatio": 0.1394510846, "incomeTaxExpense": 282800000, "netIncome": 1290400000, "netIncomeRatio": 0.1142452413, "eps": 4.05, "epsdiluted": 4.04, "weightedAverageShsOut": 318811000, "weightedAverageShsOutDil": 319425000, "link": "https://www.sec.gov/Archives/edgar/data/1060391/000106039122000007/0001060391-22-000007-index.htm", "finalLink": "https://www.sec.gov/Archives/edgar/data/1060391/000106039122000007/rsg-20211231.htm", "calculatedOtherExpenses": 1305200000, "calculatedOperatingExpenses": 2481100000, "calculatedNetInterest": -312100000, "calculatedOtherIncome": -189000000, "calculatedIncomeNonControlling": 1900000, "calculatedEbitda": 3175000000}, {"date": "2020-12-31", "symbol": "RSG", "reportedCurrency": "USD", "cik": "0001060391", "fillingDate": "2021-02-23", "acceptedDate": "2021-02-22 21:53:26", "calendarYear": "2020", "period": "FY", "revenue": 10153600000, "costOfRevenue": 6100500000, "grossProfit": 4053100000, "grossProfitRatio": 0.3991786165, "researchAndDevelopmentExpenses": 0, "generalAndAdministrativeExpenses": 1025200000, "sellingAndMarketingExpenses": 0, "sellingGeneralAndAdministrativeExpenses": 1025200000, "otherExpenses": 1186600000, "operatingExpenses": 2211800000, "costAndExpenses": 8312300000, "interestIncome": 5200000, "interestExpense": 355600000, "depreciationAndAmortization": 1182100000, "ebitda": 2891200000, "ebitdaratio": 0.2847462969, "operatingIncome": 1709100000, "operatingIncomeRatio": 0.1683245351, "totalOtherIncomeExpensesNet": -566400000, "incomeBeforeTax": 1142700000, "incomeBeforeTaxRatio": 0.1125413646, "incomeTaxExpense": 173100000, "netIncome": 967200000, "netIncomeRatio": 0.0952568547, "eps": 3.03, "epsdiluted": 3.02, "weightedAverageShsOut": 319282000, "weightedAverageShsOutDil": 319836000, "link": "https://www.sec.gov/Archives/edgar/data/1060391/000106039121000014/0001060391-21-000014-index.htm", "finalLink": "https://www.sec.gov/Archives/edgar/data/1060391/000106039121000014/rsg-20201231.htm", "calculatedOtherExpenses": 1318800000, "calculatedOperatingExpenses": 2344000000, "calculatedNetInterest": -350400000, "calculatedOtherIncome": -216000000, "calculatedIncomeNonControlling": 2400000, "calculatedEbitda": 2891200000}, {"date": "2019-12-31", "symbol": "RSG", "reportedCurrency": "USD", "cik": "0001060391", "fillingDate": "2020-02-14", "acceptedDate": "2020-02-13 22:00:11", "calendarYear": "2019", "period": "FY", "revenue": 10299400000, "costOfRevenue": 6298400000, "grossProfit": 4001000000, "grossProfitRatio": 0.3884692312, "researchAndDevelopmentExpenses": 0, "generalAndAdministrativeExpenses": 1042000000, "sellingAndMarketingExpenses": 0, "sellingGeneralAndAdministrativeExpenses": 1042000000, "otherExpenses": 1156400000, "operatingExpenses": 2198400000, "costAndExpenses": 8496800000, "interestIncome": 6400000, "interestExpense": 392000000, "depreciationAndAmortization": 1038400000, "ebitda": 2825600000, "ebitdaratio": 0.2743460784, "operatingIncome": 1787200000, "operatingIncomeRatio": 0.1735246713, "totalOtherIncomeExpensesNet": -491400000, "incomeBeforeTax": 1295800000, "incomeBeforeTaxRatio": 0.1258131542, "incomeTaxExpense": 222000000, "netIncome": 1073300000, "netIncomeRatio": 0.104209954, "eps": 3.34, "epsdiluted": 3.33, "weightedAverageShsOut": 321100000, "weightedAverageShsOutDil": 322000000, "link": "https://www.sec.gov/Archives/edgar/data/1060391/000106039120000016/0001060391-20-000016-index.htm", "finalLink": "https://www.sec.gov/Archives/edgar/data/1060391/000106039120000016/rsg-20191231.htm", "calculatedOtherExpenses": 1171800000, "calculatedOperatingExpenses": 2213800000, "calculatedNetInterest": -385600000, "calculatedOtherIncome": -105800000, "calculatedIncomeNonControlling": 500000, "calculatedEbitda": 2825600000}, {"date": "2018-12-31", "symbol": "RSG", "reportedCurrency": "USD", "cik": "0001060391", "fillingDate": "2019-02-08", "acceptedDate": "2019-02-07 21:08:41", "calendarYear": "2018", "period": "FY", "revenue": 10040900000, "costOfRevenue": 6150000000, "grossProfit": 3890900000, "grossProfitRatio": 0.3875051041, "researchAndDevelopmentExpenses": 0, "generalAndAdministrativeExpenses": 1059500000, "sellingAndMarketingExpenses": 0, "sellingGeneralAndAdministrativeExpenses": 1059500000, "otherExpenses": 3400000, "operatingExpenses": 2173600000, "costAndExpenses": 8323600000, "interestIncome": 1600000, "interestExpense": 383800000, "depreciationAndAmortization": 1114100000, "ebitda": 2800600000, "ebitdaratio": 0.2789192204, "operatingIncome": 1735800000, "operatingIncomeRatio": 0.1728729496, "totalOtherIncomeExpensesNet": -14200000, "incomeBeforeTax": 1320900000, "incomeBeforeTaxRatio": 0.1315519525, "incomeTaxExpense": 283300000, "netIncome": 1036900000, "netIncomeRatio": 0.1032676354, "eps": 3.17, "epsdiluted": 3.16, "weightedAverageShsOut": 326900000, "weightedAverageShsOutDil": 328400000, "link": "https://www.sec.gov/Archives/edgar/data/1060391/000106039119000008/0001060391-19-000008-index.htm", "finalLink": "https://www.sec.gov/Archives/edgar/data/1060391/000106039119000008/rsg-2018x1231x10xk.htm", "calculatedOtherExpenses": 1095600000, "calculatedOperatingExpenses": 2155100000, "calculatedNetInterest": -382200000, "calculatedOtherIncome": -32700000, "calculatedIncomeNonControlling": 700000, "calculatedEbitda": 2849900000}, {"date": "2017-12-31", "symbol": "RSG", "reportedCurrency": "USD", "cik": "0001060391", "fillingDate": "2018-02-09", "acceptedDate": "2018-02-08 21:50:43", "calendarYear": "2017", "period": "FY", "revenue": 10041500000, "costOfRevenue": 6214600000, "grossProfit": 3826900000, "grossProfitRatio": 0.3811084001, "researchAndDevelopmentExpenses": 0, "generalAndAdministrativeExpenses": 1026800000, "sellingAndMarketingExpenses": 0, "sellingGeneralAndAdministrativeExpenses": 1026800000, "otherExpenses": 2700000, "operatingExpenses": 2173500000, "costAndExpenses": 8388100000, "interestIncome": 1000000, "interestExpense": 361900000, "depreciationAndAmortization": 1116100000, "ebitda": 2745800000, "ebitdaratio": 0.2734452024, "operatingIncome": 1668500000, "operatingIncomeRatio": 0.1661604342, "totalOtherIncomeExpensesNet": -10400000, "incomeBeforeTax": 1282100000, "incomeBeforeTaxRatio": 0.1276801275, "incomeTaxExpense": 3100000, "netIncome": 1278400000, "netIncomeRatio": 0.1273116566, "eps": 3.79, "epsdiluted": 3.77, "weightedAverageShsOut": 337100000, "weightedAverageShsOutDil": 339000000, "link": "https://www.sec.gov/Archives/edgar/data/1060391/000106039118000005/0001060391-18-000005-index.htm", "finalLink": "https://www.sec.gov/Archives/edgar/data/1060391/000106039118000005/rsg-2017x1231x10xk.htm", "calculatedOtherExpenses": 1131600000, "calculatedOperatingExpenses": 2158400000, "calculatedNetInterest": -360900000, "calculatedOtherIncome": -25500000, "calculatedIncomeNonControlling": 600000, "calculatedEbitda": 2784600000}, {"date": "2016-12-31", "symbol": "RSG", "reportedCurrency": "USD", "cik": "0001060391", "fillingDate": "2017-02-17", "acceptedDate": "2017-02-16 19:15:45", "calendarYear": "2016", "period": "FY", "revenue": 9387700000, "costOfRevenue": 5764000000, "grossProfit": 3623700000, "grossProfitRatio": 0.3860050918, "researchAndDevelopmentExpenses": 0, "generalAndAdministrativeExpenses": 949400000, "sellingAndMarketingExpenses": 0, "sellingGeneralAndAdministrativeExpenses": 949400000, "otherExpenses": 1100000, "operatingExpenses": 2040000000, "costAndExpenses": 7804000000, "interestIncome": 900000, "interestExpense": 371300000, "depreciationAndAmortization": 1070200000, "ebitda": 2649800000, "ebitdaratio": 0.2822629611, "operatingIncome": 1537500000, "operatingIncomeRatio": 0.1637781352, "totalOtherIncomeExpensesNet": -247400000, "incomeBeforeTax": 965900000, "incomeBeforeTaxRatio": 0.1028899517, "incomeTaxExpense": 352700000, "netIncome": 612600000, "netIncomeRatio": 0.0652556004, "eps": 1.79, "epsdiluted": 1.78, "weightedAverageShsOut": 343000000, "weightedAverageShsOutDil": 344400000, "link": "https://www.sec.gov/Archives/edgar/data/1060391/000106039117000012/0001060391-17-000012-index.htm", "finalLink": "https://www.sec.gov/Archives/edgar/data/1060391/000106039117000012/rsg-2016x1231x10xk.htm", "calculatedOtherExpenses": 1136800000, "calculatedOperatingExpenses": 2086200000, "calculatedNetInterest": -370400000, "calculatedOtherIncome": -201200000, "calculatedIncomeNonControlling": 600000, "calculatedEbitda": 2607700000}, {"date": "2015-12-31", "symbol": "RSG", "reportedCurrency": "USD", "cik": "0001060391", "fillingDate": "2016-02-12", "acceptedDate": "2016-02-11 19:33:57", "calendarYear": "2015", "period": "FY", "revenue": 9115000000, "costOfRevenue": 5518600000, "grossProfit": 3596400000, "grossProfitRatio": 0.3945584202, "researchAndDevelopmentExpenses": 0, "generalAndAdministrativeExpenses": 960400000, "sellingAndMarketingExpenses": 0, "sellingGeneralAndAdministrativeExpenses": 960400000, "otherExpenses": 1200000, "operatingExpenses": 2033100000, "costAndExpenses": 7551700000, "interestIncome": 800000, "interestExpense": 364900000, "depreciationAndAmortization": 1050000000, "ebitda": 2615300000, "ebitdaratio": 0.286922655, "operatingIncome": 1558800000, "operatingIncomeRatio": 0.1710148108, "totalOtherIncomeExpensesNet": -3300000, "incomeBeforeTax": 1195900000, "incomeBeforeTaxRatio": 0.1312013165, "incomeTaxExpense": 445500000, "netIncome": 749900000, "netIncomeRatio": 0.0822709819, "eps": 2.14, "epsdiluted": 2.13, "weightedAverageShsOut": 350000000, "weightedAverageShsOutDil": 351400000, "link": "https://www.sec.gov/Archives/edgar/data/1060391/000106039116000060/0001060391-16-000060-index.htm", "finalLink": "https://www.sec.gov/Archives/edgar/data/1060391/000106039116000060/rsg-2015x1231x10xk.htm", "calculatedOtherExpenses": 1077200000, "calculatedOperatingExpenses": 2037600000, "calculatedNetInterest": -364100000, "calculatedOtherIncome": 1200000, "calculatedIncomeNonControlling": 500000, "calculatedEbitda": 2608800000}, {"date": "2014-12-31", "symbol": "RSG", "reportedCurrency": "USD", "cik": "0001060391", "fillingDate": "2015-02-23", "acceptedDate": "2015-02-23 17:27:05", "calendarYear": "2014", "period": "FY", "revenue": 8788300000, "costOfRevenue": 5628100000, "grossProfit": 3160200000, "grossProfitRatio": 0.3595917299, "researchAndDevelopmentExpenses": 0, "generalAndAdministrativeExpenses": 896300000, "sellingAndMarketingExpenses": 0, "sellingGeneralAndAdministrativeExpenses": 896300000, "otherExpenses": 1700000, "operatingExpenses": 1903800000, "costAndExpenses": 7531900000, "interestIncome": 600000, "interestExpense": 348700000, "depreciationAndAmortization": 984900000, "ebitda": 2243600000, "ebitdaratio": 0.2552939704, "operatingIncome": 1233100000, "operatingIncomeRatio": 0.1403115506, "totalOtherIncomeExpensesNet": -23000000, "incomeBeforeTax": 885300000, "incomeBeforeTaxRatio": 0.1007362061, "incomeTaxExpense": 337400000, "netIncome": 547600000, "netIncomeRatio": 0.0623101169, "eps": 1.54, "epsdiluted": 1.53, "weightedAverageShsOut": 356700000, "weightedAverageShsOutDil": 358100000, "link": "https://www.sec.gov/Archives/edgar/data/1060391/000106039115000010/0001060391-15-000010-index.htm", "finalLink": "https://www.sec.gov/Archives/edgar/data/1060391/000106039115000010/rsg-2014x1231x10xk.htm", "calculatedOtherExpenses": 1030800000, "calculatedOperatingExpenses": 1927100000, "calculatedNetInterest": -348100000, "calculatedOtherIncome": 300000, "calculatedIncomeNonControlling": 300000, "calculatedEbitda": 2218000000}, {"date": "2013-12-31", "symbol": "RSG", "reportedCurrency": "USD", "cik": "0001060391", "fillingDate": "2014-02-13", "acceptedDate": "2014-02-12 18:22:42", "calendarYear": "2013", "period": "FY", "revenue": 8417200000, "costOfRevenue": 5234700000, "grossProfit": 3182500000, "grossProfitRatio": 0.3780948534, "researchAndDevelopmentExpenses": 0, "generalAndAdministrativeExpenses": 837700000, "sellingAndMarketingExpenses": 0, "sellingGeneralAndAdministrativeExpenses": 837700000, "otherExpenses": 2300000, "operatingExpenses": 1807800000, "costAndExpenses": 7042500000, "interestIncome": 700000, "interestExpense": 360000000, "depreciationAndAmortization": 954000000, "ebitda": 2331700000, "ebitdaratio": 0.2770161099, "operatingIncome": 1210300000, "operatingIncomeRatio": 0.1437889084, "totalOtherIncomeExpensesNet": -164200000, "incomeBeforeTax": 851200000, "incomeBeforeTaxRatio": 0.1011262653, "incomeTaxExpense": 262100000, "netIncome": 588900000, "netIncomeRatio": 0.0699638835, "eps": 1.63, "epsdiluted": 1.62, "weightedAverageShsOut": 362100000, "weightedAverageShsOutDil": 363400000, "link": "https://www.sec.gov/Archives/edgar/data/1060391/000106039114000011/0001060391-14-000011-index.htm", "finalLink": "https://www.sec.gov/Archives/edgar/data/1060391/000106039114000011/rsg-2013x1231x10xk.htm", "calculatedOtherExpenses": 1134500000, "calculatedOperatingExpenses": 1972200000, "calculatedNetInterest": -359300000, "calculatedOtherIncome": 200000, "calculatedIncomeNonControlling": 200000, "calculatedEbitda": 2164300000}, {"date": "2012-12-31", "symbol": "RSG", "reportedCurrency": "USD", "cik": "0001060391", "fillingDate": "2013-02-15", "acceptedDate": "2013-02-15 15:24:35", "calendarYear": "2012", "period": "FY", "revenue": 8118300000, "costOfRevenue": 5005700000, "grossProfit": 3112600000, "grossProfitRatio": 0.3834053928, "researchAndDevelopmentExpenses": 0, "generalAndAdministrativeExpenses": 791200000, "sellingAndMarketingExpenses": 0, "sellingGeneralAndAdministrativeExpenses": 791200000, "otherExpenses": 3400000, "operatingExpenses": 1747800000, "costAndExpenses": 6753500000, "interestIncome": 1000000, "interestExpense": 388500000, "depreciationAndAmortization": 926900000, "ebitda": 2296100000, "ebitdaratio": 0.2828301492, "operatingIncome": 1320600000, "operatingIncomeRatio": 0.1626695244, "totalOtherIncomeExpensesNet": -153400000, "incomeBeforeTax": 823900000, "incomeBeforeTaxRatio": 0.1014867645, "incomeTaxExpense": 251800000, "netIncome": 571800000, "netIncomeRatio": 0.0704334651, "eps": 1.56, "epsdiluted": 1.55, "weightedAverageShsOut": 366900000, "weightedAverageShsOutDil": 368000000, "link": "https://www.sec.gov/Archives/edgar/data/1060391/000106039113000011/0001060391-13-000011-index.htm", "finalLink": "https://www.sec.gov/Archives/edgar/data/1060391/000106039113000011/rsg2012x1231x10xk.htm", "calculatedOtherExpenses": 1000800000, "calculatedOperatingExpenses": 1792000000, "calculatedNetInterest": -387500000, "calculatedOtherIncome": -109200000, "calculatedIncomeNonControlling": 300000, "calculatedEbitda": 2247500000}, {"date": "2011-12-31", "symbol": "RSG", "reportedCurrency": "USD", "cik": "0001060391", "fillingDate": "2012-02-17", "acceptedDate": "2012-02-17 13:58:44", "calendarYear": "2011", "period": "FY", "revenue": 8192900000, "costOfRevenue": 4865100000, "grossProfit": 3327800000, "grossProfitRatio": 0.4061809616, "researchAndDevelopmentExpenses": 0, "generalAndAdministrativeExpenses": 825400000, "sellingAndMarketingExpenses": 78000000, "sellingGeneralAndAdministrativeExpenses": 903400000, "otherExpenses": 921600000, "operatingExpenses": 1747000000, "costAndExpenses": 6612100000, "interestIncome": 300000, "interestExpense": 440200000, "depreciationAndAmortization": 843600000, "ebitda": 2424700000, "ebitdaratio": 0.2959513725, "operatingIncome": 1552700000, "operatingIncomeRatio": 0.1895177532, "totalOtherIncomeExpensesNet": -234600000, "incomeBeforeTax": 906300000, "incomeBeforeTaxRatio": 0.1106201711, "incomeTaxExpense": 317400000, "netIncome": 589200000, "netIncomeRatio": 0.0719159272, "eps": 1.57, "epsdiluted": 1.56, "weightedAverageShsOut": 376000000, "weightedAverageShsOutDil": 377600000, "link": "https://www.sec.gov/Archives/edgar/data/1060391/000119312512067094/0001193125-12-067094-index.htm", "finalLink": "https://www.sec.gov/Archives/edgar/data/1060391/000119312512067094/d266251d10k.htm", "calculatedOtherExpenses": 871700000, "calculatedOperatingExpenses": 1775100000, "calculatedNetInterest": -439900000, "calculatedOtherIncome": -206500000, "calculatedIncomeNonControlling": -300000, "calculatedEbitda": 2396300000}, {"date": "2010-12-31", "symbol": "RSG", "reportedCurrency": "USD", "cik": "0001060391", "fillingDate": "2011-02-18", "acceptedDate": "2011-02-18 16:11:53", "calendarYear": "2010", "period": "FY", "revenue": 8106600000, "costOfRevenue": 4764800000, "grossProfit": 3341800000, "grossProfitRatio": 0.4122320085, "researchAndDevelopmentExpenses": 0, "generalAndAdministrativeExpenses": 858000000, "sellingAndMarketingExpenses": 80500000, "sellingGeneralAndAdministrativeExpenses": 938500000, "otherExpenses": 914200000, "operatingExpenses": 1791300000, "costAndExpenses": 6556100000, "interestIncome": 700000, "interestExpense": 507400000, "depreciationAndAmortization": 833700000, "ebitda": 2390300000, "ebitdaratio": 0.2948585103, "operatingIncome": 1539100000, "operatingIncomeRatio": 0.1898576469, "totalOtherIncomeExpensesNet": -172200000, "incomeBeforeTax": 877000000, "incomeBeforeTaxRatio": 0.1081834555, "incomeTaxExpense": 369500000, "netIncome": 506500000, "netIncomeRatio": 0.0624799546, "eps": 1.32, "epsdiluted": 1.32, "weightedAverageShsOut": 383000000, "weightedAverageShsOutDil": 385100000, "link": "https://www.sec.gov/Archives/edgar/data/1060391/000095012311015710/0000950123-11-015710-index.htm", "finalLink": "https://www.sec.gov/Archives/edgar/data/1060391/000095012311015710/p18372e10vk.htm", "calculatedOtherExpenses": 864200000, "calculatedOperatingExpenses": 1802700000, "calculatedNetInterest": -506700000, "calculatedOtherIncome": -155400000, "calculatedIncomeNonControlling": 1000000, "calculatedEbitda": 2372800000}, {"date": "2009-12-31", "symbol": "RSG", "reportedCurrency": "USD", "cik": "0001060391", "fillingDate": "2010-02-24", "acceptedDate": "2010-02-24 16:17:26", "calendarYear": "2009", "period": "FY", "revenue": 8199100000, "costOfRevenue": 4844200000, "grossProfit": 3354900000, "grossProfitRatio": 0.4091790562, "researchAndDevelopmentExpenses": 0, "generalAndAdministrativeExpenses": 969200000, "sellingAndMarketingExpenses": 0, "sellingGeneralAndAdministrativeExpenses": 969200000, "otherExpenses": 869700000, "operatingExpenses": 1838900000, "costAndExpenses": 6683100000, "interestIncome": 2000000, "interestExpense": 595900000, "depreciationAndAmortization": 869700000, "ebitda": 2387700000, "ebitdaratio": 0.2912148894, "operatingIncome": 1589800000, "operatingIncomeRatio": 0.1938993304, "totalOtherIncomeExpensesNet": -57100000, "incomeBeforeTax": 865000000, "incomeBeforeTaxRatio": 0.1054993841, "incomeTaxExpense": 368500000, "netIncome": 495000000, "netIncomeRatio": 0.0603724799, "eps": 1.3, "epsdiluted": 1.3, "weightedAverageShsOut": 379700000, "weightedAverageShsOutDil": 381000000, "link": "https://www.sec.gov/Archives/edgar/data/1060391/000095012310016361/0000950123-10-016361-index.htm", "finalLink": "https://www.sec.gov/Archives/edgar/data/1060391/000095012310016361/p16448e10vk.htm", "calculatedOtherExpenses": 795900000, "calculatedOperatingExpenses": 1765100000, "calculatedNetInterest": -593900000, "calculatedOtherIncome": -130900000, "calculatedIncomeNonControlling": 1500000, "calculatedEbitda": 2459500000}, {"date": "2008-12-31", "symbol": "RSG", "reportedCurrency": "USD", "cik": "0001060391", "fillingDate": "2009-03-02", "acceptedDate": "2009-03-02 16:01:39", "calendarYear": "2008", "period": "FY", "revenue": 3685100000, "costOfRevenue": 2416700000, "grossProfit": 1268400000, "grossProfitRatio": 0.344196901, "researchAndDevelopmentExpenses": 0, "generalAndAdministrativeExpenses": 434700000, "sellingAndMarketingExpenses": 0, "sellingGeneralAndAdministrativeExpenses": 434700000, "otherExpenses": 467800000, "operatingExpenses": 902500000, "costAndExpenses": 3319200000, "interestIncome": 9600000, "interestExpense": -131900000, "depreciationAndAmortization": 354100000, "ebitda": 918000000, "ebitdaratio": 0.249111286, "operatingIncome": 283200000, "operatingIncomeRatio": 0.0768500176, "totalOtherIncomeExpensesNet": -198000000, "incomeBeforeTax": 159300000, "incomeBeforeTaxRatio": 0.0432281349, "incomeTaxExpense": 85400000, "netIncome": 73800000, "netIncomeRatio": 0.0200265936, "eps": 0.38, "epsdiluted": 0.37, "weightedAverageShsOut": 196700000, "weightedAverageShsOutDil": 198400000, "link": "https://www.sec.gov/Archives/edgar/data/1060391/000095015309000172/0000950153-09-000172-index.htm", "finalLink": "https://www.sec.gov/Archives/edgar/data/1060391/000095015309000172/p14076e10vk.htm", "calculatedOtherExpenses": 550500000, "calculatedOperatingExpenses": 985200000, "calculatedNetInterest": 141500000, "calculatedOtherIncome": -265400000, "calculatedIncomeNonControlling": 100000, "calculatedEbitda": 637300000}, {"date": "2007-12-31", "symbol": "RSG", "reportedCurrency": "USD", "cik": "0001060391", "fillingDate": "2008-02-21", "acceptedDate": "2008-02-21 17:23:22", "calendarYear": "2007", "period": "FY", "revenue": 3176200000, "costOfRevenue": 1997300000, "grossProfit": 1178900000, "grossProfitRatio": 0.3711668031, "researchAndDevelopmentExpenses": 0, "generalAndAdministrativeExpenses": 320300000, "sellingAndMarketingExpenses": 0, "sellingGeneralAndAdministrativeExpenses": 320300000, "otherExpenses": 322600000, "operatingExpenses": 642900000, "costAndExpenses": 2640200000, "interestIncome": 12800000, "interestExpense": -94800000, "depreciationAndAmortization": 305500000, "ebitda": 844500000, "ebitdaratio": 0.2658837605, "operatingIncome": 536000000, "operatingIncomeRatio": 0.1687551162, "totalOtherIncomeExpensesNet": -3000000, "incomeBeforeTax": 468100000, "incomeBeforeTaxRatio": 0.1473773692, "incomeTaxExpense": 177900000, "netIncome": 290200000, "netIncomeRatio": 0.0913670424, "eps": 1.53, "epsdiluted": 1.51, "weightedAverageShsOut": 190100000, "weightedAverageShsOutDil": 192000000, "link": "https://www.sec.gov/Archives/edgar/data/1060391/000095014408001276/0000950144-08-001276-index.htm", "finalLink": "https://www.sec.gov/Archives/edgar/data/1060391/000095014408001276/g11818e10vk.htm", "calculatedOtherExpenses": 322600000, "calculatedOperatingExpenses": 642900000, "calculatedNetInterest": 107600000, "calculatedOtherIncome": -175500000, "calculatedIncomeNonControlling": 0, "calculatedEbitda": 841500000}, {"date": "2006-12-31", "symbol": "RSG", "reportedCurrency": "USD", "cik": "0001060391", "fillingDate": "2007-02-23", "acceptedDate": "2007-02-23 16:21:18", "calendarYear": "2006", "period": "FY", "revenue": 3070600000, "costOfRevenue": 1924400000, "grossProfit": 1146200000, "grossProfitRatio": 0.3732820947, "researchAndDevelopmentExpenses": 0, "generalAndAdministrativeExpenses": 315000000, "sellingAndMarketingExpenses": 0, "sellingGeneralAndAdministrativeExpenses": 315000000, "otherExpenses": 311700000, "operatingExpenses": 626700000, "costAndExpenses": 2551100000, "interestIncome": 15800000, "interestExpense": -95800000, "depreciationAndAmortization": 296000000, "ebitda": 827000000, "ebitdaratio": 0.26932847, "operatingIncome": 519500000, "operatingIncomeRatio": 0.1691851755, "totalOtherIncomeExpensesNet": -11500000, "incomeBeforeTax": 443700000, "incomeBeforeTaxRatio": 0.1444994464, "incomeTaxExpense": 164100000, "netIncome": 279600000, "netIncomeRatio": 0.0910571224, "eps": 1.41, "epsdiluted": 1.39, "weightedAverageShsOut": 198200000, "weightedAverageShsOutDil": 200600000, "link": "https://www.sec.gov/Archives/edgar/data/1060391/000095014407001564/0000950144-07-001564-index.htm", "finalLink": "https://www.sec.gov/Archives/edgar/data/1060391/000095014407001564/g05604e10vk.htm", "calculatedOtherExpenses": 311700000, "calculatedOperatingExpenses": 626700000, "calculatedNetInterest": 111600000, "calculatedOtherIncome": -187400000, "calculatedIncomeNonControlling": 0, "calculatedEbitda": 815500000}, {"date": "2005-12-31", "symbol": "RSG", "reportedCurrency": "USD", "cik": "0001060391", "fillingDate": "2006-02-24", "acceptedDate": "2006-02-24 16:13:42", "calendarYear": "2005", "period": "FY", "revenue": 2863900000, "costOfRevenue": 1803900000, "grossProfit": 1060000000, "grossProfitRatio": 0.3701246552, "researchAndDevelopmentExpenses": 0, "generalAndAdministrativeExpenses": 304000000, "sellingAndMarketingExpenses": 0, "sellingGeneralAndAdministrativeExpenses": 304000000, "otherExpenses": 278800000, "operatingExpenses": 582800000, "costAndExpenses": 2386700000, "interestIncome": 11400000, "interestExpense": -81000000, "depreciationAndAmortization": 278800000, "ebitda": 754400000, "ebitdaratio": 0.2634170188, "operatingIncome": 477200000, "operatingIncomeRatio": 0.1666259297, "totalOtherIncomeExpensesNet": 1600000, "incomeBeforeTax": 409200000, "incomeBeforeTaxRatio": 0.1428820839, "incomeTaxExpense": 155500000, "netIncome": 253700000, "netIncomeRatio": 0.0885854953, "eps": 1.23, "epsdiluted": 1.2, "weightedAverageShsOut": 207000000, "weightedAverageShsOutDil": 210800000, "link": "https://www.sec.gov/Archives/edgar/data/1060391/000095014406001501/0000950144-06-001501-index.htm", "finalLink": "https://www.sec.gov/Archives/edgar/data/1060391/000095014406001501/g99735e10vk.htm", "calculatedOtherExpenses": 278800000, "calculatedOperatingExpenses": 582800000, "calculatedNetInterest": 92400000, "calculatedOtherIncome": -160400000, "calculatedIncomeNonControlling": 0, "calculatedEbitda": 756000000}, {"date": "2004-12-31", "symbol": "RSG", "reportedCurrency": "USD", "cik": "0001060391", "fillingDate": "2005-02-25", "acceptedDate": "2005-02-25 16:36:18", "calendarYear": "2004", "period": "FY", "revenue": 2708100000, "costOfRevenue": 1714400000, "grossProfit": 993700000, "grossProfitRatio": 0.3669362284, "researchAndDevelopmentExpenses": 0, "generalAndAdministrativeExpenses": 282000000, "sellingAndMarketingExpenses": 0, "sellingGeneralAndAdministrativeExpenses": 282000000, "otherExpenses": 259400000, "operatingExpenses": 541400000, "costAndExpenses": 2255800000, "interestIncome": 6900000, "interestExpense": -76700000, "depreciationAndAmortization": 259400000, "ebitda": 710500000, "ebitdaratio": 0.262361065, "operatingIncome": 452300000, "operatingIncomeRatio": 0.1670174661, "totalOtherIncomeExpensesNet": 1200000, "incomeBeforeTax": 383700000, "incomeBeforeTaxRatio": 0.141686053, "incomeTaxExpense": 145800000, "netIncome": 237900000, "netIncomeRatio": 0.0878475684, "eps": 1.1, "epsdiluted": 1.08, "weightedAverageShsOut": 217300000, "weightedAverageShsOutDil": 221100000, "link": "https://www.sec.gov/Archives/edgar/data/1060391/000095014405001868/0000950144-05-001868-index.htm", "finalLink": "https://www.sec.gov/Archives/edgar/data/1060391/000095014405001868/g93417e10vk.htm", "calculatedOtherExpenses": 259400000, "calculatedOperatingExpenses": 541400000, "calculatedNetInterest": 83600000, "calculatedOtherIncome": -152200000, "calculatedIncomeNonControlling": 0, "calculatedEbitda": 711700000}, {"date": "2003-12-31", "symbol": "RSG", "reportedCurrency": "USD", "cik": "0001060391", "fillingDate": "2004-03-12", "acceptedDate": "2004-03-11 17:51:28", "calendarYear": "2003", "period": "FY", "revenue": 2517800000, "costOfRevenue": 1605400000, "grossProfit": 912400000, "grossProfitRatio": 0.3623798554, "researchAndDevelopmentExpenses": 0, "generalAndAdministrativeExpenses": 260600000, "sellingAndMarketingExpenses": 0, "sellingGeneralAndAdministrativeExpenses": 260600000, "otherExpenses": 239100000, "operatingExpenses": 499700000, "costAndExpenses": 2105100000, "interestIncome": 9500000, "interestExpense": -78000000, "depreciationAndAmortization": 239100000, "ebitda": 648600000, "ebitdaratio": 0.2576058464, "operatingIncome": 412700000, "operatingIncomeRatio": 0.1639129399, "totalOtherIncomeExpensesNet": 3200000, "incomeBeforeTax": 347400000, "incomeBeforeTaxRatio": 0.1379775995, "incomeTaxExpense": 132000000, "netIncome": 177600000, "netIncomeRatio": 0.0705377711, "eps": 0.79, "epsdiluted": 0.78, "weightedAverageShsOut": 224800000, "weightedAverageShsOutDil": 227600000, "link": "https://www.sec.gov/Archives/edgar/data/1060391/000095014404002337/0000950144-04-002337-index.htm", "finalLink": "https://www.sec.gov/Archives/edgar/data/1060391/000095014404002337/g87671e10vk.htm", "calculatedOtherExpenses": 239100000, "calculatedOperatingExpenses": 499700000, "calculatedNetInterest": 87500000, "calculatedOtherIncome": -152800000, "calculatedIncomeNonControlling": 37800000, "calculatedEbitda": 651800000}, {"date": "2002-12-31", "symbol": "RSG", "reportedCurrency": "USD", "cik": "0001060391", "fillingDate": "2003-03-27", "acceptedDate": "2003-03-27 16:27:48", "calendarYear": "2002", "period": "FY", "revenue": 2365100000, "costOfRevenue": 1472900000, "grossProfit": 892200000, "grossProfitRatio": 0.3772356349, "researchAndDevelopmentExpenses": 0, "generalAndAdministrativeExpenses": 238700000, "sellingAndMarketingExpenses": 0, "sellingGeneralAndAdministrativeExpenses": 238700000, "otherExpenses": 194000000, "operatingExpenses": 432700000, "costAndExpenses": 1905600000, "interestIncome": 0, "interestExpense": 0, "depreciationAndAmortization": 199600000, "ebitda": 653800000, "ebitdaratio": 0.2764365143, "operatingIncome": 459500000, "operatingIncomeRatio": 0.1942835398, "totalOtherIncomeExpensesNet": 5300000, "incomeBeforeTax": 386500000, "incomeBeforeTaxRatio": 0.1634180373, "incomeTaxExpense": 146900000, "netIncome": 239600000, "netIncomeRatio": 0.1013064987, "eps": 0.96, "epsdiluted": 0.96, "weightedAverageShsOut": 250050000, "weightedAverageShsOutDil": 250050000, "link": "https://www.sec.gov/Archives/edgar/data/1060391/000095014403003923/0000950144-03-003923-index.htm", "finalLink": "https://www.sec.gov/Archives/edgar/data/1060391/000095014403003923/g81519e10vk.txt", "calculatedOtherExpenses": 194000000, "calculatedOperatingExpenses": 432700000, "calculatedNetInterest": 0, "calculatedOtherIncome": -73000000, "calculatedIncomeNonControlling": 0, "calculatedEbitda": 659100000}, {"date": "2001-12-31", "symbol": "RSG", "reportedCurrency": "USD", "cik": "0001060391", "fillingDate": "2002-03-28", "acceptedDate": "2002-03-28 00:00:00", "calendarYear": "2001", "period": "FY", "revenue": 2257500000, "costOfRevenue": 1422500000, "grossProfit": 835000000, "grossProfitRatio": 0.3698781838, "researchAndDevelopmentExpenses": 0, "generalAndAdministrativeExpenses": 236500000, "sellingAndMarketingExpenses": 0, "sellingGeneralAndAdministrativeExpenses": 236500000, "otherExpenses": 215400000, "operatingExpenses": 451900000, "costAndExpenses": 1874400000, "interestIncome": 0, "interestExpense": 0, "depreciationAndAmortization": 153900000, "ebitda": 696600000, "ebitdaratio": 0.3085714286, "operatingIncome": 383100000, "operatingIncomeRatio": 0.1697009967, "totalOtherIncomeExpensesNet": -98100000, "incomeBeforeTax": 209300000, "incomeBeforeTaxRatio": 0.0927131783, "incomeTaxExpense": 83800000, "netIncome": 125500000, "netIncomeRatio": 0.0555924695, "eps": 0.49, "epsdiluted": 0.49, "weightedAverageShsOut": 256650000, "weightedAverageShsOutDil": 256650000, "link": "https://www.sec.gov/Archives/edgar/data/1060391/000095014402002988/0000950144-02-002988-index.htm", "finalLink": "https://www.sec.gov/Archives/edgar/data/1060391/000095014402002988/g74827e10-k.txt", "calculatedOtherExpenses": 215400000, "calculatedOperatingExpenses": 451900000, "calculatedNetInterest": 0, "calculatedOtherIncome": -173800000, "calculatedIncomeNonControlling": 0, "calculatedEbitda": 537000000}, {"date": "2000-12-31", "symbol": "RSG", "reportedCurrency": "USD", "cik": "0001060391", "fillingDate": "2001-02-22", "acceptedDate": "2001-02-22 00:00:00", "calendarYear": "2000", "period": "FY", "revenue": 2103300000, "costOfRevenue": 1271300000, "grossProfit": 832000000, "grossProfitRatio": 0.395568868, "researchAndDevelopmentExpenses": 0, "generalAndAdministrativeExpenses": 200600000, "sellingAndMarketingExpenses": 0, "sellingGeneralAndAdministrativeExpenses": 200600000, "otherExpenses": 197400000, "operatingExpenses": 398000000, "costAndExpenses": 1669300000, "interestIncome": 0, "interestExpense": 0, "depreciationAndAmortization": 197400000, "ebitda": 629100000, "ebitdaratio": 0.2991014121, "operatingIncome": 434000000, "operatingIncomeRatio": 0.2063424143, "totalOtherIncomeExpensesNet": 2300000, "incomeBeforeTax": 356400000, "incomeBeforeTaxRatio": 0.1694480103, "incomeTaxExpense": 135400000, "netIncome": 221000000, "netIncomeRatio": 0.1050729806, "eps": 0.84, "epsdiluted": 0.84, "weightedAverageShsOut": 262500000, "weightedAverageShsOutDil": 262500000, "link": "https://www.sec.gov/Archives/edgar/data/1060391/000095014401003018/0000950144-01-003018-index.htm", "finalLink": "https://www.sec.gov/Archives/edgar/data/1060391/000095014401003018/g67177e10-k405.txt", "calculatedOtherExpenses": 197400000, "calculatedOperatingExpenses": 398000000, "calculatedNetInterest": 0, "calculatedOtherIncome": -77600000, "calculatedIncomeNonControlling": 0, "calculatedEbitda": 631400000}, {"date": "1999-12-31", "symbol": "RSG", "reportedCurrency": "USD", "cik": "0001060391", "fillingDate": "2000-03-13", "acceptedDate": "2000-03-13 00:00:00", "calendarYear": "1999", "period": "FY", "revenue": 1838500000, "costOfRevenue": 1101100000, "grossProfit": 737400000, "grossProfitRatio": 0.4010878434, "researchAndDevelopmentExpenses": 0, "generalAndAdministrativeExpenses": 183600000, "sellingAndMarketingExpenses": 0, "sellingGeneralAndAdministrativeExpenses": 183600000, "otherExpenses": 163200000, "operatingExpenses": 346800000, "costAndExpenses": 1447900000, "interestIncome": 0, "interestExpense": 0, "depreciationAndAmortization": 163200000, "ebitda": 557200000, "ebitdaratio": 0.3030731575, "operatingIncome": 390600000, "operatingIncomeRatio": 0.2124558064, "totalOtherIncomeExpensesNet": -3400000, "incomeBeforeTax": 326500000, "incomeBeforeTaxRatio": 0.177590427, "incomeTaxExpense": 125700000, "netIncome": 200800000, "netIncomeRatio": 0.1092194724, "eps": 0.76, "epsdiluted": 0.76, "weightedAverageShsOut": 263550000, "weightedAverageShsOutDil": 263550000, "link": "https://www.sec.gov/Archives/edgar/data/1060391/000095014400003134/0000950144-00-003134-index.html", "finalLink": "https://www.sec.gov/Archives/edgar/data/1060391/000095014400003134/", "calculatedOtherExpenses": 163200000, "calculatedOperatingExpenses": 346800000, "calculatedNetInterest": 0, "calculatedOtherIncome": -64100000, "calculatedIncomeNonControlling": 0, "calculatedEbitda": 553800000}, {"date": "1998-12-31", "symbol": "RSG", "reportedCurrency": "USD", "cik": "0001060391", "fillingDate": "1999-01-29", "acceptedDate": "1999-01-29 00:00:00", "calendarYear": "1998", "period": "FY", "revenue": 1369100000, "costOfRevenue": 842700000, "grossProfit": 526400000, "grossProfitRatio": 0.3844861588, "researchAndDevelopmentExpenses": 0, "generalAndAdministrativeExpenses": 135800000, "sellingAndMarketingExpenses": 0, "sellingGeneralAndAdministrativeExpenses": 135800000, "otherExpenses": 106300000, "operatingExpenses": 242100000, "costAndExpenses": 1084800000, "interestIncome": 0, "interestExpense": 0, "depreciationAndAmortization": 106300000, "ebitda": 390000000, "ebitdaratio": 0.2848586663, "operatingIncome": 284300000, "operatingIncomeRatio": 0.2076546636, "totalOtherIncomeExpensesNet": 600000, "incomeBeforeTax": 240200000, "incomeBeforeTaxRatio": 0.1754437222, "incomeTaxExpense": 86500000, "netIncome": 153700000, "netIncomeRatio": 0.1122635308, "eps": 0.75, "epsdiluted": 0.75, "weightedAverageShsOut": 204026549, "weightedAverageShsOutDil": 204026549, "link": "https://www.sec.gov/Archives/edgar/data/1060391/000095014499000670/0000950144-99-000670-index.html", "finalLink": "https://www.sec.gov/Archives/edgar/data/1060391/", "calculatedOtherExpenses": 106300000, "calculatedOperatingExpenses": 242100000, "calculatedNetInterest": 0, "calculatedOtherIncome": -44100000, "calculatedIncomeNonControlling": 0, "calculatedEbitda": 390600000}]}