{"originalCurrency": "GBP", "convertedCurrency": "GBP", "report": [{"date": "2023-12-31", "symbol": "RTO", "reportedCurrency": "GBP", "cik": "0000930157", "fillingDate": "2024-03-27", "acceptedDate": "2024-03-27 06:05:59", "calendarYear": "2023", "period": "FY", "revenue": 5375000000, "costOfRevenue": 3878000000, "grossProfit": 1497000000, "grossProfitRatio": 0.2785116279, "researchAndDevelopmentExpenses": 7000000, "generalAndAdministrativeExpenses": 0, "sellingAndMarketingExpenses": 0, "sellingGeneralAndAdministrativeExpenses": 731000000, "otherExpenses": 0, "operatingExpenses": 731000000, "costAndExpenses": 4609000000, "interestIncome": 25000000, "interestExpense": 189000000, "depreciationAndAmortization": 592000000, "ebitda": 1358000000, "ebitdaratio": 0.2526511628, "operatingIncome": 766000000, "operatingIncomeRatio": 0.1425116279, "totalOtherIncomeExpensesNet": -282000000, "incomeBeforeTax": 484000000, "incomeBeforeTaxRatio": 0.0900465116, "incomeTaxExpense": 112000000, "netIncome": 381000000, "netIncomeRatio": 0.0708837209, "eps": 0.15, "epsdiluted": 0.15, "weightedAverageShsOut": 2516000000, "weightedAverageShsOutDil": 2527000000, "link": "https://www.sec.gov/Archives/edgar/data/930157/000110465924039234/0001104659-24-039234-index.htm", "finalLink": "https://www.sec.gov/Archives/edgar/data/930157/000110465924039234/rto-20231231x20f.htm", "calculatedOtherExpenses": -7000000, "calculatedOperatingExpenses": 731000000, "calculatedNetInterest": -164000000, "calculatedOtherIncome": -118000000, "calculatedIncomeNonControlling": -9000000, "calculatedEbitda": 1358000000}, {"date": "2022-12-31", "symbol": "RTO", "reportedCurrency": "GBP", "cik": "0000930157", "fillingDate": "2023-04-04", "acceptedDate": "2023-04-04 06:23:57", "calendarYear": "2022", "period": "FY", "revenue": 3714000000, "costOfRevenue": 2737000000, "grossProfit": 977000000, "grossProfitRatio": 0.2630586968, "researchAndDevelopmentExpenses": 5000000, "generalAndAdministrativeExpenses": 0, "sellingAndMarketingExpenses": 0, "sellingGeneralAndAdministrativeExpenses": 479000000, "otherExpenses": 0, "operatingExpenses": 479000000, "costAndExpenses": 3216000000, "interestIncome": 5000000, "interestExpense": 74000000, "depreciationAndAmortization": 386000000, "ebitda": 884000000, "ebitdaratio": 0.2380183091, "operatingIncome": 498000000, "operatingIncomeRatio": 0.1340872375, "totalOtherIncomeExpensesNet": -211000000, "incomeBeforeTax": 287000000, "incomeBeforeTaxRatio": 0.077275175, "incomeTaxExpense": 64000000, "netIncome": 232000000, "netIncomeRatio": 0.0624663436, "eps": 0.12, "epsdiluted": 0.12, "weightedAverageShsOut": 2002000000, "weightedAverageShsOutDil": 2014000000, "link": "https://www.sec.gov/Archives/edgar/data/930157/000110465923041155/0001104659-23-041155-index.htm", "finalLink": "https://www.sec.gov/Archives/edgar/data/930157/000110465923041155/rto-20221231x20f.htm", "calculatedOtherExpenses": -5000000, "calculatedOperatingExpenses": 479000000, "calculatedNetInterest": -69000000, "calculatedOtherIncome": -142000000, "calculatedIncomeNonControlling": -9000000, "calculatedEbitda": 884000000}, {"date": "2021-12-31", "symbol": "RTO", "reportedCurrency": "GBP", "cik": "0000930157", "fillingDate": "2021-12-31", "acceptedDate": "2021-12-30 19:00:00", "calendarYear": "2021", "period": "FY", "revenue": 2953900000, "costOfRevenue": 2239100000, "grossProfit": 714800000, "grossProfitRatio": 0.2419851721, "researchAndDevelopmentExpenses": 5000000, "generalAndAdministrativeExpenses": 0, "sellingAndMarketingExpenses": 0, "sellingGeneralAndAdministrativeExpenses": 348600000, "otherExpenses": 0, "operatingExpenses": 348600000, "costAndExpenses": 2587700000, "interestIncome": 800000, "interestExpense": 33299999, "depreciationAndAmortization": 326500000, "ebitda": 692700000, "ebitdaratio": 0.2345035377, "operatingIncome": 366200000, "operatingIncomeRatio": 0.1239716984, "totalOtherIncomeExpensesNet": -49200000, "incomeBeforeTax": 317000000, "incomeBeforeTaxRatio": 0.1073157521, "incomeTaxExpense": 61900000, "netIncome": 263000000, "netIncomeRatio": 0.0890348353, "eps": 0.14, "epsdiluted": 0.14, "weightedAverageShsOut": 1858100000, "weightedAverageShsOutDil": 1866300000, "link": null, "finalLink": null, "calculatedOtherExpenses": -5000000, "calculatedOperatingExpenses": 348600000, "calculatedNetInterest": -32499999, "calculatedOtherIncome": -16700001, "calculatedIncomeNonControlling": -7900000, "calculatedEbitda": 692700000}, {"date": "2020-12-31", "symbol": "RTO", "reportedCurrency": "GBP", "cik": "0000930157", "fillingDate": "2020-12-31", "acceptedDate": "2020-12-30 19:00:00", "calendarYear": "2020", "period": "FY", "revenue": 2789400000, "costOfRevenue": 2136400000, "grossProfit": 653000000, "grossProfitRatio": 0.2341005234, "researchAndDevelopmentExpenses": 0, "generalAndAdministrativeExpenses": 0, "sellingAndMarketingExpenses": 0, "sellingGeneralAndAdministrativeExpenses": 352000000, "otherExpenses": 0, "operatingExpenses": 352000000, "costAndExpenses": 2488400000, "interestIncome": 2300000, "interestExpense": 40300000, "depreciationAndAmortization": 324700000, "ebitda": 625700000, "ebitdaratio": 0.2243134724, "operatingIncome": 301000000, "operatingIncomeRatio": 0.1079085108, "totalOtherIncomeExpensesNet": -79500000, "incomeBeforeTax": 221500000, "incomeBeforeTaxRatio": 0.0794077579, "incomeTaxExpense": 43500000, "netIncome": 186000000, "netIncomeRatio": 0.0666810067, "eps": 0.1, "epsdiluted": 0.0998, "weightedAverageShsOut": 1853200000, "weightedAverageShsOutDil": 1862900000, "link": null, "finalLink": null, "calculatedOtherExpenses": 0, "calculatedOperatingExpenses": 352000000, "calculatedNetInterest": -38000000, "calculatedOtherIncome": -41500000, "calculatedIncomeNonControlling": -8000000, "calculatedEbitda": 625700000}, {"date": "2019-12-31", "symbol": "RTO", "reportedCurrency": "GBP", "cik": "0000930157", "fillingDate": "2019-12-31", "acceptedDate": "2019-12-30 19:00:00", "calendarYear": "2019", "period": "FY", "revenue": 2676200000, "costOfRevenue": 2099000000, "grossProfit": 577200000, "grossProfitRatio": 0.2156789478, "researchAndDevelopmentExpenses": 0, "generalAndAdministrativeExpenses": 0, "sellingAndMarketingExpenses": 0, "sellingGeneralAndAdministrativeExpenses": 322500000, "otherExpenses": 0, "operatingExpenses": 322500000, "costAndExpenses": 2421500000, "interestIncome": 4099999, "interestExpense": 38200000, "depreciationAndAmortization": 325900000, "ebitda": 580600000, "ebitdaratio": 0.2169494059, "operatingIncome": 254700000, "operatingIncomeRatio": 0.0951722592, "totalOtherIncomeExpensesNet": 68600000, "incomeBeforeTax": 323300000, "incomeBeforeTaxRatio": 0.1208056199, "incomeTaxExpense": 54700000, "netIncome": 283800000, "netIncomeRatio": 0.106045886, "eps": 0.15, "epsdiluted": 0.15, "weightedAverageShsOut": 1849000000, "weightedAverageShsOutDil": 1860500000, "link": null, "finalLink": null, "calculatedOtherExpenses": 0, "calculatedOperatingExpenses": 322500000, "calculatedNetInterest": -34100001, "calculatedOtherIncome": 102700001, "calculatedIncomeNonControlling": -15200000, "calculatedEbitda": 580600000}, {"date": "2018-12-31", "symbol": "RTO", "reportedCurrency": "GBP", "cik": "0000930157", "fillingDate": "2018-12-31", "acceptedDate": "2018-12-30 19:00:00", "calendarYear": "2018", "period": "FY", "revenue": 2472300000, "costOfRevenue": 514200000, "grossProfit": 1958100000, "grossProfitRatio": 0.7920155321, "researchAndDevelopmentExpenses": 0, "generalAndAdministrativeExpenses": 0, "sellingAndMarketingExpenses": 0, "sellingGeneralAndAdministrativeExpenses": 1364000000, "otherExpenses": 7000000, "operatingExpenses": 2026800000, "costAndExpenses": 2541000000, "interestIncome": 45400000, "interestExpense": 35600000, "depreciationAndAmortization": 192100000, "ebitda": 475200000, "ebitdaratio": 0.1922096833, "operatingIncome": 283100000, "operatingIncomeRatio": 0.114508757, "totalOtherIncomeExpensesNet": -397200000, "incomeBeforeTax": -114100000, "incomeBeforeTaxRatio": -0.046151357, "incomeTaxExpense": 15800000, "netIncome": -98300000, "netIncomeRatio": -0.0397605469, "eps": -0.0535, "epsdiluted": -0.0534, "weightedAverageShsOut": 1837383177, "weightedAverageShsOutDil": 1841200000, "link": null, "finalLink": null, "calculatedOtherExpenses": 311000000, "calculatedOperatingExpenses": 1675000000, "calculatedNetInterest": 9800000, "calculatedOtherIncome": -407000000, "calculatedIncomeNonControlling": -31600000, "calculatedEbitda": 475200000}, {"date": "2017-12-31", "symbol": "RTO", "reportedCurrency": "GBP", "cik": "0000930157", "fillingDate": "2017-12-31", "acceptedDate": "2017-12-30 19:00:00", "calendarYear": "2017", "period": "FY", "revenue": 2412300000, "costOfRevenue": 474900000, "grossProfit": 1937400000, "grossProfitRatio": 0.8031339386, "researchAndDevelopmentExpenses": 0, "generalAndAdministrativeExpenses": 0, "sellingAndMarketingExpenses": 0, "sellingGeneralAndAdministrativeExpenses": 1329600000, "otherExpenses": 10600000, "operatingExpenses": 1182000000, "costAndExpenses": 1656900000, "interestIncome": 41800000, "interestExpense": 34800000, "depreciationAndAmortization": 187700000, "ebitda": 503200000, "ebitdaratio": 0.2085976039, "operatingIncome": 315500000, "operatingIncomeRatio": 0.1307880446, "totalOtherIncomeExpensesNet": 398100000, "incomeBeforeTax": 713600000, "incomeBeforeTaxRatio": 0.2958172698, "incomeTaxExpense": 30600000, "netIncome": 682800000, "netIncomeRatio": 0.283049372, "eps": 0.37, "epsdiluted": 0.37, "weightedAverageShsOut": 1834800000, "weightedAverageShsOutDil": 1850500000, "link": null, "finalLink": null, "calculatedOtherExpenses": 292300000, "calculatedOperatingExpenses": 1621900000, "calculatedNetInterest": 7000000, "calculatedOtherIncome": 391100000, "calculatedIncomeNonControlling": 200000, "calculatedEbitda": 503200000}, {"date": "2016-12-31", "symbol": "RTO", "reportedCurrency": "GBP", "cik": "0000930157", "fillingDate": "2016-12-31", "acceptedDate": "2016-12-30 19:00:00", "calendarYear": "2016", "period": "FY", "revenue": 2168100000, "costOfRevenue": 376100000, "grossProfit": 1792000000, "grossProfitRatio": 0.8265301416, "researchAndDevelopmentExpenses": 0, "generalAndAdministrativeExpenses": 0, "sellingAndMarketingExpenses": 0, "sellingGeneralAndAdministrativeExpenses": 1197600000, "otherExpenses": 68700000, "operatingExpenses": 1544600000, "costAndExpenses": 1920700000, "interestIncome": 38900000, "interestExpense": 38500000, "depreciationAndAmortization": 231700000, "ebitda": 489000000, "ebitdaratio": 0.2255431023, "operatingIncome": 257300000, "operatingIncomeRatio": 0.1186753379, "totalOtherIncomeExpensesNet": -48800000, "incomeBeforeTax": 208500000, "incomeBeforeTaxRatio": 0.096167151, "incomeTaxExpense": 40700000, "netIncome": 167500000, "netIncomeRatio": 0.0772565841, "eps": 0.0919, "epsdiluted": 0.0911, "weightedAverageShsOut": 1826000000, "weightedAverageShsOutDil": 1842900000, "link": null, "finalLink": null, "calculatedOtherExpenses": 337100000, "calculatedOperatingExpenses": 1534700000, "calculatedNetInterest": 400000, "calculatedOtherIncome": -49200000, "calculatedIncomeNonControlling": 300000, "calculatedEbitda": 489000000}, {"date": "2015-12-31", "symbol": "RTO", "reportedCurrency": "GBP", "cik": "0000930157", "fillingDate": "2015-12-31", "acceptedDate": "2015-12-30 19:00:00", "calendarYear": "2015", "period": "FY", "revenue": 1759000000, "costOfRevenue": 310200000, "grossProfit": 1448800000, "grossProfitRatio": 0.823649801, "researchAndDevelopmentExpenses": 0, "generalAndAdministrativeExpenses": 0, "sellingAndMarketingExpenses": 0, "sellingGeneralAndAdministrativeExpenses": 965700000, "otherExpenses": 0, "operatingExpenses": 1251000000, "costAndExpenses": 1561200000, "interestIncome": 38800000, "interestExpense": 38300000, "depreciationAndAmortization": 191900000, "ebitda": 408700000, "ebitdaratio": 0.232347925, "operatingIncome": 216800000, "operatingIncomeRatio": 0.1232518476, "totalOtherIncomeExpensesNet": -57800000, "incomeBeforeTax": 159000000, "incomeBeforeTaxRatio": 0.0903922683, "incomeTaxExpense": 34700000, "netIncome": 124300000, "netIncomeRatio": 0.0706651507, "eps": 0.0683, "epsdiluted": 0.0681, "weightedAverageShsOut": 1819200000, "weightedAverageShsOutDil": 1826700000, "link": null, "finalLink": null, "calculatedOtherExpenses": 266300000, "calculatedOperatingExpenses": 1232000000, "calculatedNetInterest": 500000, "calculatedOtherIncome": -58300000, "calculatedIncomeNonControlling": 0, "calculatedEbitda": 408700000}, {"date": "2014-12-31", "symbol": "RTO", "reportedCurrency": "GBP", "cik": "0000930157", "fillingDate": "2014-12-31", "acceptedDate": "2014-12-30 19:00:00", "calendarYear": "2014", "period": "FY", "revenue": 1740800000, "costOfRevenue": 297500000, "grossProfit": 1443300000, "grossProfitRatio": 0.8291015625, "researchAndDevelopmentExpenses": 1600000, "generalAndAdministrativeExpenses": 2800000, "sellingAndMarketingExpenses": 932900000, "sellingGeneralAndAdministrativeExpenses": 935700000, "otherExpenses": 2500000, "operatingExpenses": 1236400000, "costAndExpenses": 1533900000, "interestIncome": 43700000, "interestExpense": 55100000, "depreciationAndAmortization": 194600000, "ebitda": 410400000, "ebitdaratio": 0.2357536765, "operatingIncome": 215800000, "operatingIncomeRatio": 0.1239659926, "totalOtherIncomeExpensesNet": -52600000, "incomeBeforeTax": 163200000, "incomeBeforeTaxRatio": 0.09375, "incomeTaxExpense": 37100000, "netIncome": 126100000, "netIncomeRatio": 0.0724379596, "eps": 0.0694, "epsdiluted": 0.0693, "weightedAverageShsOut": 1817107614, "weightedAverageShsOutDil": 1819600000, "link": null, "finalLink": null, "calculatedOtherExpenses": 290200000, "calculatedOperatingExpenses": 1227500000, "calculatedNetInterest": -11400000, "calculatedOtherIncome": -41200000, "calculatedIncomeNonControlling": 0, "calculatedEbitda": 410400000}, {"date": "2013-12-31", "symbol": "RTO", "reportedCurrency": "GBP", "cik": "0000930157", "fillingDate": "2013-12-31", "acceptedDate": "2013-12-30 19:00:00", "calendarYear": "2013", "period": "FY", "revenue": 2327100000, "costOfRevenue": 277200000, "grossProfit": 2049900000, "grossProfitRatio": 0.8808817842, "researchAndDevelopmentExpenses": 1800000, "generalAndAdministrativeExpenses": 3300000, "sellingAndMarketingExpenses": 0, "sellingGeneralAndAdministrativeExpenses": 3300000, "otherExpenses": 1500000, "operatingExpenses": 2155800000, "costAndExpenses": 2155800000, "interestIncome": 15700000, "interestExpense": 70700000, "depreciationAndAmortization": 232200000, "ebitda": 423800000, "ebitdaratio": 0.1821150789, "operatingIncome": 171300000, "operatingIncomeRatio": 0.0736109321, "totalOtherIncomeExpensesNet": -48700000, "incomeBeforeTax": 122600000, "incomeBeforeTaxRatio": 0.0526835976, "incomeTaxExpense": 31400000, "netIncome": 37500000, "netIncomeRatio": 0.0161144772, "eps": 0.1, "epsdiluted": 0.1, "weightedAverageShsOut": 363420000, "weightedAverageShsOutDil": 364620000, "link": "", "finalLink": "", "calculatedOtherExpenses": 1873500000, "calculatedOperatingExpenses": 1878600000, "calculatedNetInterest": -55000000, "calculatedOtherIncome": 6300000, "calculatedIncomeNonControlling": 53700000, "calculatedEbitda": 403500000}, {"date": "2012-12-31", "symbol": "RTO", "reportedCurrency": "GBP", "cik": "0000930157", "fillingDate": "2012-12-31", "acceptedDate": "2012-12-30 19:00:00", "calendarYear": "2012", "period": "FY", "revenue": 2546300000, "costOfRevenue": 0, "grossProfit": 2546300000, "grossProfitRatio": 1, "researchAndDevelopmentExpenses": 0, "generalAndAdministrativeExpenses": 0, "sellingAndMarketingExpenses": 0, "sellingGeneralAndAdministrativeExpenses": 0, "otherExpenses": 2400500000, "operatingExpenses": 2400500000, "costAndExpenses": 2400500000, "interestIncome": 72400000, "interestExpense": 109700000, "depreciationAndAmortization": 228300000, "ebitda": 452200000, "ebitdaratio": 0.1775910144, "operatingIncome": 145800000, "operatingIncomeRatio": 0.0572595531, "totalOtherIncomeExpensesNet": -63100000, "incomeBeforeTax": 82700000, "incomeBeforeTaxRatio": 0.0324784982, "incomeTaxExpense": 29000000, "netIncome": 51400000, "netIncomeRatio": 0.0201861525, "eps": 0.14, "epsdiluted": 0.14, "weightedAverageShsOut": 363380000, "weightedAverageShsOutDil": 364420000, "link": "", "finalLink": "", "calculatedOtherExpenses": 2400500000, "calculatedOperatingExpenses": 2400500000, "calculatedNetInterest": -37300000, "calculatedOtherIncome": -25800000, "calculatedIncomeNonControlling": 2300000, "calculatedEbitda": 374100000}, {"date": "2011-12-31", "symbol": "RTO", "reportedCurrency": "GBP", "cik": "0000930157", "fillingDate": "2011-12-31", "acceptedDate": "2011-12-30 19:00:00", "calendarYear": "2011", "period": "FY", "revenue": 2544300000, "costOfRevenue": 0, "grossProfit": 2544300000, "grossProfitRatio": 1, "researchAndDevelopmentExpenses": 2000000, "generalAndAdministrativeExpenses": 0, "sellingAndMarketingExpenses": 0, "sellingGeneralAndAdministrativeExpenses": 0, "otherExpenses": -8600000, "operatingExpenses": 2406900000, "costAndExpenses": 2406900000, "interestIncome": 5900000, "interestExpense": 5500000, "depreciationAndAmortization": 400900000, "ebitda": 547600000, "ebitdaratio": 0.2152261919, "operatingIncome": -10200000, "operatingIncomeRatio": -0.0040089612, "totalOtherIncomeExpensesNet": -40300000, "incomeBeforeTax": -50500000, "incomeBeforeTaxRatio": -0.0198482883, "incomeTaxExpense": 16600000, "netIncome": -69700000, "netIncomeRatio": -0.0273945683, "eps": -0.19, "epsdiluted": -0.19, "weightedAverageShsOut": 362600000, "weightedAverageShsOutDil": 362600000, "link": "", "finalLink": "", "calculatedOtherExpenses": 2552500000, "calculatedOperatingExpenses": 2554500000, "calculatedNetInterest": 400000, "calculatedOtherIncome": -40700000, "calculatedIncomeNonControlling": 2600000, "calculatedEbitda": 390700000}, {"date": "2010-12-31", "symbol": "RTO", "reportedCurrency": "GBP", "cik": "0000930157", "fillingDate": "2010-12-31", "acceptedDate": "2010-12-30 19:00:00", "calendarYear": "2010", "period": "FY", "revenue": 2496500000, "costOfRevenue": 0, "grossProfit": 2496500000, "grossProfitRatio": 1, "researchAndDevelopmentExpenses": 1900000, "generalAndAdministrativeExpenses": 0, "sellingAndMarketingExpenses": 0, "sellingGeneralAndAdministrativeExpenses": 0, "otherExpenses": -8200000, "operatingExpenses": 2329700000, "costAndExpenses": 2329700000, "interestIncome": 4200000, "interestExpense": 7900000, "depreciationAndAmortization": 365600000, "ebitda": 540200000, "ebitdaratio": 0.2163829361, "operatingIncome": 61500000, "operatingIncomeRatio": 0.0246344883, "totalOtherIncomeExpensesNet": -47000000, "incomeBeforeTax": 14500000, "incomeBeforeTaxRatio": 0.0058081314, "incomeTaxExpense": 34800000, "netIncome": -23400000, "netIncomeRatio": -0.0093731224, "eps": -0.0647, "epsdiluted": -0.0647, "weightedAverageShsOut": 361480000, "weightedAverageShsOutDil": 361480000, "link": "", "finalLink": "", "calculatedOtherExpenses": 2433100000, "calculatedOperatingExpenses": 2435000000, "calculatedNetInterest": -3700000, "calculatedOtherIncome": -43300000, "calculatedIncomeNonControlling": 3100000, "calculatedEbitda": 427100000}, {"date": "2009-12-31", "symbol": "RTO", "reportedCurrency": "GBP", "cik": "0000930157", "fillingDate": "2009-12-31", "acceptedDate": "2009-12-30 19:00:00", "calendarYear": "2009", "period": "FY", "revenue": 2530800000, "costOfRevenue": 0, "grossProfit": 2530800000, "grossProfitRatio": 1, "researchAndDevelopmentExpenses": 1700000, "generalAndAdministrativeExpenses": 0, "sellingAndMarketingExpenses": 0, "sellingGeneralAndAdministrativeExpenses": 0, "otherExpenses": -6600000, "operatingExpenses": 2401900000, "costAndExpenses": 2401900000, "interestIncome": 11700000, "interestExpense": 14700000, "depreciationAndAmortization": 277200000, "ebitda": 421500000, "ebitdaratio": 0.1665481271, "operatingIncome": 119300000, "operatingIncomeRatio": 0.0471392445, "totalOtherIncomeExpensesNet": -54300000, "incomeBeforeTax": 65000000, "incomeBeforeTaxRatio": 0.0256835783, "incomeTaxExpense": 16100000, "netIncome": 47600000, "netIncomeRatio": 0.018808282, "eps": 0.13, "epsdiluted": 0.13, "weightedAverageShsOut": 361480000, "weightedAverageShsOutDil": 362060000, "link": "", "finalLink": "", "calculatedOtherExpenses": 2409800000, "calculatedOperatingExpenses": 2411500000, "calculatedNetInterest": -3000000, "calculatedOtherIncome": -51300000, "calculatedIncomeNonControlling": 1300000, "calculatedEbitda": 396500000}, {"date": "2008-12-31", "symbol": "RTO", "reportedCurrency": "GBP", "cik": "0000930157", "fillingDate": "2008-12-31", "acceptedDate": "2008-12-30 19:00:00", "calendarYear": "2008", "period": "FY", "revenue": 2409900000, "costOfRevenue": 0, "grossProfit": 2409900000, "grossProfitRatio": 1, "researchAndDevelopmentExpenses": 1700000, "generalAndAdministrativeExpenses": 0, "sellingAndMarketingExpenses": 0, "sellingGeneralAndAdministrativeExpenses": 0, "otherExpenses": -5200000, "operatingExpenses": 2310600000, "costAndExpenses": 2310600000, "interestIncome": 37500000, "interestExpense": 90100000, "depreciationAndAmortization": 256300000, "ebitda": 394000000, "ebitdaratio": 0.1634922611, "operatingIncome": 82100000, "operatingIncomeRatio": 0.0340678036, "totalOtherIncomeExpensesNet": -59300000, "incomeBeforeTax": 22800000, "incomeBeforeTaxRatio": 0.0094609735, "incomeTaxExpense": 6400000, "netIncome": 18800000, "netIncomeRatio": 0.0078011536, "eps": 0.052, "epsdiluted": 0.052, "weightedAverageShsOut": 361480000, "weightedAverageShsOutDil": 361480000, "link": "", "finalLink": "", "calculatedOtherExpenses": 2326100000, "calculatedOperatingExpenses": 2327800000, "calculatedNetInterest": -52600000, "calculatedOtherIncome": -6700000, "calculatedIncomeNonControlling": -2400000, "calculatedEbitda": 338400000}, {"date": "2007-12-31", "symbol": "RTO", "reportedCurrency": "GBP", "cik": "0000930157", "fillingDate": "2007-12-31", "acceptedDate": "2007-12-30 19:00:00", "calendarYear": "2007", "period": "FY", "revenue": 2203400000, "costOfRevenue": 0, "grossProfit": 2203400000, "grossProfitRatio": 1, "researchAndDevelopmentExpenses": 1700000, "generalAndAdministrativeExpenses": 0, "sellingAndMarketingExpenses": 0, "sellingGeneralAndAdministrativeExpenses": 0, "otherExpenses": -4000000, "operatingExpenses": 2006900000, "costAndExpenses": 2006900000, "interestIncome": 17000000, "interestExpense": 87000000, "depreciationAndAmortization": 197200000, "ebitda": 413400000, "ebitdaratio": 0.1876191341, "operatingIncome": 211900000, "operatingIncomeRatio": 0.0961695561, "totalOtherIncomeExpensesNet": -69900000, "incomeBeforeTax": 142000000, "incomeBeforeTaxRatio": 0.0644458564, "incomeTaxExpense": 30300000, "netIncome": 656300000, "netIncomeRatio": 0.297857856, "eps": 1.82, "epsdiluted": 1.82, "weightedAverageShsOut": 361440000, "weightedAverageShsOutDil": 361440000, "link": "", "finalLink": "", "calculatedOtherExpenses": 1989800000, "calculatedOperatingExpenses": 1991500000, "calculatedNetInterest": -70000000, "calculatedOtherIncome": 100000, "calculatedIncomeNonControlling": -544600000, "calculatedEbitda": 409100000}, {"date": "2006-12-31", "symbol": "RTO", "reportedCurrency": "GBP", "cik": "0000930157", "fillingDate": "2006-12-31", "acceptedDate": "2006-12-30 19:00:00", "calendarYear": "2006", "period": "FY", "revenue": 1843200000, "costOfRevenue": 0, "grossProfit": 1843200000, "grossProfitRatio": 1, "researchAndDevelopmentExpenses": 2800000, "generalAndAdministrativeExpenses": 0, "sellingAndMarketingExpenses": 0, "sellingGeneralAndAdministrativeExpenses": 0, "otherExpenses": -4000000, "operatingExpenses": 1647300000, "costAndExpenses": 1647300000, "interestIncome": 13800000, "interestExpense": 70800000, "depreciationAndAmortization": 189600000, "ebitda": 399600000, "ebitdaratio": 0.216796875, "operatingIncome": 214500000, "operatingIncomeRatio": 0.1163736979, "totalOtherIncomeExpensesNet": -49100000, "incomeBeforeTax": 165400000, "incomeBeforeTaxRatio": 0.0897352431, "incomeTaxExpense": 33300000, "netIncome": 245100000, "netIncomeRatio": 0.1329752604, "eps": 0.68, "epsdiluted": 0.68, "weightedAverageShsOut": 361300000, "weightedAverageShsOutDil": 361300000, "link": "", "finalLink": "", "calculatedOtherExpenses": 1625900000, "calculatedOperatingExpenses": 1628700000, "calculatedNetInterest": -57000000, "calculatedOtherIncome": 7900000, "calculatedIncomeNonControlling": -113000000, "calculatedEbitda": 404100000}, {"date": "2005-12-31", "symbol": "RTO", "reportedCurrency": "GBP", "cik": "0000930157", "fillingDate": "2005-12-31", "acceptedDate": "2005-12-30 19:00:00", "calendarYear": "2005", "period": "FY", "revenue": 1885200000, "costOfRevenue": 0, "grossProfit": 1885200000, "grossProfitRatio": 1, "researchAndDevelopmentExpenses": 3000000, "generalAndAdministrativeExpenses": 0, "sellingAndMarketingExpenses": 0, "sellingGeneralAndAdministrativeExpenses": 0, "otherExpenses": -4400000, "operatingExpenses": 1593100000, "costAndExpenses": 1593100000, "interestIncome": 59600000, "interestExpense": 116300000, "depreciationAndAmortization": 195000000, "ebitda": 549700000, "ebitdaratio": 0.2915870995, "operatingIncome": 270100000, "operatingIncomeRatio": 0.1432739232, "totalOtherIncomeExpensesNet": -52700000, "incomeBeforeTax": 217400000, "incomeBeforeTaxRatio": 0.1153193295, "incomeTaxExpense": 59400000, "netIncome": 321500000, "netIncomeRatio": 0.1705389349, "eps": 0.89, "epsdiluted": 0.89, "weightedAverageShsOut": 360740000, "weightedAverageShsOutDil": 360960000, "link": "", "finalLink": "", "calculatedOtherExpenses": 1612100000, "calculatedOperatingExpenses": 1615100000, "calculatedNetInterest": -56700000, "calculatedOtherIncome": 4000000, "calculatedIncomeNonControlling": -163500000, "calculatedEbitda": 465100000}, {"date": "2004-12-31", "symbol": "RTO", "reportedCurrency": "GBP", "cik": "0000930157", "fillingDate": "2004-12-31", "acceptedDate": "2004-12-30 19:00:00", "calendarYear": "2004", "period": "FY", "revenue": 2181400000, "costOfRevenue": 0, "grossProfit": 2181400000, "grossProfitRatio": 1, "researchAndDevelopmentExpenses": 2900000, "generalAndAdministrativeExpenses": 0, "sellingAndMarketingExpenses": 0, "sellingGeneralAndAdministrativeExpenses": 0, "otherExpenses": -3600000, "operatingExpenses": 1889800000, "costAndExpenses": 1889800000, "interestIncome": 61900000, "interestExpense": 115500000, "depreciationAndAmortization": 188700000, "ebitda": 566200000, "ebitdaratio": 0.259558082, "operatingIncome": 308500000, "operatingIncomeRatio": 0.1414229394, "totalOtherIncomeExpensesNet": -51800000, "incomeBeforeTax": 256700000, "incomeBeforeTaxRatio": 0.1176767214, "incomeTaxExpense": 69800000, "netIncome": 190400000, "netIncomeRatio": 0.087283396, "eps": 0.53, "epsdiluted": 0.53, "weightedAverageShsOut": 361560000, "weightedAverageShsOutDil": 361560000, "link": "", "finalLink": "", "calculatedOtherExpenses": 1870000000, "calculatedOperatingExpenses": 1872900000, "calculatedNetInterest": -53600000, "calculatedOtherIncome": 1800000, "calculatedIncomeNonControlling": -3500000, "calculatedEbitda": 497200000}, {"date": "2003-12-31", "symbol": "RTO", "reportedCurrency": "GBP", "cik": "0000930157", "fillingDate": "2003-12-31", "acceptedDate": "2003-12-30 19:00:00", "calendarYear": "2003", "period": "FY", "revenue": 2366300000, "costOfRevenue": 1861300000, "grossProfit": 505000000, "grossProfitRatio": 0.2134133457, "researchAndDevelopmentExpenses": 0, "generalAndAdministrativeExpenses": 0, "sellingAndMarketingExpenses": 0, "sellingGeneralAndAdministrativeExpenses": 0, "otherExpenses": 39800000, "operatingExpenses": 1898000000, "costAndExpenses": 1898000000, "interestIncome": 54500000, "interestExpense": 47000000, "depreciationAndAmortization": 157000000, "ebitda": 613400000, "ebitdaratio": 0.2592232599, "operatingIncome": 451900000, "operatingIncomeRatio": 0.1909732494, "totalOtherIncomeExpensesNet": -55400000, "incomeBeforeTax": 396800000, "incomeBeforeTaxRatio": 0.1676879517, "incomeTaxExpense": 105200000, "netIncome": 290100000, "netIncomeRatio": 0.1225964586, "eps": 0.79, "epsdiluted": 0.79, "weightedAverageShsOut": 366520000, "weightedAverageShsOutDil": 366982922, "link": "", "finalLink": "", "calculatedOtherExpenses": 53100000, "calculatedOperatingExpenses": 53100000, "calculatedNetInterest": 7500000, "calculatedOtherIncome": -62600000, "calculatedIncomeNonControlling": 1500000, "calculatedEbitda": 608900000}, {"date": "2002-12-31", "symbol": "RTO", "reportedCurrency": "GBP", "cik": "0000930157", "fillingDate": "2002-12-31", "acceptedDate": "2002-12-30 19:00:00", "calendarYear": "2002", "period": "FY", "revenue": 2233200000, "costOfRevenue": 1746600000, "grossProfit": 486600000, "grossProfitRatio": 0.2178936056, "researchAndDevelopmentExpenses": 0, "generalAndAdministrativeExpenses": 0, "sellingAndMarketingExpenses": 0, "sellingGeneralAndAdministrativeExpenses": 0, "otherExpenses": 44500000, "operatingExpenses": 1794800000, "costAndExpenses": 1794800000, "interestIncome": 49900000, "interestExpense": 51700000, "depreciationAndAmortization": 152400000, "ebitda": 594400000, "ebitdaratio": 0.2661651442, "operatingIncome": 438400000, "operatingIncomeRatio": 0.1963102275, "totalOtherIncomeExpensesNet": -48100000, "incomeBeforeTax": 390300000, "incomeBeforeTaxRatio": 0.1747716282, "incomeTaxExpense": 104600000, "netIncome": 284600000, "netIncomeRatio": 0.1274404442, "eps": 0.75, "epsdiluted": 0.75, "weightedAverageShsOut": 382013423, "weightedAverageShsOutDil": 382013423, "link": "", "finalLink": "", "calculatedOtherExpenses": 48200000, "calculatedOperatingExpenses": 48200000, "calculatedNetInterest": -1800000, "calculatedOtherIncome": -46300000, "calculatedIncomeNonControlling": 1100000, "calculatedEbitda": 590800000}, {"date": "2001-12-31", "symbol": "RTO", "reportedCurrency": "GBP", "cik": "0000930157", "fillingDate": "2001-12-31", "acceptedDate": "2001-12-30 19:00:00", "calendarYear": "2001", "period": "FY", "revenue": 2143900000, "costOfRevenue": 1665100000, "grossProfit": 478800000, "grossProfitRatio": 0.2233313121, "researchAndDevelopmentExpenses": 0, "generalAndAdministrativeExpenses": 0, "sellingAndMarketingExpenses": 0, "sellingGeneralAndAdministrativeExpenses": 0, "otherExpenses": 50100000, "operatingExpenses": 50100000, "costAndExpenses": 1715200000, "interestIncome": 55700000, "interestExpense": 118500000, "depreciationAndAmortization": 144600000, "ebitda": 637400000, "ebitdaratio": 0.2973086431, "operatingIncome": 433100000, "operatingIncomeRatio": 0.2020150194, "totalOtherIncomeExpensesNet": -58800000, "incomeBeforeTax": 374300000, "incomeBeforeTaxRatio": 0.174588367, "incomeTaxExpense": 108200000, "netIncome": 265200000, "netIncomeRatio": 0.1236997994, "eps": 0.67, "epsdiluted": 0.67, "weightedAverageShsOut": 398740000, "weightedAverageShsOutDil": 400100000, "link": "", "finalLink": "", "calculatedOtherExpenses": 45700000, "calculatedOperatingExpenses": 45700000, "calculatedNetInterest": -62800000, "calculatedOtherIncome": 4000000, "calculatedIncomeNonControlling": 900000, "calculatedEbitda": 577700000}, {"date": "2000-12-31", "symbol": "RTO", "reportedCurrency": "GBP", "cik": "0000930157", "fillingDate": "2000-12-31", "acceptedDate": "2000-12-30 19:00:00", "calendarYear": "2000", "period": "FY", "revenue": 2545100000, "costOfRevenue": 2047900000, "grossProfit": 497200000, "grossProfitRatio": 0.1953557817, "researchAndDevelopmentExpenses": 0, "generalAndAdministrativeExpenses": 0, "sellingAndMarketingExpenses": 0, "sellingGeneralAndAdministrativeExpenses": 0, "otherExpenses": 37100000, "operatingExpenses": 97200000, "costAndExpenses": 2145100000, "interestIncome": 24800000, "interestExpense": 59500000, "depreciationAndAmortization": 165100000, "ebitda": 632700000, "ebitdaratio": 0.2485953401, "operatingIncome": 394900000, "operatingIncomeRatio": 0.1551608974, "totalOtherIncomeExpensesNet": 6200000, "incomeBeforeTax": 401100000, "incomeBeforeTaxRatio": 0.157596951, "incomeTaxExpense": 114300000, "netIncome": 285600000, "netIncomeRatio": 0.11221563, "eps": 0.59, "epsdiluted": 0.59, "weightedAverageShsOut": 487860000, "weightedAverageShsOutDil": 488440000, "link": "", "finalLink": "", "calculatedOtherExpenses": 102300000, "calculatedOperatingExpenses": 102300000, "calculatedNetInterest": -34700000, "calculatedOtherIncome": 40900000, "calculatedIncomeNonControlling": 1200000, "calculatedEbitda": 560000000}, {"date": "1999-12-31", "symbol": "RTO", "reportedCurrency": "GBP", "cik": "0000930157", "fillingDate": "1999-12-31", "acceptedDate": "1999-12-30 19:00:00", "calendarYear": "1999", "period": "FY", "revenue": 2963100000, "costOfRevenue": 2328500000, "grossProfit": 634600000, "grossProfitRatio": 0.2141675947, "researchAndDevelopmentExpenses": 0, "generalAndAdministrativeExpenses": 0, "sellingAndMarketingExpenses": 0, "sellingGeneralAndAdministrativeExpenses": 0, "otherExpenses": 198000000, "operatingExpenses": 198000000, "costAndExpenses": 2526500000, "interestIncome": 29800000, "interestExpense": 39800000, "depreciationAndAmortization": 191300000, "ebitda": 772200000, "ebitdaratio": 0.260605447, "operatingIncome": 437500000, "operatingIncomeRatio": 0.1476494212, "totalOtherIncomeExpensesNet": 103600000, "incomeBeforeTax": 541100000, "incomeBeforeTaxRatio": 0.1826128042, "incomeTaxExpense": 154500000, "netIncome": 385300000, "netIncomeRatio": 0.130032736, "eps": 0.68, "epsdiluted": 0.67, "weightedAverageShsOut": 571940000, "weightedAverageShsOutDil": 573820000, "link": "", "finalLink": "", "calculatedOtherExpenses": 197100000, "calculatedOperatingExpenses": 197100000, "calculatedNetInterest": -10000000, "calculatedOtherIncome": 113600000, "calculatedIncomeNonControlling": 1300000, "calculatedEbitda": 628800000}, {"date": "1998-12-31", "symbol": "RTO", "reportedCurrency": "GBP", "cik": "0000930157", "fillingDate": "1998-12-31", "acceptedDate": "1998-12-30 19:00:00", "calendarYear": "1998", "period": "FY", "revenue": 2878400000, "costOfRevenue": 2289400000, "grossProfit": 589000000, "grossProfitRatio": 0.2046275709, "researchAndDevelopmentExpenses": 0, "generalAndAdministrativeExpenses": 0, "sellingAndMarketingExpenses": 0, "sellingGeneralAndAdministrativeExpenses": 0, "otherExpenses": 95700000, "operatingExpenses": 95700000, "costAndExpenses": 2385100000, "interestIncome": 23900000, "interestExpense": 42700000, "depreciationAndAmortization": 168400000, "ebitda": 701700000, "ebitdaratio": 0.2437812674, "operatingIncome": 504700000, "operatingIncomeRatio": 0.1753404669, "totalOtherIncomeExpensesNet": -14100000, "incomeBeforeTax": 490600000, "incomeBeforeTaxRatio": 0.1704419122, "incomeTaxExpense": 139800000, "netIncome": 349600000, "netIncomeRatio": 0.1214563646, "eps": 0.61, "epsdiluted": 0.61, "weightedAverageShsOut": 572080000, "weightedAverageShsOutDil": 574700000, "link": "", "finalLink": "", "calculatedOtherExpenses": 84300000, "calculatedOperatingExpenses": 84300000, "calculatedNetInterest": -18800000, "calculatedOtherIncome": 4700000, "calculatedIncomeNonControlling": 1200000, "calculatedEbitda": 673100000}, {"date": "1997-12-31", "symbol": "RTO", "reportedCurrency": "GBP", "cik": "0000930157", "fillingDate": "1997-12-31", "acceptedDate": "1997-12-30 19:00:00", "calendarYear": "1997", "period": "FY", "revenue": 2812100000, "costOfRevenue": 0, "grossProfit": 2812100000, "grossProfitRatio": 1, "researchAndDevelopmentExpenses": 0, "generalAndAdministrativeExpenses": 0, "sellingAndMarketingExpenses": 0, "sellingGeneralAndAdministrativeExpenses": 0, "otherExpenses": 2381700000, "operatingExpenses": 2381700000, "costAndExpenses": 2381700000, "interestIncome": 26800000, "interestExpense": 56400000, "depreciationAndAmortization": 150800000, "ebitda": 625300000, "ebitdaratio": 0.2223605135, "operatingIncome": 438800000, "operatingIncomeRatio": 0.1560399701, "totalOtherIncomeExpensesNet": -21800000, "incomeBeforeTax": 417000000, "incomeBeforeTaxRatio": 0.1482877565, "incomeTaxExpense": 121400000, "netIncome": 294600000, "netIncomeRatio": 0.1047615661, "eps": 0.52, "epsdiluted": 0.52, "weightedAverageShsOut": 571260000, "weightedAverageShsOutDil": 572640000, "link": "", "finalLink": "", "calculatedOtherExpenses": 2373300000, "calculatedOperatingExpenses": 2373300000, "calculatedNetInterest": -29600000, "calculatedOtherIncome": 7800000, "calculatedIncomeNonControlling": 1000000, "calculatedEbitda": 589600000}, {"date": "1996-12-31", "symbol": "RTO", "reportedCurrency": "GBP", "cik": "0000930157", "fillingDate": "1996-12-31", "acceptedDate": "1996-12-30 19:00:00", "calendarYear": "1996", "period": "FY", "revenue": 2269600000, "costOfRevenue": 0, "grossProfit": 2269600000, "grossProfitRatio": 1, "researchAndDevelopmentExpenses": 0, "generalAndAdministrativeExpenses": 0, "sellingAndMarketingExpenses": 0, "sellingGeneralAndAdministrativeExpenses": 0, "otherExpenses": -8000000, "operatingExpenses": 1921800000, "costAndExpenses": 1921800000, "interestIncome": 22700000, "interestExpense": 43700000, "depreciationAndAmortization": 110700000, "ebitda": 488800000, "ebitdaratio": 0.2153683468, "operatingIncome": 339000000, "operatingIncomeRatio": 0.149365527, "totalOtherIncomeExpensesNet": -21000000, "incomeBeforeTax": 318000000, "incomeBeforeTaxRatio": 0.1401127952, "incomeTaxExpense": 97900000, "netIncome": 219200000, "netIncomeRatio": 0.0965808953, "eps": 0.43, "epsdiluted": 0.43, "weightedAverageShsOut": 511880000, "weightedAverageShsOutDil": 511880000, "link": "", "finalLink": "", "calculatedOtherExpenses": 1930600000, "calculatedOperatingExpenses": 1930600000, "calculatedNetInterest": -21000000, "calculatedOtherIncome": 0, "calculatedIncomeNonControlling": 900000, "calculatedEbitda": 449700000}, {"date": "1995-12-31", "symbol": "RTO", "reportedCurrency": "GBP", "cik": "0000930157", "fillingDate": "1995-12-31", "acceptedDate": "1995-12-30 19:00:00", "calendarYear": "1995", "period": "FY", "revenue": 856700000, "costOfRevenue": 0, "grossProfit": 856700000, "grossProfitRatio": 1, "researchAndDevelopmentExpenses": 0, "generalAndAdministrativeExpenses": 0, "sellingAndMarketingExpenses": 0, "sellingGeneralAndAdministrativeExpenses": 0, "otherExpenses": -2200000, "operatingExpenses": 651100000, "costAndExpenses": 651100000, "interestIncome": 9100000, "interestExpense": 2600000, "depreciationAndAmortization": 39000000, "ebitda": 258600000, "ebitdaratio": 0.3018559589, "operatingIncome": 208000000, "operatingIncomeRatio": 0.2427921093, "totalOtherIncomeExpensesNet": 6500000, "incomeBeforeTax": 214500000, "incomeBeforeTaxRatio": 0.2503793627, "incomeTaxExpense": 74900000, "netIncome": 139300000, "netIncomeRatio": 0.162600677, "eps": 0.36, "epsdiluted": 0.36, "weightedAverageShsOut": 391920000, "weightedAverageShsOutDil": 391920000, "link": "", "finalLink": "", "calculatedOtherExpenses": 648700000, "calculatedOperatingExpenses": 648700000, "calculatedNetInterest": 6500000, "calculatedOtherIncome": 0, "calculatedIncomeNonControlling": 300000, "calculatedEbitda": 247000000}, {"date": "1994-12-31", "symbol": "RTO", "reportedCurrency": "GBP", "cik": "0000930157", "fillingDate": "1994-12-31", "acceptedDate": "1994-12-30 19:00:00", "calendarYear": "1994", "period": "FY", "revenue": 719600000, "costOfRevenue": 0, "grossProfit": 719600000, "grossProfitRatio": 1, "researchAndDevelopmentExpenses": 0, "generalAndAdministrativeExpenses": 0, "sellingAndMarketingExpenses": 0, "sellingGeneralAndAdministrativeExpenses": 0, "otherExpenses": -1900000, "operatingExpenses": 544900000, "costAndExpenses": 544900000, "interestIncome": 5200000, "interestExpense": 2900000, "depreciationAndAmortization": 35100000, "ebitda": 217100000, "ebitdaratio": 0.3016953863, "operatingIncome": 174700000, "operatingIncomeRatio": 0.2427737632, "totalOtherIncomeExpensesNet": 2300000, "incomeBeforeTax": 177000000, "incomeBeforeTaxRatio": 0.2459699833, "incomeTaxExpense": 62200000, "netIncome": 114600000, "netIncomeRatio": 0.1592551417, "eps": 0.29, "epsdiluted": 0.29, "weightedAverageShsOut": 390200000, "weightedAverageShsOutDil": 390200000, "link": "", "finalLink": "", "calculatedOtherExpenses": 544900000, "calculatedOperatingExpenses": 544900000, "calculatedNetInterest": 2300000, "calculatedOtherIncome": 0, "calculatedIncomeNonControlling": 200000, "calculatedEbitda": 209800000}, {"date": "1993-12-31", "symbol": "RTO", "reportedCurrency": "GBP", "cik": "0000930157", "fillingDate": "1993-12-31", "acceptedDate": "1993-12-30 19:00:00", "calendarYear": "1993", "period": "FY", "revenue": 588100000, "costOfRevenue": 0, "grossProfit": 588100000, "grossProfitRatio": 1, "researchAndDevelopmentExpenses": 0, "generalAndAdministrativeExpenses": 0, "sellingAndMarketingExpenses": 0, "sellingGeneralAndAdministrativeExpenses": 0, "otherExpenses": -1400000, "operatingExpenses": 444100000, "costAndExpenses": 444100000, "interestIncome": 5600000, "interestExpense": 2600000, "depreciationAndAmortization": 31500000, "ebitda": 182600000, "ebitdaratio": 0.310491413, "operatingIncome": 144000000, "operatingIncomeRatio": 0.244856317, "totalOtherIncomeExpensesNet": 3000000, "incomeBeforeTax": 147000000, "incomeBeforeTaxRatio": 0.2499574902, "incomeTaxExpense": 52400000, "netIncome": 94400000, "netIncomeRatio": 0.1605169189, "eps": 0.24, "epsdiluted": 0.24, "weightedAverageShsOut": 388840000, "weightedAverageShsOutDil": 388840000, "link": "", "finalLink": "", "calculatedOtherExpenses": 444100000, "calculatedOperatingExpenses": 444100000, "calculatedNetInterest": 3000000, "calculatedOtherIncome": 0, "calculatedIncomeNonControlling": 200000, "calculatedEbitda": 175500000}, {"date": "1992-12-31", "symbol": "RTO", "reportedCurrency": "GBP", "cik": "0000930157", "fillingDate": "1992-12-31", "acceptedDate": "1992-12-30 19:00:00", "calendarYear": "1992", "period": "FY", "revenue": 437900000, "costOfRevenue": 0, "grossProfit": 437900000, "grossProfitRatio": 1, "researchAndDevelopmentExpenses": 0, "generalAndAdministrativeExpenses": 0, "sellingAndMarketingExpenses": 0, "sellingGeneralAndAdministrativeExpenses": 0, "otherExpenses": -7400000, "operatingExpenses": 320400000, "costAndExpenses": 320400000, "interestIncome": 7200000, "interestExpense": 2700000, "depreciationAndAmortization": 27700000, "ebitda": 145600000, "ebitdaratio": 0.3324960037, "operatingIncome": 110700000, "operatingIncomeRatio": 0.2527974423, "totalOtherIncomeExpensesNet": -2300000, "incomeBeforeTax": 108400000, "incomeBeforeTaxRatio": 0.2475451016, "incomeTaxExpense": 41700000, "netIncome": 66400000, "netIncomeRatio": 0.1516327929, "eps": 0.17, "epsdiluted": 0.17, "weightedAverageShsOut": 387983200, "weightedAverageShsOutDil": 387983200, "link": "", "finalLink": "", "calculatedOtherExpenses": 327200000, "calculatedOperatingExpenses": 327200000, "calculatedNetInterest": 4500000, "calculatedOtherIncome": -6800000, "calculatedIncomeNonControlling": 300000, "calculatedEbitda": 138400000}, {"date": "1991-12-31", "symbol": "RTO", "reportedCurrency": "GBP", "cik": "0000930157", "fillingDate": "1991-12-31", "acceptedDate": "1991-12-30 19:00:00", "calendarYear": "1991", "period": "FY", "revenue": 388972000, "costOfRevenue": 0, "grossProfit": 388972000, "grossProfitRatio": 1, "researchAndDevelopmentExpenses": 0, "generalAndAdministrativeExpenses": 0, "sellingAndMarketingExpenses": 0, "sellingGeneralAndAdministrativeExpenses": 0, "otherExpenses": 92999000, "operatingExpenses": 388972000, "costAndExpenses": 388972000, "interestIncome": 4930000, "interestExpense": 3323000, "depreciationAndAmortization": 25681000, "ebitda": 123610000, "ebitdaratio": 0.3177863702, "operatingIncome": 97929000, "operatingIncomeRatio": 0.2517636231, "totalOtherIncomeExpensesNet": -3323000, "incomeBeforeTax": 94606000, "incomeBeforeTaxRatio": 0.2432205917, "incomeTaxExpense": 33957000, "netIncome": 56506000, "netIncomeRatio": 0.1452700966, "eps": 0.15, "epsdiluted": 0.15, "weightedAverageShsOut": 387470000, "weightedAverageShsOutDil": 387470000, "link": "", "finalLink": "", "calculatedOtherExpenses": 291043000, "calculatedOperatingExpenses": 291043000, "calculatedNetInterest": 1607000, "calculatedOtherIncome": -4930000, "calculatedIncomeNonControlling": 4143000, "calculatedEbitda": 123610000}, {"date": "1990-12-31", "symbol": "RTO", "reportedCurrency": "GBP", "cik": "0000930157", "fillingDate": "1990-12-31", "acceptedDate": "1990-12-30 19:00:00", "calendarYear": "1990", "period": "FY", "revenue": 309117000, "costOfRevenue": 0, "grossProfit": 309117000, "grossProfitRatio": 1, "researchAndDevelopmentExpenses": 0, "generalAndAdministrativeExpenses": 0, "sellingAndMarketingExpenses": 0, "sellingGeneralAndAdministrativeExpenses": 0, "otherExpenses": 71007000, "operatingExpenses": 309117000, "costAndExpenses": 309117000, "interestIncome": 4738000, "interestExpense": 1088000, "depreciationAndAmortization": 20253000, "ebitda": 95998000, "ebitdaratio": 0.3105555502, "operatingIncome": 75745000, "operatingIncomeRatio": 0.245036669, "totalOtherIncomeExpensesNet": -1088000, "incomeBeforeTax": 74657000, "incomeBeforeTaxRatio": 0.2415169661, "incomeTaxExpense": 27207000, "netIncome": 47245000, "netIncomeRatio": 0.1528385692, "eps": 0.12, "epsdiluted": 0.12, "weightedAverageShsOut": 386651000, "weightedAverageShsOutDil": 386651000, "link": "", "finalLink": "", "calculatedOtherExpenses": 233372000, "calculatedOperatingExpenses": 233372000, "calculatedNetInterest": 3650000, "calculatedOtherIncome": -4738000, "calculatedIncomeNonControlling": 205000, "calculatedEbitda": 95998000}, {"date": "1989-12-31", "symbol": "RTO", "reportedCurrency": "GBP", "cik": "0000930157", "fillingDate": "1989-12-31", "acceptedDate": "1989-12-30 19:00:00", "calendarYear": "1989", "period": "FY", "revenue": 279275000, "costOfRevenue": 0, "grossProfit": 279275000, "grossProfitRatio": 1, "researchAndDevelopmentExpenses": 0, "generalAndAdministrativeExpenses": 0, "sellingAndMarketingExpenses": 0, "sellingGeneralAndAdministrativeExpenses": 0, "otherExpenses": 59622000, "operatingExpenses": 279275000, "costAndExpenses": 279275000, "interestIncome": 4812000, "interestExpense": 2407000, "depreciationAndAmortization": 18590000, "ebitda": 83024000, "ebitdaratio": 0.297284039, "operatingIncome": 64434000, "operatingIncomeRatio": 0.2307188255, "totalOtherIncomeExpensesNet": -2407000, "incomeBeforeTax": 62027000, "incomeBeforeTaxRatio": 0.2221000806, "incomeTaxExpense": 22798000, "netIncome": 41175000, "netIncomeRatio": 0.1474353236, "eps": 0.11, "epsdiluted": 0.11, "weightedAverageShsOut": 385980000, "weightedAverageShsOutDil": 385980000, "link": "", "finalLink": "", "calculatedOtherExpenses": 214841000, "calculatedOperatingExpenses": 214841000, "calculatedNetInterest": 2405000, "calculatedOtherIncome": -4812000, "calculatedIncomeNonControlling": -1946000, "calculatedEbitda": 83024000}, {"date": "1988-12-31", "symbol": "RTO", "reportedCurrency": "GBP", "cik": "0000930157", "fillingDate": "1988-12-31", "acceptedDate": "1988-12-30 19:00:00", "calendarYear": "1988", "period": "FY", "revenue": 213446000, "costOfRevenue": 0, "grossProfit": 213446000, "grossProfitRatio": 1, "researchAndDevelopmentExpenses": 0, "generalAndAdministrativeExpenses": 0, "sellingAndMarketingExpenses": 0, "sellingGeneralAndAdministrativeExpenses": 0, "otherExpenses": 47764000, "operatingExpenses": 213446000, "costAndExpenses": 213446000, "interestIncome": 4559000, "interestExpense": 2181000, "depreciationAndAmortization": 12792000, "ebitda": 65115000, "ebitdaratio": 0.3050654498, "operatingIncome": 52323000, "operatingIncomeRatio": 0.2451346008, "totalOtherIncomeExpensesNet": -2181000, "incomeBeforeTax": 50142000, "incomeBeforeTaxRatio": 0.2349165597, "incomeTaxExpense": 18498000, "netIncome": 31564000, "netIncomeRatio": 0.1478781519, "eps": 0.0819, "epsdiluted": 0.0819, "weightedAverageShsOut": 385430000, "weightedAverageShsOutDil": 385430000, "link": "", "finalLink": "", "calculatedOtherExpenses": 161123000, "calculatedOperatingExpenses": 161123000, "calculatedNetInterest": 2378000, "calculatedOtherIncome": -4559000, "calculatedIncomeNonControlling": 80000, "calculatedEbitda": 65115000}, {"date": "1987-12-31", "symbol": "RTO", "reportedCurrency": "GBP", "cik": "0000930157", "fillingDate": "1987-12-31", "acceptedDate": "1987-12-30 19:00:00", "calendarYear": "1987", "period": "FY", "revenue": 174013000, "costOfRevenue": 0, "grossProfit": 174013000, "grossProfitRatio": 1, "researchAndDevelopmentExpenses": 0, "generalAndAdministrativeExpenses": 0, "sellingAndMarketingExpenses": 0, "sellingGeneralAndAdministrativeExpenses": 0, "otherExpenses": 174013000, "operatingExpenses": 174013000, "costAndExpenses": 174013000, "interestIncome": 3112000, "interestExpense": 1227000, "depreciationAndAmortization": 11431000, "ebitda": 50252000, "ebitdaratio": 0.288783022, "operatingIncome": 38821000, "operatingIncomeRatio": 0.2230925276, "totalOtherIncomeExpensesNet": -1227000, "incomeBeforeTax": 37594000, "incomeBeforeTaxRatio": 0.2160413302, "incomeTaxExpense": 14763000, "netIncome": 22800000, "netIncomeRatio": 0.1310246936, "eps": 0.0593, "epsdiluted": 0.0593, "weightedAverageShsOut": 384760000, "weightedAverageShsOutDil": 384760000, "link": "", "finalLink": "", "calculatedOtherExpenses": 135192000, "calculatedOperatingExpenses": 135192000, "calculatedNetInterest": 1885000, "calculatedOtherIncome": -3112000, "calculatedIncomeNonControlling": 31000, "calculatedEbitda": 50252000}, {"date": "1986-12-31", "symbol": "RTO", "reportedCurrency": "GBP", "cik": "0000930157", "fillingDate": "1986-12-31", "acceptedDate": "1986-12-30 19:00:00", "calendarYear": "1986", "period": "FY", "revenue": 166901000, "costOfRevenue": 0, "grossProfit": 166901000, "grossProfitRatio": 1, "researchAndDevelopmentExpenses": 0, "generalAndAdministrativeExpenses": 0, "sellingAndMarketingExpenses": 0, "sellingGeneralAndAdministrativeExpenses": 0, "otherExpenses": 30828000, "operatingExpenses": 166901000, "costAndExpenses": 166901000, "interestIncome": 1597000, "interestExpense": 1157000, "depreciationAndAmortization": 10419000, "ebitda": 42844000, "ebitdaratio": 0.2567030755, "operatingIncome": 32425000, "operatingIncomeRatio": 0.1942768468, "totalOtherIncomeExpensesNet": -1157000, "incomeBeforeTax": 31268000, "incomeBeforeTaxRatio": 0.1873445935, "incomeTaxExpense": 12784000, "netIncome": 18457000, "netIncomeRatio": 0.1105865154, "eps": 0.048, "epsdiluted": 0.048, "weightedAverageShsOut": 384200000, "weightedAverageShsOutDil": 384200000, "link": "", "finalLink": "", "calculatedOtherExpenses": 134476000, "calculatedOperatingExpenses": 134476000, "calculatedNetInterest": 440000, "calculatedOtherIncome": -1597000, "calculatedIncomeNonControlling": 27000, "calculatedEbitda": 42844000}, {"date": "1985-12-31", "symbol": "RTO", "reportedCurrency": "GBP", "cik": "0000930157", "fillingDate": "1985-12-31", "acceptedDate": "1985-12-30 19:00:00", "calendarYear": "1985", "period": "FY", "revenue": 148252000, "costOfRevenue": 0, "grossProfit": 148252000, "grossProfitRatio": 1, "researchAndDevelopmentExpenses": 0, "generalAndAdministrativeExpenses": 0, "sellingAndMarketingExpenses": 0, "sellingGeneralAndAdministrativeExpenses": 0, "otherExpenses": 25507000, "operatingExpenses": 148252000, "costAndExpenses": 148252000, "interestIncome": 1381000, "interestExpense": 847000, "depreciationAndAmortization": 8822000, "ebitda": 35710000, "ebitdaratio": 0.2408736476, "operatingIncome": 26888000, "operatingIncomeRatio": 0.1813668618, "totalOtherIncomeExpensesNet": -847000, "incomeBeforeTax": 26041000, "incomeBeforeTaxRatio": 0.1756536168, "incomeTaxExpense": 10533000, "netIncome": 10824000, "netIncomeRatio": 0.0730108194, "eps": 0.0282, "epsdiluted": 0.0282, "weightedAverageShsOut": 384080000, "weightedAverageShsOutDil": 384080000, "link": "", "finalLink": "", "calculatedOtherExpenses": 121364000, "calculatedOperatingExpenses": 121364000, "calculatedNetInterest": 534000, "calculatedOtherIncome": -1381000, "calculatedIncomeNonControlling": 4684000, "calculatedEbitda": 35710000}]}