{"originalCurrency": "USD", "convertedCurrency": "USD", "report": [{"date": "2023-12-31", "symbol": "RUSHB", "reportedCurrency": "USD", "cik": "0001012019", "fillingDate": "2024-02-23", "acceptedDate": "2024-02-23 15:47:31", "calendarYear": "2023", "period": "FY", "revenue": 7925024000, "costOfRevenue": 6391764000, "grossProfit": 1533260000, "grossProfitRatio": 0.1934707075, "researchAndDevelopmentExpenses": 0, "generalAndAdministrativeExpenses": 1011722000, "sellingAndMarketingExpenses": 10000000, "sellingGeneralAndAdministrativeExpenses": 1021722000, "otherExpenses": 2597000, "operatingExpenses": 1021722000, "costAndExpenses": 7413486000, "interestIncome": 777000, "interestExpense": 54394000, "depreciationAndAmortization": 221141000, "ebitda": 732679000, "ebitdaratio": 0.0924513289, "operatingIncome": 511538000, "operatingIncomeRatio": 0.0645471862, "totalOtherIncomeExpensesNet": -49477000, "incomeBeforeTax": 462061000, "incomeBeforeTaxRatio": 0.0583040506, "incomeTaxExpense": 114000000, "netIncome": 347055000, "netIncomeRatio": 0.0437922964, "eps": 4.28, "epsdiluted": 4.15, "weightedAverageShsOut": 81089000, "weightedAverageShsOutDil": 83720000, "link": "https://www.sec.gov/Archives/edgar/data/1012019/000143774924005362/0001437749-24-005362-index.htm", "finalLink": "https://www.sec.gov/Archives/edgar/data/1012019/000143774924005362/rusha20231231_10k.htm", "calculatedOtherExpenses": 0, "calculatedOperatingExpenses": 1021722000, "calculatedNetInterest": -53617000, "calculatedOtherIncome": 4140000, "calculatedIncomeNonControlling": 1006000, "calculatedEbitda": 732679000}, {"date": "2022-12-31", "symbol": "RUSHB", "reportedCurrency": "USD", "cik": "0001012019", "fillingDate": "2023-02-23", "acceptedDate": "2023-02-23 16:15:22", "calendarYear": "2022", "period": "FY", "revenue": 7101670000, "costOfRevenue": 5614511000, "grossProfit": 1487159000, "grossProfitRatio": 0.2094097585, "researchAndDevelopmentExpenses": 0, "generalAndAdministrativeExpenses": 919136000, "sellingAndMarketingExpenses": 8700000, "sellingGeneralAndAdministrativeExpenses": 927836000, "otherExpenses": 55665000, "operatingExpenses": 983501000, "costAndExpenses": 6598012000, "interestIncome": 639000, "interestExpense": 19124000, "depreciationAndAmortization": 75548000, "ebitda": 581661000, "ebitdaratio": 0.0819048196, "operatingIncome": 506113000, "operatingIncomeRatio": 0.0712667584, "totalOtherIncomeExpensesNet": 3214000, "incomeBeforeTax": 509327000, "incomeBeforeTaxRatio": 0.071719328, "incomeTaxExpense": 117242000, "netIncome": 391382000, "netIncomeRatio": 0.0551112626, "eps": 4.71, "epsdiluted": 4.57, "weightedAverageShsOut": 83099996, "weightedAverageShsOutDil": 85726496, "link": "https://www.sec.gov/Archives/edgar/data/1012019/000143774923004391/0001437749-23-004391-index.htm", "finalLink": "https://www.sec.gov/Archives/edgar/data/1012019/000143774923004391/rusha20221231_10k.htm", "calculatedOtherExpenses": 53210000, "calculatedOperatingExpenses": 981046000, "calculatedNetInterest": -18485000, "calculatedOtherIncome": 21699000, "calculatedIncomeNonControlling": 703000, "calculatedEbitda": 581661000}, {"date": "2021-12-31", "symbol": "RUSHB", "reportedCurrency": "USD", "cik": "0001012019", "fillingDate": "2022-02-24", "acceptedDate": "2022-02-24 16:50:35", "calendarYear": "2021", "period": "FY", "revenue": 5126142000, "costOfRevenue": 4033844000, "grossProfit": 1092298000, "grossProfitRatio": 0.2130838358, "researchAndDevelopmentExpenses": 0, "generalAndAdministrativeExpenses": 723840000, "sellingAndMarketingExpenses": 7500000, "sellingGeneralAndAdministrativeExpenses": 731340000, "otherExpenses": 53354000, "operatingExpenses": 784694000, "costAndExpenses": 4818538000, "interestIncome": 657000, "interestExpense": 1770000, "depreciationAndAmortization": 58339000, "ebitda": 367375000, "ebitdaratio": 0.0716669573, "operatingIncome": 309036000, "operatingIncomeRatio": 0.0602862738, "totalOtherIncomeExpensesNet": 4647000, "incomeBeforeTax": 313683000, "incomeBeforeTaxRatio": 0.0611928035, "incomeTaxExpense": 72268000, "netIncome": 241415000, "netIncomeRatio": 0.0470948717, "eps": 2.88, "epsdiluted": 2.78, "weightedAverageShsOut": 83837996, "weightedAverageShsOutDil": 86816996, "link": "https://www.sec.gov/Archives/edgar/data/1012019/000143774922004355/0001437749-22-004355-index.htm", "finalLink": "https://www.sec.gov/Archives/edgar/data/1012019/000143774922004355/rusha20211231_10k.htm", "calculatedOtherExpenses": 51922000, "calculatedOperatingExpenses": 783262000, "calculatedNetInterest": -1113000, "calculatedOtherIncome": 5760000, "calculatedIncomeNonControlling": 0, "calculatedEbitda": 367375000}, {"date": "2020-12-31", "symbol": "RUSHB", "reportedCurrency": "USD", "cik": "0001012019", "fillingDate": "2021-02-24", "acceptedDate": "2021-02-24 16:26:48", "calendarYear": "2020", "period": "FY", "revenue": 4735940000, "costOfRevenue": 3860473000, "grossProfit": 875467000, "grossProfitRatio": 0.1848560159, "researchAndDevelopmentExpenses": 0, "generalAndAdministrativeExpenses": 657358000, "sellingAndMarketingExpenses": 7900000, "sellingGeneralAndAdministrativeExpenses": 665258000, "otherExpenses": 57456000, "operatingExpenses": 722714000, "costAndExpenses": 4583187000, "interestIncome": 713000, "interestExpense": 9014000, "depreciationAndAmortization": 61736000, "ebitda": 216341000, "ebitdaratio": 0.0456806885, "operatingIncome": 154605000, "operatingIncomeRatio": 0.0326450504, "totalOtherIncomeExpensesNet": -2882000, "incomeBeforeTax": 151723000, "incomeBeforeTaxRatio": 0.0320365123, "incomeTaxExpense": 36836000, "netIncome": 114887000, "netIncomeRatio": 0.0242585421, "eps": 1.4, "epsdiluted": 1.36, "weightedAverageShsOut": 82298996, "weightedAverageShsOutDil": 84362996, "link": "https://www.sec.gov/Archives/edgar/data/1012019/000143774921003966/0001437749-21-003966-index.htm", "finalLink": "https://www.sec.gov/Archives/edgar/data/1012019/000143774921003966/rusha20201231_10k.htm", "calculatedOtherExpenses": 55604000, "calculatedOperatingExpenses": 720862000, "calculatedNetInterest": -8301000, "calculatedOtherIncome": 5419000, "calculatedIncomeNonControlling": 0, "calculatedEbitda": 216341000}, {"date": "2019-12-31", "symbol": "RUSHB", "reportedCurrency": "USD", "cik": "0001012019", "fillingDate": "2020-02-26", "acceptedDate": "2020-02-26 15:46:08", "calendarYear": "2019", "period": "FY", "revenue": 5809847000, "costOfRevenue": 4784219000, "grossProfit": 1025628000, "grossProfitRatio": 0.1765327039, "researchAndDevelopmentExpenses": 0, "generalAndAdministrativeExpenses": 742249000, "sellingAndMarketingExpenses": 11500000, "sellingGeneralAndAdministrativeExpenses": 753749000, "otherExpenses": 55372000, "operatingExpenses": 809121000, "costAndExpenses": 5593340000, "interestIncome": 1680000, "interestExpense": 28807000, "depreciationAndAmortization": 57399000, "ebitda": 273804000, "ebitdaratio": 0.047127575, "operatingIncome": 216405000, "operatingIncomeRatio": 0.0372479688, "totalOtherIncomeExpensesNet": -26882000, "incomeBeforeTax": 189523000, "incomeBeforeTaxRatio": 0.0326209967, "incomeTaxExpense": 47940000, "netIncome": 141583000, "netIncomeRatio": 0.0243694886, "eps": 1.72, "epsdiluted": 1.67, "weightedAverageShsOut": 82482744, "weightedAverageShsOutDil": 84534743, "link": "https://www.sec.gov/Archives/edgar/data/1012019/000143774920003589/0001437749-20-003589-index.htm", "finalLink": "https://www.sec.gov/Archives/edgar/data/1012019/000143774920003589/rusha20191119_10k.htm", "calculatedOtherExpenses": 55474000, "calculatedOperatingExpenses": 809223000, "calculatedNetInterest": -27127000, "calculatedOtherIncome": 245000, "calculatedIncomeNonControlling": 0, "calculatedEbitda": 273804000}, {"date": "2018-12-31", "symbol": "RUSHB", "reportedCurrency": "USD", "cik": "0001012019", "fillingDate": "2019-02-25", "acceptedDate": "2019-02-25 16:51:32", "calendarYear": "2018", "period": "FY", "revenue": 5506190000, "costOfRevenue": 4527921000, "grossProfit": 978269000, "grossProfitRatio": 0.1776671346, "researchAndDevelopmentExpenses": 0, "generalAndAdministrativeExpenses": 705226000, "sellingAndMarketingExpenses": 10400000, "sellingGeneralAndAdministrativeExpenses": 705226000, "otherExpenses": 70489000, "operatingExpenses": 775715000, "costAndExpenses": 5303636000, "interestIncome": 1376000, "interestExpense": 19682000, "depreciationAndAmortization": 70489000, "ebitda": 273043000, "ebitdaratio": 0.0495883724, "operatingIncome": 202851000, "operatingIncomeRatio": 0.0368405376, "totalOtherIncomeExpensesNet": 297000, "incomeBeforeTax": 183169000, "incomeBeforeTaxRatio": 0.0332660152, "incomeTaxExpense": 44107000, "netIncome": 139062000, "netIncomeRatio": 0.025255576, "eps": 2.3, "epsdiluted": 2.3, "weightedAverageShsOut": 60440000, "weightedAverageShsOutDil": 60440000, "link": "https://www.sec.gov/Archives/edgar/data/1012019/000143774919003282/0001437749-19-003282-index.htm", "finalLink": "https://www.sec.gov/Archives/edgar/data/1012019/000143774919003282/rusha20181231_10k.htm", "calculatedOtherExpenses": 70192000, "calculatedOperatingExpenses": 775418000, "calculatedNetInterest": -18306000, "calculatedOtherIncome": -1376000, "calculatedIncomeNonControlling": 0, "calculatedEbitda": 273340000}, {"date": "2017-12-31", "symbol": "RUSHB", "reportedCurrency": "USD", "cik": "0001012019", "fillingDate": "2018-03-01", "acceptedDate": "2018-03-01 15:26:33", "calendarYear": "2017", "period": "FY", "revenue": 4713882000, "costOfRevenue": 3883946000, "grossProfit": 829936000, "grossProfitRatio": 0.1760621076, "researchAndDevelopmentExpenses": 0, "generalAndAdministrativeExpenses": 621553000, "sellingAndMarketingExpenses": 9500000, "sellingGeneralAndAdministrativeExpenses": 631053000, "otherExpenses": 0, "operatingExpenses": 681122000, "costAndExpenses": 4565068000, "interestIncome": 891000, "interestExpense": 12310000, "depreciationAndAmortization": 50069000, "ebitda": 198883000, "ebitdaratio": 0.0421909161, "operatingIncome": 148709000, "operatingIncomeRatio": 0.0315470349, "totalOtherIncomeExpensesNet": -105000, "incomeBeforeTax": 136399000, "incomeBeforeTaxRatio": 0.0289355992, "incomeTaxExpense": -35730000, "netIncome": 172129000, "netIncomeRatio": 0.0365153392, "eps": 1.93, "epsdiluted": 1.87, "weightedAverageShsOut": 89160750, "weightedAverageShsOutDil": 92205000, "link": "https://www.sec.gov/Archives/edgar/data/1012019/000143774918003630/0001437749-18-003630-index.htm", "finalLink": "https://www.sec.gov/Archives/edgar/data/1012019/000143774918003630/rusha20171231_10k.htm", "calculatedOtherExpenses": 50174000, "calculatedOperatingExpenses": 681227000, "calculatedNetInterest": -11419000, "calculatedOtherIncome": -891000, "calculatedIncomeNonControlling": 0, "calculatedEbitda": 198778000}, {"date": "2016-12-31", "symbol": "RUSHB", "reportedCurrency": "USD", "cik": "0001012019", "fillingDate": "2017-03-01", "acceptedDate": "2017-03-01 15:27:39", "calendarYear": "2016", "period": "FY", "revenue": 4214614000, "costOfRevenue": 3496602000, "grossProfit": 718012000, "grossProfitRatio": 0.1703624579, "researchAndDevelopmentExpenses": 0, "generalAndAdministrativeExpenses": 580978000, "sellingAndMarketingExpenses": 6800000, "sellingGeneralAndAdministrativeExpenses": 587778000, "otherExpenses": 0, "operatingExpenses": 639039000, "costAndExpenses": 4135641000, "interestIncome": 621000, "interestExpense": 14279000, "depreciationAndAmortization": 51261000, "ebitda": 130234000, "ebitdaratio": 0.0309005759, "operatingIncome": 80728000, "operatingIncomeRatio": 0.0191543045, "totalOtherIncomeExpensesNet": 1755000, "incomeBeforeTax": 66449000, "incomeBeforeTaxRatio": 0.0157663312, "incomeTaxExpense": 25867000, "netIncome": 40582000, "netIncomeRatio": 0.009628877, "eps": 0.45, "epsdiluted": 0.44, "weightedAverageShsOut": 89860500, "weightedAverageShsOutDil": 91356750, "link": "https://www.sec.gov/Archives/edgar/data/1012019/000143774917003534/0001437749-17-003534-index.htm", "finalLink": "https://www.sec.gov/Archives/edgar/data/1012019/000143774917003534/rusha20161231_10k.htm", "calculatedOtherExpenses": 49506000, "calculatedOperatingExpenses": 637284000, "calculatedNetInterest": -13658000, "calculatedOtherIncome": -621000, "calculatedIncomeNonControlling": 0, "calculatedEbitda": 131989000}, {"date": "2015-12-31", "symbol": "RUSHB", "reportedCurrency": "USD", "cik": "0001012019", "fillingDate": "2016-02-29", "acceptedDate": "2016-02-29 17:44:32", "calendarYear": "2015", "period": "FY", "revenue": 4979733000, "costOfRevenue": 4194786000, "grossProfit": 784947000, "grossProfitRatio": 0.1576283307, "researchAndDevelopmentExpenses": 0, "generalAndAdministrativeExpenses": 610468000, "sellingAndMarketingExpenses": 8800000, "sellingGeneralAndAdministrativeExpenses": 619268000, "otherExpenses": 0, "operatingExpenses": 663127000, "costAndExpenses": 4857913000, "interestIncome": 490000, "interestExpense": 13473000, "depreciationAndAmortization": 43859000, "ebitda": 165679000, "ebitdaratio": 0.0332706593, "operatingIncome": 121276000, "operatingIncomeRatio": 0.0243539162, "totalOtherIncomeExpensesNet": -544000, "incomeBeforeTax": 107803000, "incomeBeforeTaxRatio": 0.0216483494, "incomeTaxExpense": 41750000, "netIncome": 66053000, "netIncomeRatio": 0.0132643658, "eps": 0.73, "epsdiluted": 0.72, "weightedAverageShsOut": 90609750, "weightedAverageShsOutDil": 92459250, "link": "https://www.sec.gov/Archives/edgar/data/1012019/000143774916026385/0001437749-16-026385-index.htm", "finalLink": "https://www.sec.gov/Archives/edgar/data/1012019/000143774916026385/rusha20151201_10k.htm", "calculatedOtherExpenses": 44403000, "calculatedOperatingExpenses": 663671000, "calculatedNetInterest": -12983000, "calculatedOtherIncome": -490000, "calculatedIncomeNonControlling": 0, "calculatedEbitda": 165135000}, {"date": "2014-12-31", "symbol": "RUSHB", "reportedCurrency": "USD", "cik": "0001012019", "fillingDate": "2015-03-02", "acceptedDate": "2015-03-02 17:26:09", "calendarYear": "2014", "period": "FY", "revenue": 4727356000, "costOfRevenue": 3971310000, "grossProfit": 756046000, "grossProfitRatio": 0.1599299905, "researchAndDevelopmentExpenses": 0, "generalAndAdministrativeExpenses": 564970000, "sellingAndMarketingExpenses": 8700000, "sellingGeneralAndAdministrativeExpenses": 573670000, "otherExpenses": 0, "operatingExpenses": 614456000, "costAndExpenses": 4585766000, "interestIncome": 239000, "interestExpense": 11198000, "depreciationAndAmortization": 40786000, "ebitda": 182376000, "ebitdaratio": 0.0385788589, "operatingIncome": 141741000, "operatingIncomeRatio": 0.0299831449, "totalOtherIncomeExpensesNet": 151000, "incomeBeforeTax": 130543000, "incomeBeforeTaxRatio": 0.0276143789, "incomeTaxExpense": 50586000, "netIncome": 79957000, "netIncomeRatio": 0.0169136828, "eps": 0.89, "epsdiluted": 0.87, "weightedAverageShsOut": 89511750, "weightedAverageShsOutDil": 92011500, "link": "https://www.sec.gov/Archives/edgar/data/1012019/000143774915003848/0001437749-15-003848-index.htm", "finalLink": "https://www.sec.gov/Archives/edgar/data/1012019/000143774915003848/rusha20141231_10k.htm", "calculatedOtherExpenses": 40635000, "calculatedOperatingExpenses": 614305000, "calculatedNetInterest": -10959000, "calculatedOtherIncome": -239000, "calculatedIncomeNonControlling": 0, "calculatedEbitda": 182527000}, {"date": "2013-12-31", "symbol": "RUSHB", "reportedCurrency": "USD", "cik": "0001012019", "fillingDate": "2014-03-03", "acceptedDate": "2014-03-03 17:21:52", "calendarYear": "2013", "period": "FY", "revenue": 3384705000, "costOfRevenue": 2812691000, "grossProfit": 572014000, "grossProfitRatio": 0.1689996617, "researchAndDevelopmentExpenses": 0, "generalAndAdministrativeExpenses": 443540000, "sellingAndMarketingExpenses": 6800000, "sellingGeneralAndAdministrativeExpenses": 450340000, "otherExpenses": 0, "operatingExpenses": 480265000, "costAndExpenses": 3292956000, "interestIncome": 41000, "interestExpense": 10693000, "depreciationAndAmortization": 29925000, "ebitda": 121674000, "ebitdaratio": 0.0359481846, "operatingIncome": 91754000, "operatingIncomeRatio": 0.0271084186, "totalOtherIncomeExpensesNet": 5000, "incomeBeforeTax": 81061000, "incomeBeforeTaxRatio": 0.0239492068, "incomeTaxExpense": 31844000, "netIncome": 49217000, "netIncomeRatio": 0.0145410014, "eps": 0.56, "epsdiluted": 0.54, "weightedAverageShsOut": 88661250, "weightedAverageShsOutDil": 91138500, "link": "https://www.sec.gov/Archives/edgar/data/1012019/000143774914003240/0001437749-14-003240-index.htm", "finalLink": "https://www.sec.gov/Archives/edgar/data/1012019/000143774914003240/rusha20131231_10k.htm", "calculatedOtherExpenses": 29920000, "calculatedOperatingExpenses": 480260000, "calculatedNetInterest": -10652000, "calculatedOtherIncome": -41000, "calculatedIncomeNonControlling": 0, "calculatedEbitda": 121679000}, {"date": "2012-12-31", "symbol": "RUSHB", "reportedCurrency": "USD", "cik": "0001012019", "fillingDate": "2013-03-15", "acceptedDate": "2013-03-15 13:51:38", "calendarYear": "2012", "period": "FY", "revenue": 3090567000, "costOfRevenue": 2589800000, "grossProfit": 500767000, "grossProfitRatio": 0.1620307859, "researchAndDevelopmentExpenses": 0, "generalAndAdministrativeExpenses": 357327000, "sellingAndMarketingExpenses": 4400000, "sellingGeneralAndAdministrativeExpenses": 361727000, "otherExpenses": 0, "operatingExpenses": 386743000, "costAndExpenses": 2976543000, "interestIncome": 21000, "interestExpense": 13017000, "depreciationAndAmortization": 25016000, "ebitda": 139040000, "ebitdaratio": 0.0449885086, "operatingIncome": 114200000, "operatingIncomeRatio": 0.0369511484, "totalOtherIncomeExpensesNet": 176000, "incomeBeforeTax": 101183000, "incomeBeforeTaxRatio": 0.0327392999, "incomeTaxExpense": 38728000, "netIncome": 62455000, "netIncomeRatio": 0.020208266, "eps": 0.72, "epsdiluted": 0.7, "weightedAverageShsOut": 86946750, "weightedAverageShsOutDil": 89298000, "link": "https://www.sec.gov/Archives/edgar/data/1012019/000143774913002970/0001437749-13-002970-index.htm", "finalLink": "https://www.sec.gov/Archives/edgar/data/1012019/000143774913002970/rusha_10k-123112.htm", "calculatedOtherExpenses": 24840000, "calculatedOperatingExpenses": 386567000, "calculatedNetInterest": -12996000, "calculatedOtherIncome": -21000, "calculatedIncomeNonControlling": 0, "calculatedEbitda": 139216000}, {"date": "2011-12-31", "symbol": "RUSHB", "reportedCurrency": "USD", "cik": "0001012019", "fillingDate": "2012-03-15", "acceptedDate": "2012-03-15 14:52:03", "calendarYear": "2011", "period": "FY", "revenue": 2580611000, "costOfRevenue": 2157334000, "grossProfit": 423277000, "grossProfitRatio": 0.1640220087, "researchAndDevelopmentExpenses": 0, "generalAndAdministrativeExpenses": 0, "sellingAndMarketingExpenses": 0, "sellingGeneralAndAdministrativeExpenses": 306273000, "otherExpenses": 0, "operatingExpenses": 325521000, "costAndExpenses": 2482855000, "interestIncome": 20000, "interestExpense": 7161000, "depreciationAndAmortization": 20084000, "ebitda": 117840000, "ebitdaratio": 0.0456636045, "operatingIncome": 97338000, "operatingIncomeRatio": 0.0377189743, "totalOtherIncomeExpensesNet": -418000, "incomeBeforeTax": 90177000, "incomeBeforeTaxRatio": 0.0349440501, "incomeTaxExpense": 34964000, "netIncome": 55213000, "netIncomeRatio": 0.0213953207, "eps": 0.65, "epsdiluted": 0.63, "weightedAverageShsOut": 85187250, "weightedAverageShsOutDil": 87781500, "link": "https://www.sec.gov/Archives/edgar/data/1012019/000119312512117099/0001193125-12-117099-index.htm", "finalLink": "https://www.sec.gov/Archives/edgar/data/1012019/000119312512117099/d305354d10k.htm", "calculatedOtherExpenses": 19666000, "calculatedOperatingExpenses": 325939000, "calculatedNetInterest": -7141000, "calculatedOtherIncome": -20000, "calculatedIncomeNonControlling": 0, "calculatedEbitda": 117422000}, {"date": "2010-12-31", "symbol": "RUSHB", "reportedCurrency": "USD", "cik": "0001012019", "fillingDate": "2011-03-11", "acceptedDate": "2011-03-11 10:19:19", "calendarYear": "2010", "period": "FY", "revenue": 1497927000, "costOfRevenue": 1213037000, "grossProfit": 284890000, "grossProfitRatio": 0.1901895086, "researchAndDevelopmentExpenses": 0, "generalAndAdministrativeExpenses": 0, "sellingAndMarketingExpenses": 0, "sellingGeneralAndAdministrativeExpenses": 227467000, "otherExpenses": 0, "operatingExpenses": 243223000, "costAndExpenses": 1456260000, "interestIncome": 127000, "interestExpense": 5363000, "depreciationAndAmortization": 15720000, "ebitda": 57387000, "ebitdaratio": 0.0383109457, "operatingIncome": 41667000, "operatingIncomeRatio": 0.0278164423, "totalOtherIncomeExpensesNet": -36000, "incomeBeforeTax": 36304000, "incomeBeforeTaxRatio": 0.024236161, "incomeTaxExpense": 11737000, "netIncome": 31282000, "netIncomeRatio": 0.0208835277, "eps": 0.37, "epsdiluted": 0.36, "weightedAverageShsOut": 83940750, "weightedAverageShsOutDil": 85990500, "link": "https://www.sec.gov/Archives/edgar/data/1012019/000095012311024520/0000950123-11-024520-index.htm", "finalLink": "https://www.sec.gov/Archives/edgar/data/1012019/000095012311024520/c13928e10vk.htm", "calculatedOtherExpenses": 15756000, "calculatedOperatingExpenses": 243223000, "calculatedNetInterest": -5236000, "calculatedOtherIncome": -127000, "calculatedIncomeNonControlling": -6715000, "calculatedEbitda": 57387000}, {"date": "2009-12-31", "symbol": "RUSHB", "reportedCurrency": "USD", "cik": "0001012019", "fillingDate": "2010-03-12", "acceptedDate": "2010-03-12 10:32:09", "calendarYear": "2009", "period": "FY", "revenue": 1239289000, "costOfRevenue": 1014198000, "grossProfit": 225091000, "grossProfitRatio": 0.1816291438, "researchAndDevelopmentExpenses": 0, "generalAndAdministrativeExpenses": 0, "sellingAndMarketingExpenses": 0, "sellingGeneralAndAdministrativeExpenses": 199496000, "otherExpenses": 0, "operatingExpenses": 216096000, "costAndExpenses": 1230294000, "interestIncome": 54000, "interestExpense": 6099000, "depreciationAndAmortization": 16440000, "ebitda": 25755000, "ebitdaratio": 0.0207820775, "operatingIncome": 9315000, "operatingIncomeRatio": 0.0075164066, "totalOtherIncomeExpensesNet": -6099000, "incomeBeforeTax": 3216000, "incomeBeforeTaxRatio": 0.0025950363, "incomeTaxExpense": -2668000, "netIncome": 5884000, "netIncomeRatio": 0.0047478837, "eps": 0.0711, "epsdiluted": 0.0711, "weightedAverageShsOut": 83398500, "weightedAverageShsOutDil": 84593250, "link": "https://www.sec.gov/Archives/edgar/data/1012019/000095012310023928/0000950123-10-023928-index.htm", "finalLink": "https://www.sec.gov/Archives/edgar/data/1012019/000095012310023928/c97635e10vk.htm", "calculatedOtherExpenses": 16280000, "calculatedOperatingExpenses": 215776000, "calculatedNetInterest": -6045000, "calculatedOtherIncome": -54000, "calculatedIncomeNonControlling": 0, "calculatedEbitda": 25755000}, {"date": "2008-12-31", "symbol": "RUSHB", "reportedCurrency": "USD", "cik": "0001012019", "fillingDate": "2009-03-13", "acceptedDate": "2009-03-13 08:51:21", "calendarYear": "2008", "period": "FY", "revenue": 1654956000, "costOfRevenue": 1358244000, "grossProfit": 296712000, "grossProfitRatio": 0.1792869418, "researchAndDevelopmentExpenses": 0, "generalAndAdministrativeExpenses": 0, "sellingAndMarketingExpenses": 0, "sellingGeneralAndAdministrativeExpenses": 228057000, "otherExpenses": 0, "operatingExpenses": 243935000, "costAndExpenses": 1602179000, "interestIncome": 0, "interestExpense": 7830000, "depreciationAndAmortization": 38508000, "ebitda": 91145000, "ebitdaratio": 0.0550739718, "operatingIncome": 52777000, "operatingIncomeRatio": 0.0318902738, "totalOtherIncomeExpensesNet": 140000, "incomeBeforeTax": 45087000, "incomeBeforeTaxRatio": 0.0272436246, "incomeTaxExpense": 16222000, "netIncome": 28865000, "netIncomeRatio": 0.0174415513, "eps": 0.34, "epsdiluted": 0.33, "weightedAverageShsOut": 85699545, "weightedAverageShsOutDil": 86820637, "link": "https://www.sec.gov/Archives/edgar/data/1012019/000110465909017283/0001104659-09-017283-index.htm", "finalLink": "https://www.sec.gov/Archives/edgar/data/1012019/000110465909017283/a09-1355_110k.htm", "calculatedOtherExpenses": 15878000, "calculatedOperatingExpenses": 243935000, "calculatedNetInterest": -7830000, "calculatedOtherIncome": 140000, "calculatedIncomeNonControlling": 0, "calculatedEbitda": 91285000}, {"date": "2007-12-31", "symbol": "RUSHB", "reportedCurrency": "USD", "cik": "0001012019", "fillingDate": "2008-03-13", "acceptedDate": "2008-03-13 16:15:28", "calendarYear": "2007", "period": "FY", "revenue": 2030779000, "costOfRevenue": 1678711000, "grossProfit": 352068000, "grossProfitRatio": 0.1733659842, "researchAndDevelopmentExpenses": 0, "generalAndAdministrativeExpenses": 0, "sellingAndMarketingExpenses": 0, "sellingGeneralAndAdministrativeExpenses": 240661000, "otherExpenses": 0, "operatingExpenses": 255596000, "costAndExpenses": 1934307000, "interestIncome": 0, "interestExpense": 14909000, "depreciationAndAmortization": 35798000, "ebitda": 132031000, "ebitdaratio": 0.0650149524, "operatingIncome": 96472000, "operatingIncomeRatio": 0.047504923, "totalOtherIncomeExpensesNet": 239000, "incomeBeforeTax": 81802000, "incomeBeforeTaxRatio": 0.0402810941, "incomeTaxExpense": 30310000, "netIncome": 51492000, "netIncomeRatio": 0.0253557871, "eps": 0.6, "epsdiluted": 0.59, "weightedAverageShsOut": 85633290, "weightedAverageShsOutDil": 87177863, "link": "https://www.sec.gov/Archives/edgar/data/1012019/000110465908017382/0001104659-08-017382-index.htm", "finalLink": "https://www.sec.gov/Archives/edgar/data/1012019/000110465908017382/a08-2562_110k.htm", "calculatedOtherExpenses": 14935000, "calculatedOperatingExpenses": 255596000, "calculatedNetInterest": -14909000, "calculatedOtherIncome": 239000, "calculatedIncomeNonControlling": 0, "calculatedEbitda": 132270000}, {"date": "2006-12-31", "symbol": "RUSHB", "reportedCurrency": "USD", "cik": "0001012019", "fillingDate": "2007-03-15", "acceptedDate": "2007-03-15 14:59:42", "calendarYear": "2006", "period": "FY", "revenue": 2350523000, "costOfRevenue": 1997856000, "grossProfit": 352667000, "grossProfitRatio": 0.1500376725, "researchAndDevelopmentExpenses": 0, "generalAndAdministrativeExpenses": 0, "sellingAndMarketingExpenses": 0, "sellingGeneralAndAdministrativeExpenses": 230056000, "otherExpenses": 0, "operatingExpenses": 242945000, "costAndExpenses": 2240801000, "interestIncome": 2162000, "interestExpense": -17880000, "depreciationAndAmortization": 27074000, "ebitda": 136742000, "ebitdaratio": 0.058175138, "operatingIncome": 109722000, "operatingIncomeRatio": 0.046679824, "totalOtherIncomeExpensesNet": 54000, "incomeBeforeTax": 94058000, "incomeBeforeTaxRatio": 0.0400157752, "incomeTaxExpense": 35272000, "netIncome": 58786000, "netIncomeRatio": 0.0250097531, "eps": 0.7, "epsdiluted": 0.69, "weightedAverageShsOut": 84277568, "weightedAverageShsOutDil": 85208386, "link": "https://www.sec.gov/Archives/edgar/data/1012019/000110465907019504/0001104659-07-019504-index.htm", "finalLink": "https://www.sec.gov/Archives/edgar/data/1012019/000110465907019504/a07-5537_110k.htm", "calculatedOtherExpenses": 12889000, "calculatedOperatingExpenses": 242945000, "calculatedNetInterest": 20042000, "calculatedOtherIncome": -35706000, "calculatedIncomeNonControlling": 0, "calculatedEbitda": 136796000}, {"date": "2005-12-31", "symbol": "RUSHB", "reportedCurrency": "USD", "cik": "0001012019", "fillingDate": "2006-03-13", "acceptedDate": "2006-03-13 15:34:48", "calendarYear": "2005", "period": "FY", "revenue": 1864770000, "costOfRevenue": 1582078000, "grossProfit": 282692000, "grossProfitRatio": 0.1515961754, "researchAndDevelopmentExpenses": 0, "generalAndAdministrativeExpenses": 0, "sellingAndMarketingExpenses": 0, "sellingGeneralAndAdministrativeExpenses": 188667000, "otherExpenses": 0, "operatingExpenses": 199154000, "costAndExpenses": 1781232000, "interestIncome": 0, "interestExpense": 0, "depreciationAndAmortization": 21010000, "ebitda": 104053000, "ebitdaratio": 0.0557993747, "operatingIncome": 83538000, "operatingIncomeRatio": 0.044798018, "totalOtherIncomeExpensesNet": 495000, "incomeBeforeTax": 71138000, "incomeBeforeTaxRatio": 0.0381484044, "incomeTaxExpense": 26513000, "netIncome": 44625000, "netIncomeRatio": 0.0239305652, "eps": 0.55, "epsdiluted": 0.53, "weightedAverageShsOut": 81640957, "weightedAverageShsOutDil": 84186339, "link": "https://www.sec.gov/Archives/edgar/data/1012019/000110465906016123/0001104659-06-016123-index.htm", "finalLink": "https://www.sec.gov/Archives/edgar/data/1012019/000110465906016123/a06-1987_110k.htm", "calculatedOtherExpenses": 10487000, "calculatedOperatingExpenses": 199154000, "calculatedNetInterest": 0, "calculatedOtherIncome": -12400000, "calculatedIncomeNonControlling": 0, "calculatedEbitda": 104548000}, {"date": "2004-12-31", "symbol": "RUSHB", "reportedCurrency": "USD", "cik": "0001012019", "fillingDate": "2005-03-15", "acceptedDate": "2005-03-15 15:23:57", "calendarYear": "2004", "period": "FY", "revenue": 1094979000, "costOfRevenue": 909837000, "grossProfit": 185142000, "grossProfitRatio": 0.1690826947, "researchAndDevelopmentExpenses": 0, "generalAndAdministrativeExpenses": 0, "sellingAndMarketingExpenses": 0, "sellingGeneralAndAdministrativeExpenses": 141947000, "otherExpenses": 0, "operatingExpenses": 151066000, "costAndExpenses": 1060903000, "interestIncome": 0, "interestExpense": 0, "depreciationAndAmortization": 15923000, "ebitda": 49375000, "ebitdaratio": 0.045092189, "operatingIncome": 34076000, "operatingIncomeRatio": 0.0311202315, "totalOtherIncomeExpensesNet": 624000, "incomeBeforeTax": 28750000, "incomeBeforeTaxRatio": 0.0262562113, "incomeTaxExpense": 11574000, "netIncome": 16916000, "netIncomeRatio": 0.0154486981, "eps": 0.32, "epsdiluted": 0.3, "weightedAverageShsOut": 79359372, "weightedAverageShsOutDil": 84031776, "link": "https://www.sec.gov/Archives/edgar/data/1012019/000110465905011106/0001104659-05-011106-index.htm", "finalLink": "https://www.sec.gov/Archives/edgar/data/1012019/000110465905011106/a05-1972_110k.htm", "calculatedOtherExpenses": 9119000, "calculatedOperatingExpenses": 151066000, "calculatedNetInterest": 0, "calculatedOtherIncome": -5326000, "calculatedIncomeNonControlling": 260000, "calculatedEbitda": 49999000}, {"date": "2003-12-31", "symbol": "RUSHB", "reportedCurrency": "USD", "cik": "0001012019", "fillingDate": "2004-03-30", "acceptedDate": "2004-03-30 10:48:57", "calendarYear": "2003", "period": "FY", "revenue": 815332000, "costOfRevenue": 662082000, "grossProfit": 153250000, "grossProfitRatio": 0.187960242, "researchAndDevelopmentExpenses": 0, "generalAndAdministrativeExpenses": 0, "sellingAndMarketingExpenses": 0, "sellingGeneralAndAdministrativeExpenses": 124207000, "otherExpenses": 0, "operatingExpenses": 133136000, "costAndExpenses": 795218000, "interestIncome": 0, "interestExpense": 0, "depreciationAndAmortization": 15542000, "ebitda": 33672000, "ebitdaratio": 0.041298514, "operatingIncome": 20114000, "operatingIncomeRatio": 0.0246697051, "totalOtherIncomeExpensesNet": 1984000, "incomeBeforeTax": 15750000, "incomeBeforeTaxRatio": 0.0193172842, "incomeTaxExpense": 6300000, "netIncome": 8829000, "netIncomeRatio": 0.0108287176, "eps": 0.19, "epsdiluted": 0.17, "weightedAverageShsOut": 71053638, "weightedAverageShsOutDil": 76022188, "link": "https://www.sec.gov/Archives/edgar/data/1012019/000110465904008816/0001104659-04-008816-index.htm", "finalLink": "https://www.sec.gov/Archives/edgar/data/1012019/000110465904008816/a04-3896_110k.htm", "calculatedOtherExpenses": 8929000, "calculatedOperatingExpenses": 133136000, "calculatedNetInterest": 0, "calculatedOtherIncome": -4364000, "calculatedIncomeNonControlling": 621000, "calculatedEbitda": 35656000}, {"date": "2002-12-31", "symbol": "RUSHB", "reportedCurrency": "USD", "cik": "0001012019", "fillingDate": "2003-03-28", "acceptedDate": "2003-03-28 08:02:17", "calendarYear": "2002", "period": "FY", "revenue": 757147000, "costOfRevenue": 615942000, "grossProfit": 141205000, "grossProfitRatio": 0.1864961494, "researchAndDevelopmentExpenses": 0, "generalAndAdministrativeExpenses": 0, "sellingAndMarketingExpenses": 0, "sellingGeneralAndAdministrativeExpenses": 111721000, "otherExpenses": 0, "operatingExpenses": 120315000, "costAndExpenses": 736257000, "interestIncome": 0, "interestExpense": 0, "depreciationAndAmortization": 15846000, "ebitda": 36581000, "ebitdaratio": 0.0483142639, "operatingIncome": 20890000, "operatingIncomeRatio": 0.0275904151, "totalOtherIncomeExpensesNet": 155000, "incomeBeforeTax": 14546000, "incomeBeforeTaxRatio": 0.019211593, "incomeTaxExpense": 5818000, "netIncome": -1744000, "netIncomeRatio": -0.0023033836, "eps": -0.0246, "epsdiluted": -0.0238, "weightedAverageShsOut": 70860264, "weightedAverageShsOutDil": 73170243, "link": "https://www.sec.gov/Archives/edgar/data/1012019/000110465903005176/0001104659-03-005176-index.htm", "finalLink": "https://www.sec.gov/Archives/edgar/data/1012019/000110465903005176/j8903_10k.htm", "calculatedOtherExpenses": 8594000, "calculatedOperatingExpenses": 120315000, "calculatedNetInterest": 0, "calculatedOtherIncome": -6344000, "calculatedIncomeNonControlling": 10472000, "calculatedEbitda": 36736000}, {"date": "2001-12-31", "symbol": "RUSHB", "reportedCurrency": "USD", "cik": "0001012019", "fillingDate": "2002-04-01", "acceptedDate": "2002-04-01 00:00:00", "calendarYear": "2001", "period": "FY", "revenue": 784278000, "costOfRevenue": 634983000, "grossProfit": 149295000, "grossProfitRatio": 0.1903597959, "researchAndDevelopmentExpenses": 0, "generalAndAdministrativeExpenses": 0, "sellingAndMarketingExpenses": 0, "sellingGeneralAndAdministrativeExpenses": 121632000, "otherExpenses": 0, "operatingExpenses": 133279000, "costAndExpenses": 768262000, "interestIncome": 0, "interestExpense": 0, "depreciationAndAmortization": 16156000, "ebitda": 31964000, "ebitdaratio": 0.0407559564, "operatingIncome": 16016000, "operatingIncomeRatio": 0.0204213302, "totalOtherIncomeExpensesNet": 208000, "incomeBeforeTax": 5436000, "incomeBeforeTaxRatio": 0.0069312157, "incomeTaxExpense": 2174000, "netIncome": 3262000, "netIncomeRatio": 0.0041592395, "eps": 0.0681, "epsdiluted": 0.0681, "weightedAverageShsOut": 47866304, "weightedAverageShsOutDil": 47866304, "link": "https://www.sec.gov/Archives/edgar/data/1012019/000110465902001302/0001104659-02-001302-index.htm", "finalLink": "https://www.sec.gov/Archives/edgar/data/1012019/000110465902001302/j3069_10k405.htm", "calculatedOtherExpenses": 11647000, "calculatedOperatingExpenses": 133279000, "calculatedNetInterest": 0, "calculatedOtherIncome": -10580000, "calculatedIncomeNonControlling": 0, "calculatedEbitda": 32172000}, {"date": "2000-12-31", "symbol": "RUSHB", "reportedCurrency": "USD", "cik": "0001012019", "fillingDate": "2001-03-29", "acceptedDate": "2001-03-29 00:00:00", "calendarYear": "2000", "period": "FY", "revenue": 897428000, "costOfRevenue": 738392000, "grossProfit": 159036000, "grossProfitRatio": 0.1772131023, "researchAndDevelopmentExpenses": 0, "generalAndAdministrativeExpenses": 0, "sellingAndMarketingExpenses": 0, "sellingGeneralAndAdministrativeExpenses": 123848000, "otherExpenses": 0, "operatingExpenses": 137427000, "costAndExpenses": 875819000, "interestIncome": 0, "interestExpense": 0, "depreciationAndAmortization": 13579000, "ebitda": 35188000, "ebitdaratio": 0.0392098308, "operatingIncome": 21609000, "operatingIncomeRatio": 0.0240788119, "totalOtherIncomeExpensesNet": -16068000, "incomeBeforeTax": 5541000, "incomeBeforeTaxRatio": 0.0061743115, "incomeTaxExpense": 2216000, "netIncome": 3325000, "netIncomeRatio": 0.0037050326, "eps": 0.0711, "epsdiluted": 0.0711, "weightedAverageShsOut": 46757812, "weightedAverageShsOutDil": 46757812, "link": "https://www.sec.gov/Archives/edgar/data/1012019/000091205701505424/0000912057-01-505424-index.htm", "finalLink": "https://www.sec.gov/Archives/edgar/data/1012019/000091205701505424/a2043371z10-k405.txt", "calculatedOtherExpenses": 13579000, "calculatedOperatingExpenses": 137427000, "calculatedNetInterest": 0, "calculatedOtherIncome": -16068000, "calculatedIncomeNonControlling": 0, "calculatedEbitda": 35188000}, {"date": "1999-12-31", "symbol": "RUSHB", "reportedCurrency": "USD", "cik": "0001012019", "fillingDate": "2000-03-30", "acceptedDate": "2000-03-30 00:00:00", "calendarYear": "1999", "period": "FY", "revenue": 808355000, "costOfRevenue": 671345000, "grossProfit": 137010000, "grossProfitRatio": 0.1694923641, "researchAndDevelopmentExpenses": 0, "generalAndAdministrativeExpenses": 0, "sellingAndMarketingExpenses": 0, "sellingGeneralAndAdministrativeExpenses": 93502000, "otherExpenses": 0, "operatingExpenses": 101882000, "costAndExpenses": 773227000, "interestIncome": 0, "interestExpense": 0, "depreciationAndAmortization": 8380000, "ebitda": 43508000, "ebitdaratio": 0.0538228872, "operatingIncome": 35128000, "operatingIncomeRatio": 0.0434561548, "totalOtherIncomeExpensesNet": -8185000, "incomeBeforeTax": 26943000, "incomeBeforeTaxRatio": 0.033330653, "incomeTaxExpense": 10777000, "netIncome": 16166000, "netIncomeRatio": 0.0199986392, "eps": 0.71, "epsdiluted": 0.69, "weightedAverageShsOut": 23619926, "weightedAverageShsOutDil": 23619926, "link": "https://www.sec.gov/Archives/edgar/data/1012019/000095013400002832/0000950134-00-002832-index.html", "finalLink": "https://www.sec.gov/Archives/edgar/data/1012019/000095013400002832/", "calculatedOtherExpenses": 8380000, "calculatedOperatingExpenses": 101882000, "calculatedNetInterest": 0, "calculatedOtherIncome": -8185000, "calculatedIncomeNonControlling": 0, "calculatedEbitda": 43508000}, {"date": "1998-12-31", "symbol": "RUSHB", "reportedCurrency": "USD", "cik": "0001012019", "fillingDate": "1999-03-31", "acceptedDate": "1999-03-31 00:00:00", "calendarYear": "1998", "period": "FY", "revenue": 612800000, "costOfRevenue": 508200000, "grossProfit": 104600000, "grossProfitRatio": 0.170691906, "researchAndDevelopmentExpenses": 0, "generalAndAdministrativeExpenses": 0, "sellingAndMarketingExpenses": 0, "sellingGeneralAndAdministrativeExpenses": 75800000, "otherExpenses": 0, "operatingExpenses": 80600000, "costAndExpenses": 588800000, "interestIncome": 0, "interestExpense": 0, "depreciationAndAmortization": 4800000, "ebitda": 27800000, "ebitdaratio": 0.0453655352, "operatingIncome": 24000000, "operatingIncomeRatio": 0.0391644909, "totalOtherIncomeExpensesNet": 1000000, "incomeBeforeTax": 18000000, "incomeBeforeTaxRatio": 0.0293733681, "incomeTaxExpense": 7200000, "netIncome": 10800000, "netIncomeRatio": 0.0176240209, "eps": 0.48, "epsdiluted": 0.48, "weightedAverageShsOut": 22412279, "weightedAverageShsOutDil": 22412279, "link": "https://www.sec.gov/Archives/edgar/data/1012019/000095012999001285/0000950129-99-001285-index.html", "finalLink": "https://www.sec.gov/Archives/edgar/data/1012019/", "calculatedOtherExpenses": 4800000, "calculatedOperatingExpenses": 80600000, "calculatedNetInterest": 0, "calculatedOtherIncome": -6000000, "calculatedIncomeNonControlling": 0, "calculatedEbitda": 28800000}, {"date": "1997-12-31", "symbol": "RUSHB", "reportedCurrency": "USD", "cik": "0001012019", "fillingDate": "1998-03-31", "acceptedDate": "1998-03-31 00:00:00", "calendarYear": "1997", "period": "FY", "revenue": 399400000, "costOfRevenue": 334600000, "grossProfit": 64800000, "grossProfitRatio": 0.162243365, "researchAndDevelopmentExpenses": 0, "generalAndAdministrativeExpenses": 0, "sellingAndMarketingExpenses": 0, "sellingGeneralAndAdministrativeExpenses": 50600000, "otherExpenses": 0, "operatingExpenses": 53600000, "costAndExpenses": 388200000, "interestIncome": 0, "interestExpense": 0, "depreciationAndAmortization": 3000000, "ebitda": 13000000, "ebitdaratio": 0.0325488232, "operatingIncome": 11200000, "operatingIncomeRatio": 0.0280420631, "totalOtherIncomeExpensesNet": 1200000, "incomeBeforeTax": 8700000, "incomeBeforeTaxRatio": 0.021782674, "incomeTaxExpense": 3300000, "netIncome": 5400000, "netIncomeRatio": 0.0135202804, "eps": 0.24, "epsdiluted": 0.24, "weightedAverageShsOut": 22412279, "weightedAverageShsOutDil": 22412279, "link": "https://www.sec.gov/Archives/edgar/data/1012019/000095013498002739/0000950134-98-002739-index.html", "finalLink": "https://www.sec.gov/Archives/edgar/data/1012019/", "calculatedOtherExpenses": 3000000, "calculatedOperatingExpenses": 53600000, "calculatedNetInterest": 0, "calculatedOtherIncome": -2500000, "calculatedIncomeNonControlling": 0, "calculatedEbitda": 14200000}, {"date": "1996-12-31", "symbol": "RUSHB", "reportedCurrency": "USD", "cik": "0001012019", "fillingDate": "1997-03-31", "acceptedDate": "1997-03-31 00:00:00", "calendarYear": "1996", "period": "FY", "revenue": 343700000, "costOfRevenue": 289100000, "grossProfit": 54600000, "grossProfitRatio": 0.1588594705, "researchAndDevelopmentExpenses": 0, "generalAndAdministrativeExpenses": 0, "sellingAndMarketingExpenses": 0, "sellingGeneralAndAdministrativeExpenses": 40600000, "otherExpenses": 0, "operatingExpenses": 43000000, "costAndExpenses": 332100000, "interestIncome": 0, "interestExpense": 0, "depreciationAndAmortization": 2400000, "ebitda": 12900000, "ebitdaratio": 0.037532732, "operatingIncome": 11600000, "operatingIncomeRatio": 0.0337503637, "totalOtherIncomeExpensesNet": 1100000, "incomeBeforeTax": 8500000, "incomeBeforeTaxRatio": 0.0247308699, "incomeTaxExpense": 2300000, "netIncome": 6200000, "netIncomeRatio": 0.0180389875, "eps": 0.33, "epsdiluted": 0.33, "weightedAverageShsOut": 18841905, "weightedAverageShsOutDil": 18841905, "link": "https://www.sec.gov/Archives/edgar/data/1012019/000095013497002412/0000950134-97-002412-index.html", "finalLink": "https://www.sec.gov/Archives/edgar/data/1012019/", "calculatedOtherExpenses": 2400000, "calculatedOperatingExpenses": 43000000, "calculatedNetInterest": 0, "calculatedOtherIncome": -3100000, "calculatedIncomeNonControlling": 0, "calculatedEbitda": 14000000}, {"date": "1995-12-31", "symbol": "RUSHB", "reportedCurrency": "USD", "cik": "0001012019", "fillingDate": "1995-12-31", "acceptedDate": "1995-12-30 19:00:00", "calendarYear": "1995", "period": "FY", "revenue": 268500000, "costOfRevenue": 225300000, "grossProfit": 43200000, "grossProfitRatio": 0.1608938547, "researchAndDevelopmentExpenses": 0, "generalAndAdministrativeExpenses": 0, "sellingAndMarketingExpenses": 0, "sellingGeneralAndAdministrativeExpenses": 31900000, "otherExpenses": 0, "operatingExpenses": 33800000, "costAndExpenses": 259100000, "interestIncome": 0, "interestExpense": 0, "depreciationAndAmortization": 1900000, "ebitda": 11300000, "ebitdaratio": 0.0420856611, "operatingIncome": 9400000, "operatingIncomeRatio": 0.035009311, "totalOtherIncomeExpensesNet": 0, "incomeBeforeTax": 0, "incomeBeforeTaxRatio": 0, "incomeTaxExpense": 1400000, "netIncome": 8000000, "netIncomeRatio": 0.0297951583, "eps": 0.55, "epsdiluted": 0.55, "weightedAverageShsOut": 14508863, "weightedAverageShsOutDil": 14508863, "link": null, "finalLink": null, "calculatedOtherExpenses": 1900000, "calculatedOperatingExpenses": 33800000, "calculatedNetInterest": 0, "calculatedOtherIncome": -9400000, "calculatedIncomeNonControlling": -9400000, "calculatedEbitda": 11300000}, {"date": "1994-12-31", "symbol": "RUSHB", "reportedCurrency": "USD", "cik": "0001012019", "fillingDate": "1994-12-31", "acceptedDate": "1994-12-30 19:00:00", "calendarYear": "1994", "period": "FY", "revenue": 201300000, "costOfRevenue": 168300000, "grossProfit": 33000000, "grossProfitRatio": 0.1639344262, "researchAndDevelopmentExpenses": 0, "generalAndAdministrativeExpenses": 25800000, "sellingAndMarketingExpenses": 0, "sellingGeneralAndAdministrativeExpenses": 25800000, "otherExpenses": 1599999, "operatingExpenses": 27399999, "costAndExpenses": 195699999, "interestIncome": 0, "interestExpense": -2200000, "depreciationAndAmortization": 1600000, "ebitda": 3100000, "ebitdaratio": 0.0153999006, "operatingIncome": 1500000, "operatingIncomeRatio": 0.0074515648, "totalOtherIncomeExpensesNet": 1900000, "incomeBeforeTax": 3400000, "incomeBeforeTaxRatio": 0.0168902136, "incomeTaxExpense": -2200000, "netIncome": 5600000, "netIncomeRatio": 0.0278191754, "eps": 0.43, "epsdiluted": 0.43, "weightedAverageShsOut": 12900000, "weightedAverageShsOutDil": 12900000, "link": "", "finalLink": "", "calculatedOtherExpenses": 5700000, "calculatedOperatingExpenses": 31500000, "calculatedNetInterest": 2200000, "calculatedOtherIncome": -300000, "calculatedIncomeNonControlling": 0, "calculatedEbitda": 3100000}]}