{"originalCurrency": "CAD", "convertedCurrency": "CAD", "report": [{"date": "2023-10-31", "symbol": "RY", "reportedCurrency": "CAD", "cik": "0000000000", "fillingDate": "2023-10-31", "acceptedDate": "2023-10-30 20:00:00", "calendarYear": "2023", "period": "FY", "revenue": 56256000000, "costOfRevenue": 0, "grossProfit": 56256000000, "grossProfitRatio": 1, "researchAndDevelopmentExpenses": 0, "generalAndAdministrativeExpenses": 22993000000, "sellingAndMarketingExpenses": 0, "sellingGeneralAndAdministrativeExpenses": 22993000000, "otherExpenses": -60790000000, "operatingExpenses": -37797000000, "costAndExpenses": -37797000000, "interestIncome": 86991000000, "interestExpense": 61862000000, "depreciationAndAmortization": 2870000000, "ebitda": 21329000000, "ebitdaratio": 0.3791417804, "operatingIncome": 18459000000, "operatingIncomeRatio": 0.328125, "totalOtherIncomeExpensesNet": 7000000, "incomeBeforeTax": 18466000000, "incomeBeforeTaxRatio": 0.3282494312, "incomeTaxExpense": 3600000000, "netIncome": 14859000000, "netIncomeRatio": 0.2641318259, "eps": 10.51, "epsdiluted": 10.5, "weightedAverageShsOut": 1391020000, "weightedAverageShsOutDil": 1392529000, "link": "https://www.sedar.com/ModifyCompanyDocumentSearchForm.do?lang=EN&company_search=Royal Bank of Canada&document_selection=0&industry_group=A&FromDate=13&FromMonth=05&FromYear=2000&ToDate=13&ToMonth=11&ToYear=2030&Variable=Issuer", "finalLink": "https://www.sedar.com/ModifyCompanyDocumentSearchForm.do?lang=EN&company_search=Royal Bank of Canada&document_selection=0&industry_group=A&FromDate=13&FromMonth=05&FromYear=2000&ToDate=13&ToMonth=11&ToYear=2030&Variable=Issuer", "calculatedOtherExpenses": 14804000000, "calculatedOperatingExpenses": 37797000000, "calculatedNetInterest": 25129000000, "calculatedOtherIncome": -25122000000, "calculatedIncomeNonControlling": 7000000, "calculatedEbitda": 21329000000}, {"date": "2022-10-31", "symbol": "RY", "reportedCurrency": "CAD", "cik": "0000000000", "fillingDate": "2022-10-31", "acceptedDate": "2022-10-30 20:00:00", "calendarYear": "2022", "period": "FY", "revenue": 48775000000, "costOfRevenue": 0, "grossProfit": 48775000000, "grossProfitRatio": 1, "researchAndDevelopmentExpenses": 0, "generalAndAdministrativeExpenses": 18311000000, "sellingAndMarketingExpenses": 0, "sellingGeneralAndAdministrativeExpenses": 18311000000, "otherExpenses": -28936000000, "operatingExpenses": -10625000000, "costAndExpenses": -10625000000, "interestIncome": 40771000000, "interestExpense": 18054000000, "depreciationAndAmortization": 2652000000, "ebitda": 40802000000, "ebitdaratio": 0.8365351102, "operatingIncome": 38150000000, "operatingIncomeRatio": 0.7821629933, "totalOtherIncomeExpensesNet": -18041000000, "incomeBeforeTax": 20109000000, "incomeBeforeTaxRatio": 0.4122808816, "incomeTaxExpense": 4302000000, "netIncome": 15794000000, "netIncomeRatio": 0.323813429, "eps": 11.08, "epsdiluted": 11.06, "weightedAverageShsOut": 1403654000, "weightedAverageShsOutDil": 1406034000, "link": "https://www.sedar.com/ModifyCompanyDocumentSearchForm.do?lang=EN&company_search=Royal Bank of Canada&document_selection=0&industry_group=A&FromDate=13&FromMonth=05&FromYear=2000&ToDate=13&ToMonth=11&ToYear=2030&Variable=Issuer", "finalLink": "https://www.sedar.com/ModifyCompanyDocumentSearchForm.do?lang=EN&company_search=Royal Bank of Canada&document_selection=0&industry_group=A&FromDate=13&FromMonth=05&FromYear=2000&ToDate=13&ToMonth=11&ToYear=2030&Variable=Issuer", "calculatedOtherExpenses": -7686000000, "calculatedOperatingExpenses": 10625000000, "calculatedNetInterest": 22717000000, "calculatedOtherIncome": -40758000000, "calculatedIncomeNonControlling": 13000000, "calculatedEbitda": 40802000000}, {"date": "2021-10-31", "symbol": "RY", "reportedCurrency": "CAD", "cik": "0000000000", "fillingDate": "2021-10-31", "acceptedDate": "2021-10-30 20:00:00", "calendarYear": "2021", "period": "FY", "revenue": 49537000000, "costOfRevenue": 0, "grossProfit": 49537000000, "grossProfitRatio": 1, "researchAndDevelopmentExpenses": 0, "generalAndAdministrativeExpenses": 20430000000, "sellingAndMarketingExpenses": 0, "sellingGeneralAndAdministrativeExpenses": 20430000000, "otherExpenses": -49348000000, "operatingExpenses": -28918000000, "costAndExpenses": -28918000000, "interestIncome": 28145000000, "interestExpense": 8143000000, "depreciationAndAmortization": 2592000000, "ebitda": 23211000000, "ebitdaratio": 0.468558855, "operatingIncome": 20619000000, "operatingIncomeRatio": 0.4162343299, "totalOtherIncomeExpensesNet": 12000000, "incomeBeforeTax": 20631000000, "incomeBeforeTaxRatio": 0.4164765731, "incomeTaxExpense": 4581000000, "netIncome": 16038000000, "netIncomeRatio": 0.3237579991, "eps": 11.08, "epsdiluted": 11.06, "weightedAverageShsOut": 1424343000, "weightedAverageShsOutDil": 1426735000, "link": "https://www.sedar.com/ModifyCompanyDocumentSearchForm.do?lang=EN&company_search=Royal Bank of Canada&document_selection=0&industry_group=A&FromDate=13&FromMonth=05&FromYear=2000&ToDate=13&ToMonth=11&ToYear=2030&Variable=Issuer", "finalLink": "https://www.sedar.com/ModifyCompanyDocumentSearchForm.do?lang=EN&company_search=Royal Bank of Canada&document_selection=0&industry_group=A&FromDate=13&FromMonth=05&FromYear=2000&ToDate=13&ToMonth=11&ToYear=2030&Variable=Issuer", "calculatedOtherExpenses": 8488000000, "calculatedOperatingExpenses": 28918000000, "calculatedNetInterest": 20002000000, "calculatedOtherIncome": -19990000000, "calculatedIncomeNonControlling": 12000000, "calculatedEbitda": 23211000000}, {"date": "2020-10-31", "symbol": "RY", "reportedCurrency": "CAD", "cik": "0000000000", "fillingDate": "2020-10-31", "acceptedDate": "2020-10-30 20:00:00", "calendarYear": "2020", "period": "FY", "revenue": 47104000000, "costOfRevenue": 0, "grossProfit": 47104000000, "grossProfitRatio": 1, "researchAndDevelopmentExpenses": 0, "generalAndAdministrativeExpenses": 18935000000, "sellingAndMarketingExpenses": 0, "sellingGeneralAndAdministrativeExpenses": 18935000000, "otherExpenses": -51655000000, "operatingExpenses": -32720000000, "costAndExpenses": -32720000000, "interestIncome": 34883000000, "interestExpense": 14048000000, "depreciationAndAmortization": 1273000000, "ebitda": 15657000000, "ebitdaratio": 0.3323921535, "operatingIncome": 14384000000, "operatingIncomeRatio": 0.3053668478, "totalOtherIncomeExpensesNet": 5000000, "incomeBeforeTax": 14389000000, "incomeBeforeTaxRatio": 0.3054729959, "incomeTaxExpense": 2952000000, "netIncome": 11432000000, "netIncomeRatio": 0.2426970109, "eps": 7.84, "epsdiluted": 7.82, "weightedAverageShsOut": 1423915000, "weightedAverageShsOutDil": 1428770000, "link": "https://www.sedar.com/ModifyCompanyDocumentSearchForm.do?lang=EN&company_search=Royal Bank of Canada&document_selection=0&industry_group=A&FromDate=13&FromMonth=05&FromYear=2000&ToDate=13&ToMonth=11&ToYear=2030&Variable=Issuer", "finalLink": "https://www.sedar.com/ModifyCompanyDocumentSearchForm.do?lang=EN&company_search=Royal Bank of Canada&document_selection=0&industry_group=A&FromDate=13&FromMonth=05&FromYear=2000&ToDate=13&ToMonth=11&ToYear=2030&Variable=Issuer", "calculatedOtherExpenses": 13785000000, "calculatedOperatingExpenses": 32720000000, "calculatedNetInterest": 20835000000, "calculatedOtherIncome": -20830000000, "calculatedIncomeNonControlling": 5000000, "calculatedEbitda": 15657000000}, {"date": "2019-10-31", "symbol": "RY", "reportedCurrency": "CAD", "cik": "0000000000", "fillingDate": "2019-10-31", "acceptedDate": "2019-10-30 20:00:00", "calendarYear": "2019", "period": "FY", "revenue": 45926000000, "costOfRevenue": 0, "grossProfit": 45926000000, "grossProfitRatio": 1, "researchAndDevelopmentExpenses": 0, "generalAndAdministrativeExpenses": 18685000000, "sellingAndMarketingExpenses": 0, "sellingGeneralAndAdministrativeExpenses": 18685000000, "otherExpenses": -48708000000, "operatingExpenses": -30023000000, "costAndExpenses": -30023000000, "interestIncome": 41333000000, "interestExpense": 21584000000, "depreciationAndAmortization": 1197000000, "ebitda": 17100000000, "ebitdaratio": 0.3723381091, "operatingIncome": 15903000000, "operatingIncomeRatio": 0.3462744415, "totalOtherIncomeExpensesNet": 11000000, "incomeBeforeTax": 15914000000, "incomeBeforeTaxRatio": 0.3465139572, "incomeTaxExpense": 3043000000, "netIncome": 12860000000, "netIncomeRatio": 0.2800156774, "eps": 8.78, "epsdiluted": 8.75, "weightedAverageShsOut": 1434779000, "weightedAverageShsOutDil": 1440682000, "link": "https://www.sedar.com/ModifyCompanyDocumentSearchForm.do?lang=EN&company_search=Royal Bank of Canada&document_selection=0&industry_group=A&FromDate=13&FromMonth=05&FromYear=2000&ToDate=13&ToMonth=11&ToYear=2030&Variable=Issuer", "finalLink": "https://www.sedar.com/ModifyCompanyDocumentSearchForm.do?lang=EN&company_search=Royal Bank of Canada&document_selection=0&industry_group=A&FromDate=13&FromMonth=05&FromYear=2000&ToDate=13&ToMonth=11&ToYear=2030&Variable=Issuer", "calculatedOtherExpenses": 11338000000, "calculatedOperatingExpenses": 30023000000, "calculatedNetInterest": 19749000000, "calculatedOtherIncome": -19738000000, "calculatedIncomeNonControlling": 11000000, "calculatedEbitda": 17100000000}, {"date": "2018-10-31", "symbol": "RY", "reportedCurrency": "CAD", "cik": "0000000000", "fillingDate": "2018-10-31", "acceptedDate": "2018-10-30 20:00:00", "calendarYear": "2018", "period": "FY", "revenue": 42555000000, "costOfRevenue": 2716000000, "grossProfit": 39839000000, "grossProfitRatio": 0.9361767125, "researchAndDevelopmentExpenses": 0, "generalAndAdministrativeExpenses": 16452000000, "sellingAndMarketingExpenses": 0, "sellingGeneralAndAdministrativeExpenses": 16452000000, "otherExpenses": -23056000000, "operatingExpenses": -9280000000, "costAndExpenses": -9280000000, "interestIncome": 33021000000, "interestExpense": 14830000000, "depreciationAndAmortization": 1077000000, "ebitda": 32211000000, "ebitdaratio": 0.7569263306, "operatingIncome": 30559000000, "operatingIncomeRatio": 0.7181059805, "totalOtherIncomeExpensesNet": -14799000000, "incomeBeforeTax": 15760000000, "incomeBeforeTaxRatio": 0.3703442604, "incomeTaxExpense": 3329000000, "netIncome": 12400000000, "netIncomeRatio": 0.291387616, "eps": 8.59, "epsdiluted": 8.55, "weightedAverageShsOut": 1443894000, "weightedAverageShsOutDil": 1450485000, "link": "https://www.sedar.com/ModifyCompanyDocumentSearchForm.do?lang=EN&company_search=Royal Bank of Canada&document_selection=0&industry_group=A&FromDate=13&FromMonth=05&FromYear=2000&ToDate=13&ToMonth=11&ToYear=2030&Variable=Issuer", "finalLink": "https://www.sedar.com/ModifyCompanyDocumentSearchForm.do?lang=EN&company_search=Royal Bank of Canada&document_selection=0&industry_group=A&FromDate=13&FromMonth=05&FromYear=2000&ToDate=13&ToMonth=11&ToYear=2030&Variable=Issuer", "calculatedOtherExpenses": -7172000000, "calculatedOperatingExpenses": 9280000000, "calculatedNetInterest": 18191000000, "calculatedOtherIncome": -32990000000, "calculatedIncomeNonControlling": 31000000, "calculatedEbitda": 31636000000}, {"date": "2017-10-31", "symbol": "RY", "reportedCurrency": "CAD", "cik": "0000000000", "fillingDate": "2017-10-31", "acceptedDate": "2017-10-30 20:00:00", "calendarYear": "2017", "period": "FY", "revenue": 40122000000, "costOfRevenue": 3053000000, "grossProfit": 37069000000, "grossProfitRatio": 0.9239070834, "researchAndDevelopmentExpenses": 0, "generalAndAdministrativeExpenses": 16383000000, "sellingAndMarketingExpenses": 0, "sellingGeneralAndAdministrativeExpenses": 16383000000, "otherExpenses": -29057000000, "operatingExpenses": -12674000000, "costAndExpenses": -9621000000, "interestIncome": 26904000000, "interestExpense": 9764000000, "depreciationAndAmortization": 1015000000, "ebitda": 26012000000, "ebitdaratio": 0.648322616, "operatingIncome": 24395000000, "operatingIncomeRatio": 0.6080205374, "totalOtherIncomeExpensesNet": -9723000000, "incomeBeforeTax": 14672000000, "incomeBeforeTaxRatio": 0.3656846618, "incomeTaxExpense": 3203000000, "netIncome": 11428000000, "netIncomeRatio": 0.2848312646, "eps": 7.59, "epsdiluted": 7.56, "weightedAverageShsOut": 1466988000, "weightedAverageShsOutDil": 1474421000, "link": "https://www.sedar.com/ModifyCompanyDocumentSearchForm.do?lang=EN&company_search=Royal Bank of Canada&document_selection=0&industry_group=A&FromDate=13&FromMonth=05&FromYear=2000&ToDate=13&ToMonth=11&ToYear=2030&Variable=Issuer", "finalLink": "https://www.sedar.com/ModifyCompanyDocumentSearchForm.do?lang=EN&company_search=Royal Bank of Canada&document_selection=0&industry_group=A&FromDate=13&FromMonth=05&FromYear=2000&ToDate=13&ToMonth=11&ToYear=2030&Variable=Issuer", "calculatedOtherExpenses": -3709000000, "calculatedOperatingExpenses": 12674000000, "calculatedNetInterest": 17140000000, "calculatedOtherIncome": -26863000000, "calculatedIncomeNonControlling": 41000000, "calculatedEbitda": 25410000000}, {"date": "2016-10-31", "symbol": "RY", "reportedCurrency": "CAD", "cik": "0000000000", "fillingDate": "2016-10-31", "acceptedDate": "2016-10-30 20:00:00", "calendarYear": "2016", "period": "FY", "revenue": 37674000000, "costOfRevenue": 3424000000, "grossProfit": 34250000000, "grossProfitRatio": 0.9091150395, "researchAndDevelopmentExpenses": 0, "generalAndAdministrativeExpenses": 15625000000, "sellingAndMarketingExpenses": 0, "sellingGeneralAndAdministrativeExpenses": 15625000000, "otherExpenses": -28708000000, "operatingExpenses": -13083000000, "costAndExpenses": -9659000000, "interestIncome": 24452000000, "interestExpense": 7921000000, "depreciationAndAmortization": 1546000000, "ebitda": 22713000000, "ebitdaratio": 0.6028826246, "operatingIncome": 21167000000, "operatingIncomeRatio": 0.5618463662, "totalOtherIncomeExpensesNet": -7868000000, "incomeBeforeTax": 13299000000, "incomeBeforeTaxRatio": 0.3530020704, "incomeTaxExpense": 2841000000, "netIncome": 10405000000, "netIncomeRatio": 0.2761851675, "eps": 6.8, "epsdiluted": 6.78, "weightedAverageShsOut": 1485876000, "weightedAverageShsOutDil": 1494137000, "link": "https://www.sedar.com/ModifyCompanyDocumentSearchForm.do?lang=EN&company_search=Royal Bank of Canada&document_selection=0&industry_group=A&FromDate=13&FromMonth=05&FromYear=2000&ToDate=13&ToMonth=11&ToYear=2030&Variable=Issuer", "finalLink": "https://www.sedar.com/ModifyCompanyDocumentSearchForm.do?lang=EN&company_search=Royal Bank of Canada&document_selection=0&industry_group=A&FromDate=13&FromMonth=05&FromYear=2000&ToDate=13&ToMonth=11&ToYear=2030&Variable=Issuer", "calculatedOtherExpenses": -2542000000, "calculatedOperatingExpenses": 13083000000, "calculatedNetInterest": 16531000000, "calculatedOtherIncome": -24399000000, "calculatedIncomeNonControlling": 53000000, "calculatedEbitda": 22713000000}, {"date": "2015-10-31", "symbol": "RY", "reportedCurrency": "CAD", "cik": "0000000000", "fillingDate": "2015-10-31", "acceptedDate": "2015-10-30 20:00:00", "calendarYear": "2015", "period": "FY", "revenue": 35172000000, "costOfRevenue": 3040000000, "grossProfit": 32132000000, "grossProfitRatio": 0.9135676106, "researchAndDevelopmentExpenses": 0, "generalAndAdministrativeExpenses": 14546000000, "sellingAndMarketingExpenses": 0, "sellingGeneralAndAdministrativeExpenses": 14546000000, "otherExpenses": -26198000000, "operatingExpenses": -11652000000, "costAndExpenses": -8612000000, "interestIncome": 22729000000, "interestExpense": 7958000000, "depreciationAndAmortization": 712000000, "ebitda": 21726000000, "ebitdaratio": 0.6177072671, "operatingIncome": 20480000000, "operatingIncomeRatio": 0.5822813602, "totalOtherIncomeExpensesNet": -7857000000, "incomeBeforeTax": 12623000000, "incomeBeforeTaxRatio": 0.358893438, "incomeTaxExpense": 2597000000, "netIncome": 9925000000, "netIncomeRatio": 0.2821846924, "eps": 6.75, "epsdiluted": 6.73, "weightedAverageShsOut": 1442935000, "weightedAverageShsOutDil": 1449509000, "link": "https://www.sedar.com/ModifyCompanyDocumentSearchForm.do?lang=EN&company_search=Royal Bank of Canada&document_selection=0&industry_group=A&FromDate=13&FromMonth=05&FromYear=2000&ToDate=13&ToMonth=11&ToYear=2030&Variable=Issuer", "finalLink": "https://www.sedar.com/ModifyCompanyDocumentSearchForm.do?lang=EN&company_search=Royal Bank of Canada&document_selection=0&industry_group=A&FromDate=13&FromMonth=05&FromYear=2000&ToDate=13&ToMonth=11&ToYear=2030&Variable=Issuer", "calculatedOtherExpenses": -2894000000, "calculatedOperatingExpenses": 11652000000, "calculatedNetInterest": 14771000000, "calculatedOtherIncome": -22628000000, "calculatedIncomeNonControlling": 101000000, "calculatedEbitda": 21192000000}, {"date": "2014-10-31", "symbol": "RY", "reportedCurrency": "CAD", "cik": "0000000000", "fillingDate": "2014-10-31", "acceptedDate": "2014-10-30 20:00:00", "calendarYear": "2014", "period": "FY", "revenue": 33946000000, "costOfRevenue": 3573000000, "grossProfit": 30373000000, "grossProfitRatio": 0.8947445944, "researchAndDevelopmentExpenses": 0, "generalAndAdministrativeExpenses": 14604000000, "sellingAndMarketingExpenses": 0, "sellingGeneralAndAdministrativeExpenses": 14604000000, "otherExpenses": -25458000000, "operatingExpenses": -10854000000, "costAndExpenses": -7281000000, "interestIncome": 22019000000, "interestExpense": 7903000000, "depreciationAndAmortization": 1173000000, "ebitda": 20692000000, "ebitdaratio": 0.6095563542, "operatingIncome": 19519000000, "operatingIncomeRatio": 0.5750014729, "totalOtherIncomeExpensesNet": -7809000000, "incomeBeforeTax": 11710000000, "incomeBeforeTaxRatio": 0.3449596418, "incomeTaxExpense": 2706000000, "netIncome": 8910000000, "netIncomeRatio": 0.2624756967, "eps": 6.03, "epsdiluted": 6, "weightedAverageShsOut": 1442553000, "weightedAverageShsOutDil": 1452003000, "link": "https://www.sedar.com/ModifyCompanyDocumentSearchForm.do?lang=EN&company_search=Royal Bank of Canada&document_selection=0&industry_group=A&FromDate=13&FromMonth=05&FromYear=2000&ToDate=13&ToMonth=11&ToYear=2030&Variable=Issuer", "finalLink": "https://www.sedar.com/ModifyCompanyDocumentSearchForm.do?lang=EN&company_search=Royal Bank of Canada&document_selection=0&industry_group=A&FromDate=13&FromMonth=05&FromYear=2000&ToDate=13&ToMonth=11&ToYear=2030&Variable=Issuer", "calculatedOtherExpenses": -3750000000, "calculatedOperatingExpenses": 10854000000, "calculatedNetInterest": 14116000000, "calculatedOtherIncome": -21925000000, "calculatedIncomeNonControlling": 94000000, "calculatedEbitda": 20692000000}, {"date": "2013-10-31", "symbol": "RY", "reportedCurrency": "CAD", "cik": "0000000000", "fillingDate": "2013-10-31", "acceptedDate": "2013-10-30 20:00:00", "calendarYear": "2013", "period": "FY", "revenue": 30861000000, "costOfRevenue": 2784000000, "grossProfit": 28077000000, "grossProfitRatio": 0.9097890541, "researchAndDevelopmentExpenses": 0, "generalAndAdministrativeExpenses": 12974000000, "sellingAndMarketingExpenses": 0, "sellingGeneralAndAdministrativeExpenses": 12974000000, "otherExpenses": -22633000000, "operatingExpenses": -9659000000, "costAndExpenses": -6875000000, "interestIncome": 21150000000, "interestExpense": 7899000000, "depreciationAndAmortization": 464000000, "ebitda": 18882000000, "ebitdaratio": 0.6118401866, "operatingIncome": 18418000000, "operatingIncomeRatio": 0.596805029, "totalOtherIncomeExpensesNet": -7801000000, "incomeBeforeTax": 10617000000, "incomeBeforeTaxRatio": 0.3440264411, "incomeTaxExpense": 2188000000, "netIncome": 8331000000, "netIncomeRatio": 0.2699523671, "eps": 5.53, "epsdiluted": 5.49, "weightedAverageShsOut": 1443735000, "weightedAverageShsOutDil": 1466529000, "link": "https://www.sedar.com/ModifyCompanyDocumentSearchForm.do?lang=EN&company_search=Royal Bank of Canada&document_selection=0&industry_group=A&FromDate=13&FromMonth=05&FromYear=2000&ToDate=13&ToMonth=11&ToYear=2030&Variable=Issuer", "finalLink": "https://www.sedar.com/ModifyCompanyDocumentSearchForm.do?lang=EN&company_search=Royal Bank of Canada&document_selection=0&industry_group=A&FromDate=13&FromMonth=05&FromYear=2000&ToDate=13&ToMonth=11&ToYear=2030&Variable=Issuer", "calculatedOtherExpenses": -3315000000, "calculatedOperatingExpenses": 9659000000, "calculatedNetInterest": 13251000000, "calculatedOtherIncome": -21052000000, "calculatedIncomeNonControlling": 98000000, "calculatedEbitda": 18882000000}, {"date": "2012-10-31", "symbol": "RY", "reportedCurrency": "CAD", "cik": "0000000000", "fillingDate": "2012-10-31", "acceptedDate": "2012-10-30 20:00:00", "calendarYear": "2012", "period": "FY", "revenue": 29749000000, "costOfRevenue": 3621000000, "grossProfit": 26128000000, "grossProfitRatio": 0.8782816229, "researchAndDevelopmentExpenses": 0, "generalAndAdministrativeExpenses": 12908000000, "sellingAndMarketingExpenses": 0, "sellingGeneralAndAdministrativeExpenses": 12908000000, "otherExpenses": -21140000000, "operatingExpenses": -8232000000, "costAndExpenses": -4611000000, "interestIncome": 20852000000, "interestExpense": 8354000000, "depreciationAndAmortization": 437000000, "ebitda": 18333000000, "ebitdaratio": 0.6162560086, "operatingIncome": 17896000000, "operatingIncomeRatio": 0.6015664392, "totalOtherIncomeExpensesNet": -8206000000, "incomeBeforeTax": 9690000000, "incomeBeforeTaxRatio": 0.3257252345, "incomeTaxExpense": 2100000000, "netIncome": 7442000000, "netIncomeRatio": 0.2501596692, "eps": 4.96, "epsdiluted": 4.91, "weightedAverageShsOut": 1442167000, "weightedAverageShsOutDil": 1468287000, "link": "https://www.sedar.com/ModifyCompanyDocumentSearchForm.do?lang=EN&company_search=Royal Bank of Canada&document_selection=0&industry_group=A&FromDate=13&FromMonth=05&FromYear=2000&ToDate=13&ToMonth=11&ToYear=2030&Variable=Issuer", "finalLink": "https://www.sedar.com/ModifyCompanyDocumentSearchForm.do?lang=EN&company_search=Royal Bank of Canada&document_selection=0&industry_group=A&FromDate=13&FromMonth=05&FromYear=2000&ToDate=13&ToMonth=11&ToYear=2030&Variable=Issuer", "calculatedOtherExpenses": -4676000000, "calculatedOperatingExpenses": 8232000000, "calculatedNetInterest": 12498000000, "calculatedOtherIncome": -20704000000, "calculatedIncomeNonControlling": 148000000, "calculatedEbitda": 18333000000}, {"date": "2011-10-31", "symbol": "RY", "reportedCurrency": "CAD", "cik": "0000000000", "fillingDate": "2011-10-31", "acceptedDate": "2011-10-30 20:00:00", "calendarYear": "2011", "period": "FY", "revenue": 27430000000, "costOfRevenue": 3360000000, "grossProfit": 24070000000, "grossProfitRatio": 0.8775063799, "researchAndDevelopmentExpenses": 0, "generalAndAdministrativeExpenses": 12318000000, "sellingAndMarketingExpenses": 0, "sellingGeneralAndAdministrativeExpenses": 12318000000, "otherExpenses": -21328000000, "operatingExpenses": -9010000000, "costAndExpenses": -5650000000, "interestIncome": 18920000000, "interestExpense": 8320000000, "depreciationAndAmortization": 865000000, "ebitda": 15925000000, "ebitdaratio": 0.5805687204, "operatingIncome": 15060000000, "operatingIncomeRatio": 0.5490339045, "totalOtherIncomeExpensesNet": -6418000000, "incomeBeforeTax": 8642000000, "incomeBeforeTaxRatio": 0.3150565075, "incomeTaxExpense": 1888000000, "netIncome": 4852000000, "netIncomeRatio": 0.1768866205, "eps": 4.25, "epsdiluted": 4.19, "weightedAverageShsOut": 1430722000, "weightedAverageShsOutDil": 1471493000, "link": "https://www.sedar.com/ModifyCompanyDocumentSearchForm.do?lang=EN&company_search=Royal Bank of Canada&document_selection=0&industry_group=A&FromDate=13&FromMonth=05&FromYear=2000&ToDate=13&ToMonth=11&ToYear=2030&Variable=Issuer", "finalLink": "https://www.sedar.com/ModifyCompanyDocumentSearchForm.do?lang=EN&company_search=Royal Bank of Canada&document_selection=0&industry_group=A&FromDate=13&FromMonth=05&FromYear=2000&ToDate=13&ToMonth=11&ToYear=2030&Variable=Issuer", "calculatedOtherExpenses": -3308000000, "calculatedOperatingExpenses": 9010000000, "calculatedNetInterest": 10600000000, "calculatedOtherIncome": -17018000000, "calculatedIncomeNonControlling": 1902000000, "calculatedEbitda": 15925000000}, {"date": "2010-10-31", "symbol": "RY", "reportedCurrency": "CAD", "cik": "0000000000", "fillingDate": "2010-10-31", "acceptedDate": "2010-10-30 20:00:00", "calendarYear": "2010", "period": "FY", "revenue": 28330000000, "costOfRevenue": 5108000000, "grossProfit": 23222000000, "grossProfitRatio": 0.8196964349, "researchAndDevelopmentExpenses": 0, "generalAndAdministrativeExpenses": 14745000000, "sellingAndMarketingExpenses": 0, "sellingGeneralAndAdministrativeExpenses": 14745000000, "otherExpenses": -23402000000, "operatingExpenses": -8657000000, "costAndExpenses": -3549000000, "interestIncome": 18673000000, "interestExpense": 7696000000, "depreciationAndAmortization": 500000000, "ebitda": 14975000000, "ebitdaratio": 0.528591599, "operatingIncome": 14565000000, "operatingIncomeRatio": 0.5141193082, "totalOtherIncomeExpensesNet": -7597000000, "incomeBeforeTax": 6968000000, "incomeBeforeTaxRatio": 0.245958348, "incomeTaxExpense": 1646000000, "netIncome": 5223000000, "netIncomeRatio": 0.1843628662, "eps": 3.49, "epsdiluted": 3.46, "weightedAverageShsOut": 1420719000, "weightedAverageShsOutDil": 1433754000, "link": "https://www.sedar.com/ModifyCompanyDocumentSearchForm.do?lang=EN&company_search=Royal Bank of Canada&document_selection=0&industry_group=A&FromDate=13&FromMonth=05&FromYear=2000&ToDate=13&ToMonth=11&ToYear=2030&Variable=Issuer", "finalLink": "https://www.sedar.com/ModifyCompanyDocumentSearchForm.do?lang=EN&company_search=Royal Bank of Canada&document_selection=0&industry_group=A&FromDate=13&FromMonth=05&FromYear=2000&ToDate=13&ToMonth=11&ToYear=2030&Variable=Issuer", "calculatedOtherExpenses": -6088000000, "calculatedOperatingExpenses": 8657000000, "calculatedNetInterest": 10977000000, "calculatedOtherIncome": -18574000000, "calculatedIncomeNonControlling": 99000000, "calculatedEbitda": 15065000000}, {"date": "2009-10-31", "symbol": "RY", "reportedCurrency": "CAD", "cik": "0000000000", "fillingDate": "2009-10-31", "acceptedDate": "2009-10-30 20:00:00", "calendarYear": "2009", "period": "FY", "revenue": 29106000000, "costOfRevenue": 4609000000, "grossProfit": 24497000000, "grossProfitRatio": 0.8416477702, "researchAndDevelopmentExpenses": 0, "generalAndAdministrativeExpenses": 13587000000, "sellingAndMarketingExpenses": 0, "sellingGeneralAndAdministrativeExpenses": 13587000000, "otherExpenses": -23621000000, "operatingExpenses": -10034000000, "costAndExpenses": -5425000000, "interestIncome": 20543000000, "interestExpense": 9037000000, "depreciationAndAmortization": 389000000, "ebitda": 14852000000, "ebitdaratio": 0.510272796, "operatingIncome": 14463000000, "operatingIncomeRatio": 0.4969078541, "totalOtherIncomeExpensesNet": -8937000000, "incomeBeforeTax": 5526000000, "incomeBeforeTaxRatio": 0.1898577613, "incomeTaxExpense": 1568000000, "netIncome": 3858000000, "netIncomeRatio": 0.1325499897, "eps": 2.59, "epsdiluted": 2.57, "weightedAverageShsOut": 1398675000, "weightedAverageShsOutDil": 1412126000, "link": "https://www.sedar.com/ModifyCompanyDocumentSearchForm.do?lang=EN&company_search=Royal Bank of Canada&document_selection=0&industry_group=A&FromDate=13&FromMonth=05&FromYear=2000&ToDate=13&ToMonth=11&ToYear=2030&Variable=Issuer", "finalLink": "https://www.sedar.com/ModifyCompanyDocumentSearchForm.do?lang=EN&company_search=Royal Bank of Canada&document_selection=0&industry_group=A&FromDate=13&FromMonth=05&FromYear=2000&ToDate=13&ToMonth=11&ToYear=2030&Variable=Issuer", "calculatedOtherExpenses": -3553000000, "calculatedOperatingExpenses": 10034000000, "calculatedNetInterest": 11506000000, "calculatedOtherIncome": -20443000000, "calculatedIncomeNonControlling": 100000000, "calculatedEbitda": 14852000000}, {"date": "2008-10-31", "symbol": "RY", "reportedCurrency": "CAD", "cik": "0000000000", "fillingDate": "2008-10-31", "acceptedDate": "2008-10-30 20:00:00", "calendarYear": "2008", "period": "FY", "revenue": 21582000000, "costOfRevenue": 1631000000, "grossProfit": 19951000000, "grossProfitRatio": 0.9244277639, "researchAndDevelopmentExpenses": 0, "generalAndAdministrativeExpenses": 9410000000, "sellingAndMarketingExpenses": 0, "sellingGeneralAndAdministrativeExpenses": 9410000000, "otherExpenses": -7453000000, "operatingExpenses": 1957000000, "costAndExpenses": 3588000000, "interestIncome": 25344000000, "interestExpense": 15984000000, "depreciationAndAmortization": 674000000, "ebitda": 22582000000, "ebitdaratio": 1.0463349087, "operatingIncome": 21908000000, "operatingIncomeRatio": 1.0151051802, "totalOtherIncomeExpensesNet": -15903000000, "incomeBeforeTax": 6005000000, "incomeBeforeTaxRatio": 0.2782411269, "incomeTaxExpense": 1369000000, "netIncome": 4555000000, "netIncomeRatio": 0.2110555092, "eps": 3.41, "epsdiluted": 3.38, "weightedAverageShsOut": 1305706000, "weightedAverageShsOutDil": 1319744000, "link": "https://www.sedar.com/ModifyCompanyDocumentSearchForm.do?lang=EN&company_search=Royal Bank of Canada&document_selection=0&industry_group=A&FromDate=13&FromMonth=05&FromYear=2000&ToDate=13&ToMonth=11&ToYear=2030&Variable=Issuer", "finalLink": "https://www.sedar.com/ModifyCompanyDocumentSearchForm.do?lang=EN&company_search=Royal Bank of Canada&document_selection=0&industry_group=A&FromDate=13&FromMonth=05&FromYear=2000&ToDate=13&ToMonth=11&ToYear=2030&Variable=Issuer", "calculatedOtherExpenses": -11367000000, "calculatedOperatingExpenses": -1957000000, "calculatedNetInterest": 9360000000, "calculatedOtherIncome": -25263000000, "calculatedIncomeNonControlling": 81000000, "calculatedEbitda": 22582000000}, {"date": "2007-10-31", "symbol": "RY", "reportedCurrency": "CAD", "cik": "0000000000", "fillingDate": "2007-10-31", "acceptedDate": "2007-10-30 20:00:00", "calendarYear": "2007", "period": "FY", "revenue": 22462397124, "costOfRevenue": 0, "grossProfit": 22462397124, "grossProfitRatio": 1, "researchAndDevelopmentExpenses": 0, "generalAndAdministrativeExpenses": 10033109450, "sellingAndMarketingExpenses": 0, "sellingGeneralAndAdministrativeExpenses": 10033109450, "otherExpenses": -6766625674, "operatingExpenses": 3266483776, "costAndExpenses": 3266483776, "interestIncome": 26376880144, "interestExpense": 18844953174, "depreciationAndAmortization": 529751206, "ebitda": 26258632106, "ebitdaratio": 1.1690040008, "operatingIncome": 25728880900, "operatingIncomeRatio": 1.1454200884, "totalOtherIncomeExpensesNet": -18844953174, "incomeBeforeTax": 6883927726, "incomeBeforeTaxRatio": 0.3064645188, "incomeTaxExpense": 1391542900, "netIncome": 5492384826, "netIncomeRatio": 0.2445146346, "eps": 4.24, "epsdiluted": 4.19, "weightedAverageShsOut": 1273185000, "weightedAverageShsOutDil": 1289314000, "link": "https://www.sedar.com/ModifyCompanyDocumentSearchForm.do?lang=EN&company_search=Royal Bank of Canada&document_selection=0&industry_group=A&FromDate=13&FromMonth=05&FromYear=2000&ToDate=13&ToMonth=11&ToYear=2030&Variable=Issuer", "finalLink": "https://www.sedar.com/ModifyCompanyDocumentSearchForm.do?lang=EN&company_search=Royal Bank of Canada&document_selection=0&industry_group=A&FromDate=13&FromMonth=05&FromYear=2000&ToDate=13&ToMonth=11&ToYear=2030&Variable=Issuer", "calculatedOtherExpenses": -13299593226, "calculatedOperatingExpenses": -3266483776, "calculatedNetInterest": 7531926970, "calculatedOtherIncome": -26376880144, "calculatedIncomeNonControlling": 0, "calculatedEbitda": 26258632106}, {"date": "2006-10-31", "symbol": "RY", "reportedCurrency": "CAD", "cik": "0000000000", "fillingDate": "2006-10-31", "acceptedDate": "2006-10-30 19:00:00", "calendarYear": "2006", "period": "FY", "revenue": 20637271402, "costOfRevenue": 0, "grossProfit": 20637271402, "grossProfitRatio": 1, "researchAndDevelopmentExpenses": 0, "generalAndAdministrativeExpenses": 9848535847, "sellingAndMarketingExpenses": 0, "sellingGeneralAndAdministrativeExpenses": 9848535847, "otherExpenses": -8947604623, "operatingExpenses": 900931224, "costAndExpenses": 900931224, "interestIncome": 22169864244, "interestExpense": 15407831258, "depreciationAndAmortization": 481319421, "ebitda": 22019522047, "ebitdaratio": 1.0669783625, "operatingIncome": 21538202626, "operatingIncomeRatio": 1.0436555398, "totalOtherIncomeExpensesNet": -15378660384, "incomeBeforeTax": 6159542242, "incomeBeforeTaxRatio": 0.2984668914, "incomeTaxExpense": 1402445866, "netIncome": 4727925502, "netIncomeRatio": 0.2290964445, "eps": 3.65, "epsdiluted": 3.59, "weightedAverageShsOut": 1279956000, "weightedAverageShsOutDil": 1299785000, "link": "https://www.sedar.com/ModifyCompanyDocumentSearchForm.do?lang=EN&company_search=Royal Bank of Canada&document_selection=0&industry_group=A&FromDate=13&FromMonth=05&FromYear=2000&ToDate=13&ToMonth=11&ToYear=2030&Variable=Issuer", "finalLink": "https://www.sedar.com/ModifyCompanyDocumentSearchForm.do?lang=EN&company_search=Royal Bank of Canada&document_selection=0&industry_group=A&FromDate=13&FromMonth=05&FromYear=2000&ToDate=13&ToMonth=11&ToYear=2030&Variable=Issuer", "calculatedOtherExpenses": -10749467071, "calculatedOperatingExpenses": -900931224, "calculatedNetInterest": 6762032986, "calculatedOtherIncome": -22140693370, "calculatedIncomeNonControlling": 29170874, "calculatedEbitda": 22019522047}, {"date": "2005-10-31", "symbol": "RY", "reportedCurrency": "CAD", "cik": "0000000000", "fillingDate": "2005-10-31", "acceptedDate": "2005-10-30 19:00:00", "calendarYear": "2005", "period": "FY", "revenue": 19215964104, "costOfRevenue": 0, "grossProfit": 19215964104, "grossProfitRatio": 1, "researchAndDevelopmentExpenses": 0, "generalAndAdministrativeExpenses": 9391899870, "sellingAndMarketingExpenses": 0, "sellingGeneralAndAdministrativeExpenses": 9391899870, "otherExpenses": -13754870704, "operatingExpenses": -4362970834, "costAndExpenses": -4362970834, "interestIncome": 16958318574, "interestExpense": 10187743536, "depreciationAndAmortization": 464045342, "ebitda": 15317038612, "ebitdaratio": 0.7970996682, "operatingIncome": 14852993270, "operatingIncomeRatio": 0.772950719, "totalOtherIncomeExpensesNet": -10138150904, "incomeBeforeTax": 4714842366, "incomeBeforeTaxRatio": 0.245360698, "incomeTaxExpense": 1277600661, "netIncome": 3387649073, "netIncomeRatio": 0.1762934743, "eps": 2.61, "epsdiluted": 2.57, "weightedAverageShsOut": 1283433000, "weightedAverageShsOutDil": 1304680000, "link": "https://www.sedar.com/ModifyCompanyDocumentSearchForm.do?lang=EN&company_search=Royal Bank of Canada&document_selection=0&industry_group=A&FromDate=13&FromMonth=05&FromYear=2000&ToDate=13&ToMonth=11&ToYear=2030&Variable=Issuer", "finalLink": "https://www.sedar.com/ModifyCompanyDocumentSearchForm.do?lang=EN&company_search=Royal Bank of Canada&document_selection=0&industry_group=A&FromDate=13&FromMonth=05&FromYear=2000&ToDate=13&ToMonth=11&ToYear=2030&Variable=Issuer", "calculatedOtherExpenses": -5028929036, "calculatedOperatingExpenses": 4362970834, "calculatedNetInterest": 6770575038, "calculatedOtherIncome": -16908725942, "calculatedIncomeNonControlling": 49592632, "calculatedEbitda": 15317038612}, {"date": "2004-10-31", "symbol": "RY", "reportedCurrency": "CAD", "cik": "0000000000", "fillingDate": "2004-10-31", "acceptedDate": "2004-10-30 20:00:00", "calendarYear": "2004", "period": "FY", "revenue": 18121189953, "costOfRevenue": 0, "grossProfit": 18121189953, "grossProfitRatio": 1, "researchAndDevelopmentExpenses": 0, "generalAndAdministrativeExpenses": 8978297976, "sellingAndMarketingExpenses": 0, "sellingGeneralAndAdministrativeExpenses": 8978297976, "otherExpenses": -15968056571, "operatingExpenses": -6989758595, "costAndExpenses": -6989758595, "interestIncome": 13775908315, "interestExpense": 7082418922, "depreciationAndAmortization": 396244818, "ebitda": 11527676176, "ebitdaratio": 0.6361434434, "operatingIncome": 11131431358, "operatingIncomeRatio": 0.6142770639, "totalOtherIncomeExpensesNet": -7082418922, "incomeBeforeTax": 4049012436, "incomeBeforeTaxRatio": 0.2234407589, "incomeTaxExpense": 1231406974, "netIncome": 2817605462, "netIncomeRatio": 0.1554867793, "eps": 2.14, "epsdiluted": 2.11, "weightedAverageShsOut": 1293465000, "weightedAverageShsOutDil": 1311016000, "link": "https://www.sedar.com/ModifyCompanyDocumentSearchForm.do?lang=EN&company_search=Royal Bank of Canada&document_selection=0&industry_group=A&FromDate=13&FromMonth=05&FromYear=2000&ToDate=13&ToMonth=11&ToYear=2030&Variable=Issuer", "finalLink": "https://www.sedar.com/ModifyCompanyDocumentSearchForm.do?lang=EN&company_search=Royal Bank of Canada&document_selection=0&industry_group=A&FromDate=13&FromMonth=05&FromYear=2000&ToDate=13&ToMonth=11&ToYear=2030&Variable=Issuer", "calculatedOtherExpenses": -1988539381, "calculatedOperatingExpenses": 6989758595, "calculatedNetInterest": 6693489393, "calculatedOtherIncome": -13775908315, "calculatedIncomeNonControlling": 0, "calculatedEbitda": 11527676176}, {"date": "2003-10-31", "symbol": "RY", "reportedCurrency": "CAD", "cik": "0000000000", "fillingDate": "2003-10-31", "acceptedDate": "2003-10-30 19:00:00", "calendarYear": "2003", "period": "FY", "revenue": 17417908480, "costOfRevenue": 0, "grossProfit": 17417908480, "grossProfitRatio": 1, "researchAndDevelopmentExpenses": 0, "generalAndAdministrativeExpenses": 6448635105, "sellingAndMarketingExpenses": 0, "sellingGeneralAndAdministrativeExpenses": 6448635105, "otherExpenses": -11989977582, "operatingExpenses": -5541342477, "costAndExpenses": -5541342477, "interestIncome": 14053804563, "interestExpense": 7411314783, "depreciationAndAmortization": 469471186, "ebitda": 12346037189, "ebitdaratio": 0.7088128407, "operatingIncome": 11876566003, "operatingIncomeRatio": 0.6818594791, "totalOtherIncomeExpensesNet": -7411314783, "incomeBeforeTax": 4465251220, "incomeBeforeTaxRatio": 0.256359782, "incomeTaxExpense": 1459844389, "netIncome": 3005406831, "netIncomeRatio": 0.1725469412, "eps": 2.22, "epsdiluted": 2.19, "weightedAverageShsOut": 1305670698, "weightedAverageShsOutDil": 1320541662, "link": "https://www.sedar.com/ModifyCompanyDocumentSearchForm.do?lang=EN&company_search=Royal Bank of Canada&document_selection=0&industry_group=A&FromDate=13&FromMonth=05&FromYear=2000&ToDate=13&ToMonth=11&ToYear=2030&Variable=Issuer", "finalLink": "https://www.sedar.com/ModifyCompanyDocumentSearchForm.do?lang=EN&company_search=Royal Bank of Canada&document_selection=0&industry_group=A&FromDate=13&FromMonth=05&FromYear=2000&ToDate=13&ToMonth=11&ToYear=2030&Variable=Issuer", "calculatedOtherExpenses": -907292628, "calculatedOperatingExpenses": 5541342477, "calculatedNetInterest": 6642489780, "calculatedOtherIncome": -14053804563, "calculatedIncomeNonControlling": 0, "calculatedEbitda": 12346037189}, {"date": "2002-10-31", "symbol": "RY", "reportedCurrency": "CAD", "cik": "0000000000", "fillingDate": "2002-10-31", "acceptedDate": "2002-10-30 19:00:00", "calendarYear": "2002", "period": "FY", "revenue": 15719626169, "costOfRevenue": 0, "grossProfit": 15719626169, "grossProfitRatio": 1, "researchAndDevelopmentExpenses": 0, "generalAndAdministrativeExpenses": 6314641745, "sellingAndMarketingExpenses": 0, "sellingGeneralAndAdministrativeExpenses": 6314641745, "otherExpenses": -10394080998, "operatingExpenses": -4079439253, "costAndExpenses": -4079439253, "interestIncome": 14671339564, "interestExpense": 7514018692, "depreciationAndAmortization": 479750779, "ebitda": 12119937695, "ebitdaratio": 0.771006738, "operatingIncome": 11640186916, "operatingIncomeRatio": 0.7404875148, "totalOtherIncomeExpensesNet": -7514018692, "incomeBeforeTax": 4126168224, "incomeBeforeTaxRatio": 0.2624851367, "incomeTaxExpense": 1364485981, "netIncome": 2761682243, "netIncomeRatio": 0.1756837099, "eps": 2.08, "epsdiluted": 2.06, "weightedAverageShsOut": 1345142000, "weightedAverageShsOutDil": 1358306000, "link": "https://www.sedar.com/ModifyCompanyDocumentSearchForm.do?lang=EN&company_search=Royal Bank of Canada&document_selection=0&industry_group=A&FromDate=13&FromMonth=05&FromYear=2000&ToDate=13&ToMonth=11&ToYear=2030&Variable=Issuer", "finalLink": "https://www.sedar.com/ModifyCompanyDocumentSearchForm.do?lang=EN&company_search=Royal Bank of Canada&document_selection=0&industry_group=A&FromDate=13&FromMonth=05&FromYear=2000&ToDate=13&ToMonth=11&ToYear=2030&Variable=Issuer", "calculatedOtherExpenses": -2235202492, "calculatedOperatingExpenses": 4079439253, "calculatedNetInterest": 7157320872, "calculatedOtherIncome": -14671339564, "calculatedIncomeNonControlling": 0, "calculatedEbitda": 12119937695}, {"date": "2001-10-31", "symbol": "RY", "reportedCurrency": "CAD", "cik": "0000000000", "fillingDate": "2001-10-31", "acceptedDate": "2001-10-30 19:00:00", "calendarYear": "2001", "period": "FY", "revenue": 14730995081, "costOfRevenue": 0, "grossProfit": 14730995081, "grossProfitRatio": 1, "researchAndDevelopmentExpenses": 0, "generalAndAdministrativeExpenses": 5722901127, "sellingAndMarketingExpenses": 0, "sellingGeneralAndAdministrativeExpenses": 5722901127, "otherExpenses": -5913347089, "operatingExpenses": -190445962, "costAndExpenses": -190445962, "interestIncome": 17306776702, "interestExpense": 10790350738, "depreciationAndAmortization": 672909062, "ebitda": 15213458181, "ebitdaratio": 1.0327515621, "operatingIncome": 14540549119, "operatingIncomeRatio": 0.9870717517, "totalOtherIncomeExpensesNet": -10790350738, "incomeBeforeTax": 3750198381, "incomeBeforeTaxRatio": 0.2545787545, "incomeTaxExpense": 1339469925, "netIncome": 2410728456, "netIncomeRatio": 0.1636500754, "eps": 1.79, "epsdiluted": 1.78, "weightedAverageShsOut": 1283032000, "weightedAverageShsOutDil": 1294432000, "link": "https://www.sedar.com/ModifyCompanyDocumentSearchForm.do?lang=EN&company_search=Royal Bank of Canada&document_selection=0&industry_group=A&FromDate=13&FromMonth=05&FromYear=2000&ToDate=13&ToMonth=11&ToYear=2030&Variable=Issuer", "finalLink": "https://www.sedar.com/ModifyCompanyDocumentSearchForm.do?lang=EN&company_search=Royal Bank of Canada&document_selection=0&industry_group=A&FromDate=13&FromMonth=05&FromYear=2000&ToDate=13&ToMonth=11&ToYear=2030&Variable=Issuer", "calculatedOtherExpenses": -5532455165, "calculatedOperatingExpenses": 190445962, "calculatedNetInterest": 6516425964, "calculatedOtherIncome": -17306776702, "calculatedIncomeNonControlling": 0, "calculatedEbitda": 15213458181}, {"date": "2000-10-31", "symbol": "RY", "reportedCurrency": "CAD", "cik": "0000000000", "fillingDate": "2000-10-31", "acceptedDate": "2000-10-30 19:00:00", "calendarYear": "2000", "period": "FY", "revenue": 11958574474, "costOfRevenue": 0, "grossProfit": 11958574474, "grossProfitRatio": 1, "researchAndDevelopmentExpenses": 0, "generalAndAdministrativeExpenses": 4695400548, "sellingAndMarketingExpenses": 0, "sellingGeneralAndAdministrativeExpenses": 4695400548, "otherExpenses": -2203777032, "operatingExpenses": 2491623516, "costAndExpenses": 2491623516, "interestIncome": 16108742004, "interestExpense": 10830033506, "depreciationAndAmortization": 459945172, "ebitda": 14910143162, "ebitdaratio": 1.2468160979, "operatingIncome": 14450197990, "operatingIncomeRatio": 1.2083545594, "totalOtherIncomeExpensesNet": -10830033506, "incomeBeforeTax": 3620164484, "incomeBeforeTaxRatio": 0.3027254203, "incomeTaxExpense": 1411818459, "netIncome": 2208346025, "netIncomeRatio": 0.1846663271, "eps": 1.71, "epsdiluted": 1.7, "weightedAverageShsOut": 1212778000, "weightedAverageShsOutDil": 1219730000, "link": "https://www.sedar.com/ModifyCompanyDocumentSearchForm.do?lang=EN&company_search=Royal Bank of Canada&document_selection=0&industry_group=A&FromDate=13&FromMonth=05&FromYear=2000&ToDate=13&ToMonth=11&ToYear=2030&Variable=Issuer", "finalLink": "https://www.sedar.com/ModifyCompanyDocumentSearchForm.do?lang=EN&company_search=Royal Bank of Canada&document_selection=0&industry_group=A&FromDate=13&FromMonth=05&FromYear=2000&ToDate=13&ToMonth=11&ToYear=2030&Variable=Issuer", "calculatedOtherExpenses": -7187024064, "calculatedOperatingExpenses": -2491623516, "calculatedNetInterest": 5278708498, "calculatedOtherIncome": -16108742004, "calculatedIncomeNonControlling": 0, "calculatedEbitda": 14910143162}, {"date": "1999-10-31", "symbol": "RY", "reportedCurrency": "CAD", "cik": "0000000000", "fillingDate": "1999-10-31", "acceptedDate": "1999-10-30 20:00:00", "calendarYear": "1999", "period": "FY", "revenue": 10607915258, "costOfRevenue": 0, "grossProfit": 10607915258, "grossProfitRatio": 1, "researchAndDevelopmentExpenses": 0, "generalAndAdministrativeExpenses": 4096071796, "sellingAndMarketingExpenses": 0, "sellingGeneralAndAdministrativeExpenses": 4096071796, "otherExpenses": -2922024422, "operatingExpenses": 1174047374, "costAndExpenses": 1174047374, "interestIncome": 14199941151, "interestExpense": 9082977785, "depreciationAndAmortization": 459026041, "ebitda": 12240988673, "ebitdaratio": 1.1539485729, "operatingIncome": 11781962632, "operatingIncomeRatio": 1.1106765416, "totalOtherIncomeExpensesNet": -9082977785, "incomeBeforeTax": 2698984847, "incomeBeforeTaxRatio": 0.2544312225, "incomeTaxExpense": 973959100, "netIncome": 1725025747, "netIncomeRatio": 0.1626168484, "eps": 1.25, "epsdiluted": 1.24, "weightedAverageShsOut": 1252316000, "weightedAverageShsOutDil": 1264789494, "link": "https://www.sedar.com/ModifyCompanyDocumentSearchForm.do?lang=EN&company_search=Royal Bank of Canada&document_selection=0&industry_group=A&FromDate=13&FromMonth=05&FromYear=2000&ToDate=13&ToMonth=11&ToYear=2030&Variable=Issuer", "finalLink": "https://www.sedar.com/ModifyCompanyDocumentSearchForm.do?lang=EN&company_search=Royal Bank of Canada&document_selection=0&industry_group=A&FromDate=13&FromMonth=05&FromYear=2000&ToDate=13&ToMonth=11&ToYear=2030&Variable=Issuer", "calculatedOtherExpenses": -5270119170, "calculatedOperatingExpenses": -1174047374, "calculatedNetInterest": 5116963366, "calculatedOtherIncome": -14199941151, "calculatedIncomeNonControlling": 0, "calculatedEbitda": 12240988673}, {"date": "1998-10-31", "symbol": "RY", "reportedCurrency": "CAD", "cik": "0000000000", "fillingDate": "1998-10-31", "acceptedDate": "1998-10-30 19:00:00", "calendarYear": "1998", "period": "FY", "revenue": 10049081648, "costOfRevenue": 0, "grossProfit": 10049081648, "grossProfitRatio": 1, "researchAndDevelopmentExpenses": 0, "generalAndAdministrativeExpenses": 3594073159, "sellingAndMarketingExpenses": 0, "sellingGeneralAndAdministrativeExpenses": 3594073159, "otherExpenses": -932088285, "operatingExpenses": 2661984874, "costAndExpenses": 2661984874, "interestIncome": 14776045686, "interestExpense": 9711992591, "depreciationAndAmortization": 342028091, "ebitda": 13053094613, "ebitdaratio": 1.2989340788, "operatingIncome": 12711066522, "operatingIncomeRatio": 1.2648983228, "totalOtherIncomeExpensesNet": -9711992591, "incomeBeforeTax": 2999073931, "incomeBeforeTaxRatio": 0.2984425877, "incomeTaxExpense": 1175027010, "netIncome": 1824046921, "netIncomeRatio": 0.1815137925, "eps": 1.32, "epsdiluted": 1.3, "weightedAverageShsOut": 1230184061, "weightedAverageShsOutDil": 1252147407, "link": "https://www.sedar.com/ModifyCompanyDocumentSearchForm.do?lang=EN&company_search=Royal Bank of Canada&document_selection=0&industry_group=A&FromDate=13&FromMonth=05&FromYear=2000&ToDate=13&ToMonth=11&ToYear=2030&Variable=Issuer", "finalLink": "https://www.sedar.com/ModifyCompanyDocumentSearchForm.do?lang=EN&company_search=Royal Bank of Canada&document_selection=0&industry_group=A&FromDate=13&FromMonth=05&FromYear=2000&ToDate=13&ToMonth=11&ToYear=2030&Variable=Issuer", "calculatedOtherExpenses": -6256058033, "calculatedOperatingExpenses": -2661984874, "calculatedNetInterest": 5064053095, "calculatedOtherIncome": -14776045686, "calculatedIncomeNonControlling": 0, "calculatedEbitda": 13053094613}, {"date": "1997-10-31", "symbol": "RY", "reportedCurrency": "CAD", "cik": "0000000000", "fillingDate": "1997-10-31", "acceptedDate": "1997-10-30 19:00:00", "calendarYear": "1997", "period": "FY", "revenue": 9278974792, "costOfRevenue": 0, "grossProfit": 9278974792, "grossProfitRatio": 1, "researchAndDevelopmentExpenses": 0, "generalAndAdministrativeExpenses": 3365019011, "sellingAndMarketingExpenses": 0, "sellingGeneralAndAdministrativeExpenses": 3365019011, "otherExpenses": -1567948176, "operatingExpenses": 1797070835, "costAndExpenses": 1797070835, "interestIncome": 13306999014, "interestExpense": 8306999014, "depreciationAndAmortization": 382058865, "ebitda": 11458104492, "ebitdaratio": 1.2348459554, "operatingIncome": 11076045627, "operatingIncomeRatio": 1.1936712703, "totalOtherIncomeExpensesNet": -8306999014, "incomeBeforeTax": 2769046613, "incomeBeforeTaxRatio": 0.2984216118, "incomeTaxExpense": 1089987326, "netIncome": 1679059287, "netIncomeRatio": 0.1809531036, "eps": 1.23, "epsdiluted": 1.21, "weightedAverageShsOut": 1235369206, "weightedAverageShsOutDil": 1256921975, "link": "https://www.sedar.com/ModifyCompanyDocumentSearchForm.do?lang=EN&company_search=Royal Bank of Canada&document_selection=0&industry_group=A&FromDate=13&FromMonth=05&FromYear=2000&ToDate=13&ToMonth=11&ToYear=2030&Variable=Issuer", "finalLink": "https://www.sedar.com/ModifyCompanyDocumentSearchForm.do?lang=EN&company_search=Royal Bank of Canada&document_selection=0&industry_group=A&FromDate=13&FromMonth=05&FromYear=2000&ToDate=13&ToMonth=11&ToYear=2030&Variable=Issuer", "calculatedOtherExpenses": -5162089846, "calculatedOperatingExpenses": -1797070835, "calculatedNetInterest": 5000000000, "calculatedOtherIncome": -13306999014, "calculatedIncomeNonControlling": 0, "calculatedEbitda": 11458104492}, {"date": "1996-10-31", "symbol": "RY", "reportedCurrency": "CAD", "cik": "0000000000", "fillingDate": "1996-10-31", "acceptedDate": "1996-10-30 19:00:00", "calendarYear": "1996", "period": "FY", "revenue": 7911036789, "costOfRevenue": 0, "grossProfit": 7911036789, "grossProfitRatio": 1, "researchAndDevelopmentExpenses": 0, "generalAndAdministrativeExpenses": 2850969900, "sellingAndMarketingExpenses": 0, "sellingGeneralAndAdministrativeExpenses": 2850969900, "otherExpenses": 110903010, "operatingExpenses": 2961872910, "costAndExpenses": 2961872910, "interestIncome": 13452976589, "interestExpense": 8562943144, "depreciationAndAmortization": 324949833, "ebitda": 11197859532, "ebitdaratio": 1.4154730702, "operatingIncome": 10872909699, "operatingIncomeRatio": 1.3743975649, "totalOtherIncomeExpensesNet": -8562943144, "incomeBeforeTax": 2309966555, "incomeBeforeTaxRatio": 0.2919928976, "incomeTaxExpense": 880000000, "netIncome": 1429966555, "netIncomeRatio": 0.1807558975, "eps": 1.03, "epsdiluted": 1.03, "weightedAverageShsOut": 1253528606, "weightedAverageShsOutDil": 1253528606, "link": "https://www.sedar.com/ModifyCompanyDocumentSearchForm.do?lang=EN&company_search=Royal Bank of Canada&document_selection=0&industry_group=A&FromDate=13&FromMonth=05&FromYear=2000&ToDate=13&ToMonth=11&ToYear=2030&Variable=Issuer", "finalLink": "https://www.sedar.com/ModifyCompanyDocumentSearchForm.do?lang=EN&company_search=Royal Bank of Canada&document_selection=0&industry_group=A&FromDate=13&FromMonth=05&FromYear=2000&ToDate=13&ToMonth=11&ToYear=2030&Variable=Issuer", "calculatedOtherExpenses": -5812842810, "calculatedOperatingExpenses": -2961872910, "calculatedNetInterest": 4890033445, "calculatedOtherIncome": -13452976589, "calculatedIncomeNonControlling": 0, "calculatedEbitda": 11197859532}, {"date": "1995-10-31", "symbol": "RY", "reportedCurrency": "CAD", "cik": "0000000000", "fillingDate": "1995-10-31", "acceptedDate": "1995-10-30 19:00:00", "calendarYear": "1995", "period": "FY", "revenue": 7257127561, "costOfRevenue": 0, "grossProfit": 7257127561, "grossProfitRatio": 1, "researchAndDevelopmentExpenses": 0, "generalAndAdministrativeExpenses": 2563110695, "sellingAndMarketingExpenses": 0, "sellingGeneralAndAdministrativeExpenses": 2563110695, "otherExpenses": 245884084, "operatingExpenses": 2808994779, "costAndExpenses": 2808994779, "interestIncome": 12716102262, "interestExpense": 8048989426, "depreciationAndAmortization": 360058894, "ebitda": 10426181234, "ebitdaratio": 1.4366815446, "operatingIncome": 10066122340, "operatingIncomeRatio": 1.3870670255, "totalOtherIncomeExpensesNet": -8048989426, "incomeBeforeTax": 2017132914, "incomeBeforeTaxRatio": 0.2779519716, "incomeTaxExpense": 755052871, "netIncome": 1262080043, "netIncomeRatio": 0.1739090339, "eps": 0.88, "epsdiluted": 0.88, "weightedAverageShsOut": 1254857143, "weightedAverageShsOutDil": 1254857143, "link": "https://www.sedar.com/ModifyCompanyDocumentSearchForm.do?lang=EN&company_search=Royal Bank of Canada&document_selection=0&industry_group=A&FromDate=13&FromMonth=05&FromYear=2000&ToDate=13&ToMonth=11&ToYear=2030&Variable=Issuer", "finalLink": "https://www.sedar.com/ModifyCompanyDocumentSearchForm.do?lang=EN&company_search=Royal Bank of Canada&document_selection=0&industry_group=A&FromDate=13&FromMonth=05&FromYear=2000&ToDate=13&ToMonth=11&ToYear=2030&Variable=Issuer", "calculatedOtherExpenses": -5372105474, "calculatedOperatingExpenses": -2808994779, "calculatedNetInterest": 4667112836, "calculatedOtherIncome": -12716102262, "calculatedIncomeNonControlling": 0, "calculatedEbitda": 10426181234}, {"date": "1994-10-31", "symbol": "RY", "reportedCurrency": "CAD", "cik": "0000000000", "fillingDate": "1994-10-31", "acceptedDate": "1994-10-30 19:00:00", "calendarYear": "1994", "period": "FY", "revenue": 7365075072, "costOfRevenue": 0, "grossProfit": 7365075072, "grossProfitRatio": 1, "researchAndDevelopmentExpenses": 0, "generalAndAdministrativeExpenses": 2675098066, "sellingAndMarketingExpenses": 0, "sellingGeneralAndAdministrativeExpenses": 2675098066, "otherExpenses": -2147436766, "operatingExpenses": 527661300, "costAndExpenses": 527661300, "interestIncome": 10737183822, "interestExpense": 6069119437, "depreciationAndAmortization": 335046666, "ebitda": 8227783038, "ebitdaratio": 1.1171349861, "operatingIncome": 7892736372, "operatingIncomeRatio": 1.0716437096, "totalOtherIncomeExpensesNet": -6069119437, "incomeBeforeTax": 1823616935, "incomeBeforeTaxRatio": 0.2476033058, "incomeTaxExpense": 655079129, "netIncome": 1168537806, "netIncomeRatio": 0.1586593205, "eps": 0.8, "epsdiluted": 0.8, "weightedAverageShsOut": 1251250000, "weightedAverageShsOutDil": 1251250000, "link": "https://www.sedar.com/ModifyCompanyDocumentSearchForm.do?lang=EN&company_search=Royal Bank of Canada&document_selection=0&industry_group=A&FromDate=13&FromMonth=05&FromYear=2000&ToDate=13&ToMonth=11&ToYear=2030&Variable=Issuer", "finalLink": "https://www.sedar.com/ModifyCompanyDocumentSearchForm.do?lang=EN&company_search=Royal Bank of Canada&document_selection=0&industry_group=A&FromDate=13&FromMonth=05&FromYear=2000&ToDate=13&ToMonth=11&ToYear=2030&Variable=Issuer", "calculatedOtherExpenses": -3202759366, "calculatedOperatingExpenses": -527661300, "calculatedNetInterest": 4668064385, "calculatedOtherIncome": -10737183822, "calculatedIncomeNonControlling": 0, "calculatedEbitda": 8227783038}, {"date": "1993-10-31", "symbol": "RY", "reportedCurrency": "CAD", "cik": "0000000000", "fillingDate": "1993-10-31", "acceptedDate": "1993-10-30 20:00:00", "calendarYear": "1993", "period": "FY", "revenue": 6490000000, "costOfRevenue": 0, "grossProfit": 6490000000, "grossProfitRatio": 1, "researchAndDevelopmentExpenses": 0, "generalAndAdministrativeExpenses": 2310000000, "sellingAndMarketingExpenses": 0, "sellingGeneralAndAdministrativeExpenses": 2310000000, "otherExpenses": -3319000000, "operatingExpenses": -1009000000, "costAndExpenses": -1009000000, "interestIncome": 9579000000, "interestExpense": 5186000000, "depreciationAndAmortization": 277000000, "ebitda": 5758000000, "ebitdaratio": 0.887211094, "operatingIncome": 5481000000, "operatingIncomeRatio": 0.8445300462, "totalOtherIncomeExpensesNet": -5186000000, "incomeBeforeTax": 295000000, "incomeBeforeTaxRatio": 0.0454545455, "incomeTaxExpense": -5000000, "netIncome": 300000000, "netIncomeRatio": 0.0462249615, "eps": 0.12, "epsdiluted": 0.12, "weightedAverageShsOut": 1269565217, "weightedAverageShsOutDil": 1269565217, "link": "https://www.sedar.com/ModifyCompanyDocumentSearchForm.do?lang=EN&company_search=Royal Bank of Canada&document_selection=0&industry_group=A&FromDate=13&FromMonth=05&FromYear=2000&ToDate=13&ToMonth=11&ToYear=2030&Variable=Issuer", "finalLink": "https://www.sedar.com/ModifyCompanyDocumentSearchForm.do?lang=EN&company_search=Royal Bank of Canada&document_selection=0&industry_group=A&FromDate=13&FromMonth=05&FromYear=2000&ToDate=13&ToMonth=11&ToYear=2030&Variable=Issuer", "calculatedOtherExpenses": -1301000000, "calculatedOperatingExpenses": 1009000000, "calculatedNetInterest": 4393000000, "calculatedOtherIncome": -9579000000, "calculatedIncomeNonControlling": 0, "calculatedEbitda": 5758000000}]}