{"originalCurrency": "USD", "convertedCurrency": "USD", "report": [{"date": "2023-12-31", "symbol": "RYN", "reportedCurrency": "USD", "cik": "0000052827", "fillingDate": "2024-02-23", "acceptedDate": "2024-02-23 16:47:46", "calendarYear": "2023", "period": "FY", "revenue": 1056900000, "costOfRevenue": 604400000, "grossProfit": 452500000, "grossProfitRatio": 0.4281388968, "researchAndDevelopmentExpenses": 0, "generalAndAdministrativeExpenses": 0, "sellingAndMarketingExpenses": 0, "sellingGeneralAndAdministrativeExpenses": 74773000, "otherExpenses": -83000000, "operatingExpenses": 83000000, "costAndExpenses": 845600000, "interestIncome": 20675000, "interestExpense": 48300000, "depreciationAndAmortization": 158200000, "ebitda": 527700000, "ebitdaratio": 0.4992903775, "operatingIncome": 369500000, "operatingIncomeRatio": 0.3496073422, "totalOtherIncomeExpensesNet": -185900000, "incomeBeforeTax": 183600000, "incomeBeforeTaxRatio": 0.1737155833, "incomeTaxExpense": 5100000, "netIncome": 173493000, "netIncomeRatio": 0.1641527108, "eps": 1.17, "epsdiluted": 1.17, "weightedAverageShsOut": 148046673, "weightedAverageShsOutDil": 151067195, "link": "https://www.sec.gov/Archives/edgar/data/52827/000005282724000014/0000052827-24-000014-index.htm", "finalLink": "https://www.sec.gov/Archives/edgar/data/52827/000005282724000014/ryn-20231231.htm", "calculatedOtherExpenses": 8227000, "calculatedOperatingExpenses": 83000000, "calculatedNetInterest": -27625000, "calculatedOtherIncome": -158275000, "calculatedIncomeNonControlling": 5007000, "calculatedEbitda": 527700000}, {"date": "2022-12-31", "symbol": "RYN", "reportedCurrency": "USD", "cik": "0000052827", "fillingDate": "2023-02-24", "acceptedDate": "2023-02-24 17:17:49", "calendarYear": "2022", "period": "FY", "revenue": 909100000, "costOfRevenue": 688300000, "grossProfit": 220800000, "grossProfitRatio": 0.2428775712, "researchAndDevelopmentExpenses": 0, "generalAndAdministrativeExpenses": 0, "sellingAndMarketingExpenses": 0, "sellingGeneralAndAdministrativeExpenses": 64700000, "otherExpenses": -9700000, "operatingExpenses": 55000000, "costAndExpenses": 743300000, "interestIncome": 2600000, "interestExpense": 36200000, "depreciationAndAmortization": 149900000, "ebitda": 315700000, "ebitdaratio": 0.3472665273, "operatingIncome": 165800000, "operatingIncomeRatio": 0.1823781762, "totalOtherIncomeExpensesNet": -33600000, "incomeBeforeTax": 132200000, "incomeBeforeTaxRatio": 0.1454185458, "incomeTaxExpense": 9400000, "netIncome": 107077000, "netIncomeRatio": 0.1177835222, "eps": 0.73, "epsdiluted": 0.73, "weightedAverageShsOut": 146209847, "weightedAverageShsOutDil": 150152953, "link": "https://www.sec.gov/Archives/edgar/data/52827/000005282723000035/0000052827-23-000035-index.htm", "finalLink": "https://www.sec.gov/Archives/edgar/data/52827/000005282723000035/ryn-20221231.htm", "calculatedOtherExpenses": -9700000, "calculatedOperatingExpenses": 55000000, "calculatedNetInterest": -33600000, "calculatedOtherIncome": 0, "calculatedIncomeNonControlling": 15723000, "calculatedEbitda": 315700000}, {"date": "2021-12-31", "symbol": "RYN", "reportedCurrency": "USD", "cik": "0000052827", "fillingDate": "2022-02-25", "acceptedDate": "2022-02-25 16:25:10", "calendarYear": "2021", "period": "FY", "revenue": 1109600000, "costOfRevenue": 796100000, "grossProfit": 313500000, "grossProfitRatio": 0.2825342466, "researchAndDevelopmentExpenses": 0, "generalAndAdministrativeExpenses": 0, "sellingAndMarketingExpenses": 0, "sellingGeneralAndAdministrativeExpenses": 57800000, "otherExpenses": -14100000, "operatingExpenses": 43700000, "costAndExpenses": 839800000, "interestIncome": 200000, "interestExpense": 44900000, "depreciationAndAmortization": 155900000, "ebitda": 425700000, "ebitdaratio": 0.3836517664, "operatingIncome": 269800000, "operatingIncomeRatio": 0.2431506849, "totalOtherIncomeExpensesNet": -44700000, "incomeBeforeTax": 225100000, "incomeBeforeTaxRatio": 0.2028658976, "incomeTaxExpense": 14600000, "netIncome": 210500000, "netIncomeRatio": 0.1897080029, "eps": 1.49, "epsdiluted": 1.45, "weightedAverageShsOut": 140812882, "weightedAverageShsOutDil": 145300861, "link": "https://www.sec.gov/Archives/edgar/data/52827/000005282722000018/0000052827-22-000018-index.htm", "finalLink": "https://www.sec.gov/Archives/edgar/data/52827/000005282722000018/ryn-20211231.htm", "calculatedOtherExpenses": -14100000, "calculatedOperatingExpenses": 43700000, "calculatedNetInterest": -44700000, "calculatedOtherIncome": 0, "calculatedIncomeNonControlling": 0, "calculatedEbitda": 425700000}, {"date": "2020-12-31", "symbol": "RYN", "reportedCurrency": "USD", "cik": "0000052827", "fillingDate": "2021-02-22", "acceptedDate": "2021-02-22 17:03:06", "calendarYear": "2020", "period": "FY", "revenue": 859200000, "costOfRevenue": 712500000, "grossProfit": 146700000, "grossProfitRatio": 0.1707402235, "researchAndDevelopmentExpenses": 0, "generalAndAdministrativeExpenses": 0, "sellingAndMarketingExpenses": 0, "sellingGeneralAndAdministrativeExpenses": 50600000, "otherExpenses": 21700000, "operatingExpenses": 72300000, "costAndExpenses": 784800000, "interestIncome": 1200000, "interestExpense": 38800000, "depreciationAndAmortization": 166200000, "ebitda": 240600000, "ebitdaratio": 0.280027933, "operatingIncome": 74400000, "operatingIncomeRatio": 0.0865921788, "totalOtherIncomeExpensesNet": -37600000, "incomeBeforeTax": 36800000, "incomeBeforeTaxRatio": 0.04283054, "incomeTaxExpense": 7000000, "netIncome": 37084000, "netIncomeRatio": 0.0431610801, "eps": 0.28, "epsdiluted": 0.27, "weightedAverageShsOut": 133865867, "weightedAverageShsOutDil": 136942902, "link": "https://www.sec.gov/Archives/edgar/data/52827/000005282721000035/0000052827-21-000035-index.htm", "finalLink": "https://www.sec.gov/Archives/edgar/data/52827/000005282721000035/ryn-20201231.htm", "calculatedOtherExpenses": 21700000, "calculatedOperatingExpenses": 72300000, "calculatedNetInterest": -37600000, "calculatedOtherIncome": 0, "calculatedIncomeNonControlling": -7284000, "calculatedEbitda": 240600000}, {"date": "2019-12-31", "symbol": "RYN", "reportedCurrency": "USD", "cik": "0000052827", "fillingDate": "2020-02-24", "acceptedDate": "2020-02-24 17:20:56", "calendarYear": "2019", "period": "FY", "revenue": 711600000, "costOfRevenue": 558400000, "grossProfit": 153200000, "grossProfitRatio": 0.2152894885, "researchAndDevelopmentExpenses": 0, "generalAndAdministrativeExpenses": 0, "sellingAndMarketingExpenses": 0, "sellingGeneralAndAdministrativeExpenses": 41700000, "otherExpenses": 4500000, "operatingExpenses": 46200000, "costAndExpenses": 604600000, "interestIncome": 5300000, "interestExpense": 31700000, "depreciationAndAmortization": 133500000, "ebitda": 240500000, "ebitdaratio": 0.3379707701, "operatingIncome": 107000000, "operatingIncomeRatio": 0.1503653738, "totalOtherIncomeExpensesNet": -26400000, "incomeBeforeTax": 80600000, "incomeBeforeTaxRatio": 0.1132658797, "incomeTaxExpense": 12900000, "netIncome": 59100000, "netIncomeRatio": 0.0830522766, "eps": 0.46, "epsdiluted": 0.46, "weightedAverageShsOut": 129257202, "weightedAverageShsOutDil": 129598388, "link": "https://www.sec.gov/Archives/edgar/data/52827/000005282720000011/0000052827-20-000011-index.htm", "finalLink": "https://www.sec.gov/Archives/edgar/data/52827/000005282720000011/q4rayonier201910k.htm", "calculatedOtherExpenses": 4500000, "calculatedOperatingExpenses": 46200000, "calculatedNetInterest": -26400000, "calculatedOtherIncome": 0, "calculatedIncomeNonControlling": 8600000, "calculatedEbitda": 240500000}, {"date": "2018-12-31", "symbol": "RYN", "reportedCurrency": "USD", "cik": "0000052827", "fillingDate": "2019-02-22", "acceptedDate": "2019-02-22 17:28:49", "calendarYear": "2018", "period": "FY", "revenue": 816100000, "costOfRevenue": 605200000, "grossProfit": 210900000, "grossProfitRatio": 0.2584242127, "researchAndDevelopmentExpenses": 0, "generalAndAdministrativeExpenses": 41951000, "sellingAndMarketingExpenses": -51000, "sellingGeneralAndAdministrativeExpenses": 41900000, "otherExpenses": -117000, "operatingExpenses": 40800000, "costAndExpenses": 646000000, "interestIncome": 4600000, "interestExpense": 32100000, "depreciationAndAmortization": 144100000, "ebitda": 318800000, "ebitdaratio": 0.3906384022, "operatingIncome": 170100000, "operatingIncomeRatio": 0.2084303394, "totalOtherIncomeExpensesNet": 1023000, "incomeBeforeTax": 142600000, "incomeBeforeTaxRatio": 0.1747334885, "incomeTaxExpense": 25300000, "netIncome": 102200000, "netIncomeRatio": 0.1252297513, "eps": 0.79, "epsdiluted": 0.79, "weightedAverageShsOut": 129043627, "weightedAverageShsOutDil": 129690231, "link": "https://www.sec.gov/Archives/edgar/data/52827/000005282719000006/0000052827-19-000006-index.htm", "finalLink": "https://www.sec.gov/Archives/edgar/data/52827/000005282719000006/q4rayonier201810k.htm", "calculatedOtherExpenses": -1100000, "calculatedOperatingExpenses": 40800000, "calculatedNetInterest": -27500000, "calculatedOtherIncome": 0, "calculatedIncomeNonControlling": 15100000, "calculatedEbitda": 314200000}, {"date": "2017-12-31", "symbol": "RYN", "reportedCurrency": "USD", "cik": "0000052827", "fillingDate": "2018-02-23", "acceptedDate": "2018-02-23 16:40:33", "calendarYear": "2017", "period": "FY", "revenue": 819600000, "costOfRevenue": 568300000, "grossProfit": 251300000, "grossProfitRatio": 0.3066129819, "researchAndDevelopmentExpenses": 0, "generalAndAdministrativeExpenses": 40245000, "sellingAndMarketingExpenses": -45000, "sellingGeneralAndAdministrativeExpenses": 40200000, "otherExpenses": -1417000, "operatingExpenses": 35800000, "costAndExpenses": 604100000, "interestIncome": 1900000, "interestExpense": 34100000, "depreciationAndAmortization": 127600000, "ebitda": 345000000, "ebitdaratio": 0.4209370425, "operatingIncome": 215500000, "operatingIncomeRatio": 0.2629331381, "totalOtherIncomeExpensesNet": 2976000, "incomeBeforeTax": 183300000, "incomeBeforeTaxRatio": 0.2236456808, "incomeTaxExpense": 21800000, "netIncome": 148800000, "netIncomeRatio": 0.1815519766, "eps": 1.17, "epsdiluted": 1.16, "weightedAverageShsOut": 127367608, "weightedAverageShsOutDil": 127809949, "link": "https://www.sec.gov/Archives/edgar/data/52827/000005282718000009/0000052827-18-000009-index.htm", "finalLink": "https://www.sec.gov/Archives/edgar/data/52827/000005282718000009/rayonier201710k.htm", "calculatedOtherExpenses": -4400000, "calculatedOperatingExpenses": 35800000, "calculatedNetInterest": -32200000, "calculatedOtherIncome": 0, "calculatedIncomeNonControlling": 12700000, "calculatedEbitda": 343100000}, {"date": "2016-12-31", "symbol": "RYN", "reportedCurrency": "USD", "cik": "0000052827", "fillingDate": "2017-02-24", "acceptedDate": "2017-02-24 17:03:11", "calendarYear": "2016", "period": "FY", "revenue": 788300000, "costOfRevenue": 524700000, "grossProfit": 263600000, "grossProfitRatio": 0.3343904605, "researchAndDevelopmentExpenses": 0, "generalAndAdministrativeExpenses": 42785000, "sellingAndMarketingExpenses": 15000, "sellingGeneralAndAdministrativeExpenses": 42800000, "otherExpenses": 18201000, "operatingExpenses": 7800000, "costAndExpenses": 532500000, "interestIncome": -800000, "interestExpense": 33000000, "depreciationAndAmortization": 115100000, "ebitda": 370900000, "ebitdaratio": 0.4705061525, "operatingIncome": 255800000, "operatingIncomeRatio": 0.3244957503, "totalOtherIncomeExpensesNet": 21931000, "incomeBeforeTax": 222800000, "incomeBeforeTaxRatio": 0.2826335152, "incomeTaxExpense": 5000000, "netIncome": 212000000, "netIncomeRatio": 0.2689331473, "eps": 1.73, "epsdiluted": 1.73, "weightedAverageShsOut": 122585200, "weightedAverageShsOutDil": 122812323, "link": "https://www.sec.gov/Archives/edgar/data/52827/000005282717000004/0000052827-17-000004-index.htm", "finalLink": "https://www.sec.gov/Archives/edgar/data/52827/000005282717000004/rayonier201610k.htm", "calculatedOtherExpenses": -35000000, "calculatedOperatingExpenses": 7800000, "calculatedNetInterest": -33800000, "calculatedOtherIncome": 800000, "calculatedIncomeNonControlling": 5800000, "calculatedEbitda": 370900000}, {"date": "2015-12-31", "symbol": "RYN", "reportedCurrency": "USD", "cik": "0000052827", "fillingDate": "2016-02-29", "acceptedDate": "2016-02-29 13:59:39", "calendarYear": "2015", "period": "FY", "revenue": 544900000, "costOfRevenue": 441100000, "grossProfit": 103800000, "grossProfitRatio": 0.1904936686, "researchAndDevelopmentExpenses": 0, "generalAndAdministrativeExpenses": 45750000, "sellingAndMarketingExpenses": 50000, "sellingGeneralAndAdministrativeExpenses": 45800000, "otherExpenses": 19216000, "operatingExpenses": 26000000, "costAndExpenses": 467100000, "interestIncome": -3000000, "interestExpense": 34700000, "depreciationAndAmortization": 113700000, "ebitda": 191500000, "ebitdaratio": 0.3514406313, "operatingIncome": 77800000, "operatingIncomeRatio": 0.1427784915, "totalOtherIncomeExpensesNet": 14148000, "incomeBeforeTax": 43100000, "incomeBeforeTaxRatio": 0.079097082, "incomeTaxExpense": -800000, "netIncome": 46200000, "netIncomeRatio": 0.0847861993, "eps": 0.37, "epsdiluted": 0.37, "weightedAverageShsOut": 125385085, "weightedAverageShsOutDil": 125900189, "link": "https://www.sec.gov/Archives/edgar/data/52827/000005282716000059/0000052827-16-000059-index.htm", "finalLink": "https://www.sec.gov/Archives/edgar/data/52827/000005282716000059/rayonier201510k.htm", "calculatedOtherExpenses": -19800000, "calculatedOperatingExpenses": 26000000, "calculatedNetInterest": -37700000, "calculatedOtherIncome": 3000000, "calculatedIncomeNonControlling": -2300000, "calculatedEbitda": 191500000}, {"date": "2014-12-31", "symbol": "RYN", "reportedCurrency": "USD", "cik": "0000052827", "fillingDate": "2015-03-02", "acceptedDate": "2015-03-02 16:38:53", "calendarYear": "2014", "period": "FY", "revenue": 603500000, "costOfRevenue": 483900000, "grossProfit": 119600000, "grossProfitRatio": 0.1981772991, "researchAndDevelopmentExpenses": 0, "generalAndAdministrativeExpenses": 47883000, "sellingAndMarketingExpenses": 17000, "sellingGeneralAndAdministrativeExpenses": 47900000, "otherExpenses": 17569000, "operatingExpenses": 21300000, "costAndExpenses": 505200000, "interestIncome": -9300000, "interestExpense": 53500000, "depreciationAndAmortization": 120000000, "ebitda": 218300000, "ebitdaratio": 0.3617232809, "operatingIncome": 98300000, "operatingIncomeRatio": 0.1628831814, "totalOtherIncomeExpensesNet": 26704000, "incomeBeforeTax": 44800000, "incomeBeforeTaxRatio": 0.0742336371, "incomeTaxExpense": -9600000, "netIncome": 99300000, "netIncomeRatio": 0.1645401823, "eps": 0.78, "epsdiluted": 0.76, "weightedAverageShsOut": 126458710, "weightedAverageShsOutDil": 131038263, "link": "https://www.sec.gov/Archives/edgar/data/52827/000005282715000006/0000052827-15-000006-index.htm", "finalLink": "https://www.sec.gov/Archives/edgar/data/52827/000005282715000006/rayonier201410k.htm", "calculatedOtherExpenses": -26600000, "calculatedOperatingExpenses": 21300000, "calculatedNetInterest": -62800000, "calculatedOtherIncome": 9300000, "calculatedIncomeNonControlling": -44900000, "calculatedEbitda": 218300000}, {"date": "2013-12-31", "symbol": "RYN", "reportedCurrency": "USD", "cik": "0000052827", "fillingDate": "2014-02-28", "acceptedDate": "2014-02-28 16:14:38", "calendarYear": "2013", "period": "FY", "revenue": 1707800000, "costOfRevenue": 1246300000, "grossProfit": 461500000, "grossProfitRatio": 0.2702307062, "researchAndDevelopmentExpenses": 0, "generalAndAdministrativeExpenses": 64843000, "sellingAndMarketingExpenses": -43000, "sellingGeneralAndAdministrativeExpenses": 64800000, "otherExpenses": 19479000, "operatingExpenses": 54800000, "costAndExpenses": 1301100000, "interestIncome": 2500000, "interestExpense": 43800000, "depreciationAndAmortization": 191300000, "ebitda": 600500000, "ebitdaratio": 0.3516219698, "operatingIncome": 422800000, "operatingIncomeRatio": 0.2475699731, "totalOtherIncomeExpensesNet": 16100000, "incomeBeforeTax": 381500000, "incomeBeforeTaxRatio": 0.2233868134, "incomeTaxExpense": 49700000, "netIncome": 371900000, "netIncomeRatio": 0.2177655463, "eps": 2.96, "epsdiluted": 2.86, "weightedAverageShsOut": 125717311, "weightedAverageShsOutDil": 130105101, "link": "https://www.sec.gov/Archives/edgar/data/52827/000005282714000007/0000052827-14-000007-index.htm", "finalLink": "https://www.sec.gov/Archives/edgar/data/52827/000005282714000007/rayonier201310k.htm", "calculatedOtherExpenses": -26100000, "calculatedOperatingExpenses": 38700000, "calculatedNetInterest": -41300000, "calculatedOtherIncome": 0, "calculatedIncomeNonControlling": -40100000, "calculatedEbitda": 614100000}, {"date": "2012-12-31", "symbol": "RYN", "reportedCurrency": "USD", "cik": "0000052827", "fillingDate": "2013-02-26", "acceptedDate": "2013-02-26 17:26:10", "calendarYear": "2012", "period": "FY", "revenue": 1571000000, "costOfRevenue": 1104800000, "grossProfit": 466200000, "grossProfitRatio": 0.2967536601, "researchAndDevelopmentExpenses": 0, "generalAndAdministrativeExpenses": 68397000, "sellingAndMarketingExpenses": 3000, "sellingGeneralAndAdministrativeExpenses": 68400000, "otherExpenses": 15937000, "operatingExpenses": 54700000, "costAndExpenses": 1159500000, "interestIncome": 600000, "interestExpense": 45000000, "depreciationAndAmortization": 148700000, "ebitda": 560800000, "ebitdaratio": 0.3569700827, "operatingIncome": 411500000, "operatingIncomeRatio": 0.2619350732, "totalOtherIncomeExpensesNet": 13472000, "incomeBeforeTax": 367100000, "incomeBeforeTaxRatio": 0.2336728199, "incomeTaxExpense": 88400000, "netIncome": 278700000, "netIncomeRatio": 0.1774029281, "eps": 2.27, "epsdiluted": 2.17, "weightedAverageShsOut": 122711802, "weightedAverageShsOutDil": 128702423, "link": "https://www.sec.gov/Archives/edgar/data/52827/000005282713000006/0000052827-13-000006-index.htm", "finalLink": "https://www.sec.gov/Archives/edgar/data/52827/000005282713000006/rayonier201210k.htm", "calculatedOtherExpenses": -13700000, "calculatedOperatingExpenses": 54700000, "calculatedNetInterest": -44400000, "calculatedOtherIncome": 0, "calculatedIncomeNonControlling": 0, "calculatedEbitda": 560200000}, {"date": "2011-12-31", "symbol": "RYN", "reportedCurrency": "USD", "cik": "0000052827", "fillingDate": "2012-02-28", "acceptedDate": "2012-02-28 16:57:51", "calendarYear": "2011", "period": "FY", "revenue": 1488600000, "costOfRevenue": 1073700000, "grossProfit": 414900000, "grossProfitRatio": 0.2787182588, "researchAndDevelopmentExpenses": 0, "generalAndAdministrativeExpenses": 0, "sellingAndMarketingExpenses": 66500000, "sellingGeneralAndAdministrativeExpenses": 66500000, "otherExpenses": -7917000, "operatingExpenses": 66500000, "costAndExpenses": 1140200000, "interestIncome": 900000, "interestExpense": 50800000, "depreciationAndAmortization": 135700000, "ebitda": 485000000, "ebitdaratio": 0.3258094854, "operatingIncome": 356300000, "operatingIncomeRatio": 0.2393524117, "totalOtherIncomeExpensesNet": 7900000, "incomeBeforeTax": 306400000, "incomeBeforeTaxRatio": 0.2058309821, "incomeTaxExpense": 30400000, "netIncome": 276000000, "netIncomeRatio": 0.1854091092, "eps": 2.27, "epsdiluted": 2.2, "weightedAverageShsOut": 121662985, "weightedAverageShsOutDil": 125394291, "link": "https://www.sec.gov/Archives/edgar/data/52827/000005282712000009/0000052827-12-000009-index.htm", "finalLink": "https://www.sec.gov/Archives/edgar/data/52827/000005282712000009/rayonier201110k.htm", "calculatedOtherExpenses": -7900000, "calculatedOperatingExpenses": 58600000, "calculatedNetInterest": -49900000, "calculatedOtherIncome": 0, "calculatedIncomeNonControlling": 0, "calculatedEbitda": 492000000}, {"date": "2010-12-31", "symbol": "RYN", "reportedCurrency": "USD", "cik": "0000052827", "fillingDate": "2011-02-23", "acceptedDate": "2011-02-23 13:40:35", "calendarYear": "2010", "period": "FY", "revenue": 1315200000, "costOfRevenue": 990100000, "grossProfit": 325100000, "grossProfitRatio": 0.2471867397, "researchAndDevelopmentExpenses": 0, "generalAndAdministrativeExpenses": 0, "sellingAndMarketingExpenses": 67100000, "sellingGeneralAndAdministrativeExpenses": 67100000, "otherExpenses": 0, "operatingExpenses": 43100000, "costAndExpenses": 1033200000, "interestIncome": 1300000, "interestExpense": 50500000, "depreciationAndAmortization": 143400000, "ebitda": 426700000, "ebitdaratio": 0.3244373479, "operatingIncome": 282000000, "operatingIncomeRatio": 0.2144160584, "totalOtherIncomeExpensesNet": 10519000, "incomeBeforeTax": 232800000, "incomeBeforeTaxRatio": 0.1770072993, "incomeTaxExpense": 15200000, "netIncome": 217600000, "netIncomeRatio": 0.1654501217, "eps": 1.81, "epsdiluted": 1.79, "weightedAverageShsOut": 120240274, "weightedAverageShsOutDil": 121868361, "link": "https://www.sec.gov/Archives/edgar/data/52827/000119312511043344/0001193125-11-043344-index.htm", "finalLink": "https://www.sec.gov/Archives/edgar/data/52827/000119312511043344/d10k.htm", "calculatedOtherExpenses": -24000000, "calculatedOperatingExpenses": 43100000, "calculatedNetInterest": -49200000, "calculatedOtherIncome": 0, "calculatedIncomeNonControlling": 0, "calculatedEbitda": 425400000}, {"date": "2009-12-31", "symbol": "RYN", "reportedCurrency": "USD", "cik": "0000052827", "fillingDate": "2010-02-24", "acceptedDate": "2010-02-24 16:19:16", "calendarYear": "2009", "period": "FY", "revenue": 1168600000, "costOfRevenue": 914800000, "grossProfit": 253800000, "grossProfitRatio": 0.217182954, "researchAndDevelopmentExpenses": 0, "generalAndAdministrativeExpenses": 0, "sellingAndMarketingExpenses": 62633000, "sellingGeneralAndAdministrativeExpenses": 62633000, "otherExpenses": -221172000, "operatingExpenses": 62600000, "costAndExpenses": 977400000, "interestIncome": 1800000, "interestExpense": 52500000, "depreciationAndAmortization": 158400000, "ebitda": 569700000, "ebitdaratio": 0.4875064179, "operatingIncome": 409500000, "operatingIncomeRatio": 0.3504193052, "totalOtherIncomeExpensesNet": -2826000, "incomeBeforeTax": 358800000, "incomeBeforeTaxRatio": 0.3070340578, "incomeTaxExpense": 46300000, "netIncome": 312500000, "netIncomeRatio": 0.2674139997, "eps": 2.63, "epsdiluted": 2.61, "weightedAverageShsOut": 118578718, "weightedAverageShsOutDil": 120030450, "link": "https://www.sec.gov/Archives/edgar/data/52827/000119312510038889/0001193125-10-038889-index.htm", "finalLink": "https://www.sec.gov/Archives/edgar/data/52827/000119312510038889/d10k.htm", "calculatedOtherExpenses": -218333000, "calculatedOperatingExpenses": -155700000, "calculatedNetInterest": -50700000, "calculatedOtherIncome": 0, "calculatedIncomeNonControlling": 0, "calculatedEbitda": 567900000}, {"date": "2008-12-31", "symbol": "RYN", "reportedCurrency": "USD", "cik": "0000052827", "fillingDate": "2009-02-27", "acceptedDate": "2009-02-27 11:42:42", "calendarYear": "2008", "period": "FY", "revenue": 1232100000, "costOfRevenue": 953900000, "grossProfit": 278200000, "grossProfitRatio": 0.2257933609, "researchAndDevelopmentExpenses": 0, "generalAndAdministrativeExpenses": 0, "sellingAndMarketingExpenses": 64300000, "sellingGeneralAndAdministrativeExpenses": 64300000, "otherExpenses": -9241000, "operatingExpenses": 55100000, "costAndExpenses": 1009000000, "interestIncome": 2100000, "interestExpense": 45300000, "depreciationAndAmortization": 179400000, "ebitda": 404600000, "ebitdaratio": 0.3283824365, "operatingIncome": 223100000, "operatingIncomeRatio": 0.1810729649, "totalOtherIncomeExpensesNet": -43142000, "incomeBeforeTax": 179900000, "incomeBeforeTaxRatio": 0.1460108757, "incomeTaxExpense": 20300000, "netIncome": 152000000, "netIncomeRatio": 0.1233666099, "eps": 1.29, "epsdiluted": 1.27, "weightedAverageShsOut": 117714952, "weightedAverageShsOutDil": 119143849, "link": "https://www.sec.gov/Archives/edgar/data/52827/000119312509040421/0001193125-09-040421-index.htm", "finalLink": "https://www.sec.gov/Archives/edgar/data/52827/000119312509040421/d10k.htm", "calculatedOtherExpenses": -9200000, "calculatedOperatingExpenses": 55100000, "calculatedNetInterest": -43200000, "calculatedOtherIncome": 0, "calculatedIncomeNonControlling": 7600000, "calculatedEbitda": 402500000}, {"date": "2007-12-31", "symbol": "RYN", "reportedCurrency": "USD", "cik": "0000052827", "fillingDate": "2008-02-28", "acceptedDate": "2008-02-28 11:32:26", "calendarYear": "2007", "period": "FY", "revenue": 1224654000, "costOfRevenue": 922148000, "grossProfit": 302506000, "grossProfitRatio": 0.2470134422, "researchAndDevelopmentExpenses": 0, "generalAndAdministrativeExpenses": 66941000, "sellingAndMarketingExpenses": 0, "sellingGeneralAndAdministrativeExpenses": 66941000, "otherExpenses": -11030000, "operatingExpenses": 55911000, "costAndExpenses": 978059000, "interestIncome": 0, "interestExpense": -27860000000, "depreciationAndAmortization": 154686000, "ebitda": 390765000, "ebitdaratio": 0.3190819611, "operatingIncome": 246595000, "operatingIncomeRatio": 0.2013589144, "totalOtherIncomeExpensesNet": 11030000, "incomeBeforeTax": 198028000, "incomeBeforeTaxRatio": 0.1617011825, "incomeTaxExpense": 23759000, "netIncome": 174269000, "netIncomeRatio": 0.1423006008, "eps": 1.5, "epsdiluted": 1.47, "weightedAverageShsOut": 116357526, "weightedAverageShsOutDil": 118380424, "link": "https://www.sec.gov/Archives/edgar/data/52827/000119312508041209/0001193125-08-041209-index.htm", "finalLink": "https://www.sec.gov/Archives/edgar/data/52827/000119312508041209/d10k.htm", "calculatedOtherExpenses": -11030000, "calculatedOperatingExpenses": 55911000, "calculatedNetInterest": 27860000000, "calculatedOtherIncome": -27908567000, "calculatedIncomeNonControlling": 0, "calculatedEbitda": 401281000}, {"date": "2006-12-31", "symbol": "RYN", "reportedCurrency": "USD", "cik": "0000052827", "fillingDate": "2007-02-27", "acceptedDate": "2007-02-27 16:28:08", "calendarYear": "2006", "period": "FY", "revenue": 1229807000, "costOfRevenue": 952743000, "grossProfit": 277064000, "grossProfitRatio": 0.225290635, "researchAndDevelopmentExpenses": 0, "generalAndAdministrativeExpenses": 63445000, "sellingAndMarketingExpenses": 0, "sellingGeneralAndAdministrativeExpenses": 63445000, "otherExpenses": -15977000, "operatingExpenses": 47468000, "costAndExpenses": 1000211000, "interestIncome": 0, "interestExpense": 0, "depreciationAndAmortization": 136495000, "ebitda": 349504000, "ebitdaratio": 0.2841941866, "operatingIncome": 229596000, "operatingIncomeRatio": 0.1866927087, "totalOtherIncomeExpensesNet": 15977000, "incomeBeforeTax": 190138000, "incomeBeforeTaxRatio": 0.1546079995, "incomeTaxExpense": 19055000, "netIncome": 176418000, "netIncomeRatio": 0.1434517774, "eps": 1.53, "epsdiluted": 1.51, "weightedAverageShsOut": 114730035, "weightedAverageShsOutDil": 117238036, "link": "https://www.sec.gov/Archives/edgar/data/52827/000119312507041073/0001193125-07-041073-index.htm", "finalLink": "https://www.sec.gov/Archives/edgar/data/52827/000119312507041073/d10k.htm", "calculatedOtherExpenses": -15977000, "calculatedOperatingExpenses": 47468000, "calculatedNetInterest": 0, "calculatedOtherIncome": -39458000, "calculatedIncomeNonControlling": -5335000, "calculatedEbitda": 366091000}, {"date": "2005-12-31", "symbol": "RYN", "reportedCurrency": "USD", "cik": "0000052827", "fillingDate": "2006-03-03", "acceptedDate": "2006-03-02 18:53:27", "calendarYear": "2005", "period": "FY", "revenue": 1180708000, "costOfRevenue": 942103000, "grossProfit": 238605000, "grossProfitRatio": 0.2020863753, "researchAndDevelopmentExpenses": 0, "generalAndAdministrativeExpenses": 64403000, "sellingAndMarketingExpenses": 0, "sellingGeneralAndAdministrativeExpenses": 64403000, "otherExpenses": -8990000, "operatingExpenses": 55413000, "costAndExpenses": 997516000, "interestIncome": 0, "interestExpense": 0, "depreciationAndAmortization": 147388000, "ebitda": 283211000, "ebitdaratio": 0.2398654028, "operatingIncome": 183192000, "operatingIncomeRatio": 0.155154365, "totalOtherIncomeExpensesNet": 45958000, "incomeBeforeTax": 190847000, "incomeBeforeTaxRatio": 0.1616377631, "incomeTaxExpense": -16948000, "netIncome": 182839000, "netIncomeRatio": 0.1548553918, "eps": 1.57, "epsdiluted": 1.53, "weightedAverageShsOut": 113490719, "weightedAverageShsOutDil": 116275767, "link": "https://www.sec.gov/Archives/edgar/data/52827/000119312506044102/0001193125-06-044102-index.htm", "finalLink": "https://www.sec.gov/Archives/edgar/data/52827/000119312506044102/d10k.htm", "calculatedOtherExpenses": -8990000, "calculatedOperatingExpenses": 55413000, "calculatedNetInterest": 0, "calculatedOtherIncome": 7655000, "calculatedIncomeNonControlling": 24956000, "calculatedEbitda": 330580000}, {"date": "2004-12-31", "symbol": "RYN", "reportedCurrency": "USD", "cik": "0000052827", "fillingDate": "2005-03-09", "acceptedDate": "2005-03-09 11:36:47", "calendarYear": "2004", "period": "FY", "revenue": 1206996000, "costOfRevenue": 984451000, "grossProfit": 222545000, "grossProfitRatio": 0.1843792357, "researchAndDevelopmentExpenses": 0, "generalAndAdministrativeExpenses": 60658000, "sellingAndMarketingExpenses": 0, "sellingGeneralAndAdministrativeExpenses": 60658000, "otherExpenses": -7873000, "operatingExpenses": 52785000, "costAndExpenses": 1037236000, "interestIncome": 0, "interestExpense": 0, "depreciationAndAmortization": 153787000, "ebitda": 315674000, "ebitdaratio": 0.2615369065, "operatingIncome": 169760000, "operatingIncomeRatio": 0.1406466964, "totalOtherIncomeExpensesNet": 7873000, "incomeBeforeTax": 123448000, "incomeBeforeTaxRatio": 0.1022770581, "incomeTaxExpense": -33453000, "netIncome": 156901000, "netIncomeRatio": 0.1299929743, "eps": 1.41, "epsdiluted": 1.37, "weightedAverageShsOut": 111668796, "weightedAverageShsOutDil": 114799894, "link": "https://www.sec.gov/Archives/edgar/data/52827/000114544305000423/0001145443-05-000423-index.htm", "finalLink": "https://www.sec.gov/Archives/edgar/data/52827/000114544305000423/d16430.htm", "calculatedOtherExpenses": -7873000, "calculatedOperatingExpenses": 52785000, "calculatedNetInterest": 0, "calculatedOtherIncome": -46312000, "calculatedIncomeNonControlling": 0, "calculatedEbitda": 323547000}, {"date": "2003-12-31", "symbol": "RYN", "reportedCurrency": "USD", "cik": "0000052827", "fillingDate": "2004-03-08", "acceptedDate": "2004-03-08 17:20:59", "calendarYear": "2003", "period": "FY", "revenue": 1100852000, "costOfRevenue": 950557000, "grossProfit": 150295000, "grossProfitRatio": 0.1365260725, "researchAndDevelopmentExpenses": 0, "generalAndAdministrativeExpenses": 56017000, "sellingAndMarketingExpenses": 0, "sellingGeneralAndAdministrativeExpenses": 56017000, "otherExpenses": -8305000, "operatingExpenses": 47712000, "costAndExpenses": 998269000, "interestIncome": 0, "interestExpense": 0, "depreciationAndAmortization": 157909000, "ebitda": 252187000, "ebitdaratio": 0.2290834735, "operatingIncome": 102583000, "operatingIncomeRatio": 0.0931850966, "totalOtherIncomeExpensesNet": 8305000, "incomeBeforeTax": 55778000, "incomeBeforeTaxRatio": 0.050668028, "incomeTaxExpense": 5806000, "netIncome": 49972000, "netIncomeRatio": 0.0453939312, "eps": 0.52, "epsdiluted": 0.52, "weightedAverageShsOut": 95043856, "weightedAverageShsOutDil": 96911001, "link": "https://www.sec.gov/Archives/edgar/data/52827/000119312504036458/0001193125-04-036458-index.htm", "finalLink": "https://www.sec.gov/Archives/edgar/data/52827/000119312504036458/d10k.htm", "calculatedOtherExpenses": -8305000, "calculatedOperatingExpenses": 47712000, "calculatedNetInterest": 0, "calculatedOtherIncome": -46805000, "calculatedIncomeNonControlling": 0, "calculatedEbitda": 260492000}, {"date": "2002-12-31", "symbol": "RYN", "reportedCurrency": "USD", "cik": "0000052827", "fillingDate": "2003-03-21", "acceptedDate": "2003-03-21 15:41:47", "calendarYear": "2002", "period": "FY", "revenue": 1117431000, "costOfRevenue": 948399000, "grossProfit": 169032000, "grossProfitRatio": 0.1512684005, "researchAndDevelopmentExpenses": 0, "generalAndAdministrativeExpenses": 42443000, "sellingAndMarketingExpenses": 0, "sellingGeneralAndAdministrativeExpenses": 42443000, "otherExpenses": -3569000, "operatingExpenses": 38874000, "costAndExpenses": 987273000, "interestIncome": 0, "interestExpense": -62433000, "depreciationAndAmortization": 165715000, "ebitda": 292304000, "ebitdaratio": 0.2615857265, "operatingIncome": 130158000, "operatingIncomeRatio": 0.1164796753, "totalOtherIncomeExpensesNet": 3569000, "incomeBeforeTax": 69797000, "incomeBeforeTaxRatio": 0.0624620223, "incomeTaxExpense": 14880000, "netIncome": 54172000, "netIncomeRatio": 0.048479056, "eps": 0.58, "epsdiluted": 0.57, "weightedAverageShsOut": 93400000, "weightedAverageShsOutDil": 94486047, "link": "https://www.sec.gov/Archives/edgar/data/52827/000114544303000407/0001145443-03-000407-index.htm", "finalLink": "https://www.sec.gov/Archives/edgar/data/52827/000114544303000407/d12154_10k.htm", "calculatedOtherExpenses": -3569000, "calculatedOperatingExpenses": 38874000, "calculatedNetInterest": 62433000, "calculatedOtherIncome": -122794000, "calculatedIncomeNonControlling": 745000, "calculatedEbitda": 295873000}, {"date": "2001-12-31", "symbol": "RYN", "reportedCurrency": "USD", "cik": "0000052827", "fillingDate": "2002-03-20", "acceptedDate": "2002-03-20 00:00:00", "calendarYear": "2001", "period": "FY", "revenue": 1164913000, "costOfRevenue": 978841000, "grossProfit": 186072000, "grossProfitRatio": 0.1597303833, "researchAndDevelopmentExpenses": 0, "generalAndAdministrativeExpenses": 36298000, "sellingAndMarketingExpenses": 0, "sellingGeneralAndAdministrativeExpenses": 36298000, "otherExpenses": 0, "operatingExpenses": 36298000, "costAndExpenses": 1015139000, "interestIncome": 0, "interestExpense": 0, "depreciationAndAmortization": 177124000, "ebitda": 326898000, "ebitdaratio": 0.2806200978, "operatingIncome": 149774000, "operatingIncomeRatio": 0.1285709748, "totalOtherIncomeExpensesNet": -67212000, "incomeBeforeTax": 82562000, "incomeBeforeTaxRatio": 0.0708739623, "incomeTaxExpense": 24964000, "netIncome": 57598000, "netIncomeRatio": 0.0494440357, "eps": 0.63, "epsdiluted": 0.62, "weightedAverageShsOut": 91911702, "weightedAverageShsOutDil": 92900000, "link": "https://www.sec.gov/Archives/edgar/data/52827/000093176302000717/0000931763-02-000717-index.htm", "finalLink": "https://www.sec.gov/Archives/edgar/data/52827/000093176302000717/d10k405.txt", "calculatedOtherExpenses": 0, "calculatedOperatingExpenses": 36298000, "calculatedNetInterest": 0, "calculatedOtherIncome": -67212000, "calculatedIncomeNonControlling": 0, "calculatedEbitda": 326898000}, {"date": "2000-12-31", "symbol": "RYN", "reportedCurrency": "USD", "cik": "0000052827", "fillingDate": "2001-03-22", "acceptedDate": "2001-03-22 00:00:00", "calendarYear": "2000", "period": "FY", "revenue": 1226878000, "costOfRevenue": 814904000, "grossProfit": 411974000, "grossProfitRatio": 0.3357905187, "researchAndDevelopmentExpenses": 0, "generalAndAdministrativeExpenses": 31213000, "sellingAndMarketingExpenses": 0, "sellingGeneralAndAdministrativeExpenses": 31213000, "otherExpenses": 176913000, "operatingExpenses": 208126000, "costAndExpenses": 1023030000, "interestIncome": 0, "interestExpense": 0, "depreciationAndAmortization": 176913000, "ebitda": 390211000, "ebitdaratio": 0.3180519987, "operatingIncome": 203848000, "operatingIncomeRatio": 0.1661518097, "totalOtherIncomeExpensesNet": -9450000, "incomeBeforeTax": 108645000, "incomeBeforeTaxRatio": 0.0885540372, "incomeTaxExpense": 30458000, "netIncome": 78187000, "netIncomeRatio": 0.0637284229, "eps": 0.85, "epsdiluted": 0.84, "weightedAverageShsOut": 92105105, "weightedAverageShsOutDil": 93574867, "link": "https://www.sec.gov/Archives/edgar/data/52827/000095012301002542/0000950123-01-002542-index.htm", "finalLink": "https://www.sec.gov/Archives/edgar/data/52827/000095012301002542/y46871e10-k405.txt", "calculatedOtherExpenses": 176913000, "calculatedOperatingExpenses": 208126000, "calculatedNetInterest": 0, "calculatedOtherIncome": -95203000, "calculatedIncomeNonControlling": 0, "calculatedEbitda": 380761000}, {"date": "1999-12-31", "symbol": "RYN", "reportedCurrency": "USD", "cik": "0000052827", "fillingDate": "2000-03-27", "acceptedDate": "2000-03-27 00:00:00", "calendarYear": "1999", "period": "FY", "revenue": 1035900000, "costOfRevenue": 761700000, "grossProfit": 274200000, "grossProfitRatio": 0.2646973646, "researchAndDevelopmentExpenses": 0, "generalAndAdministrativeExpenses": 39600000, "sellingAndMarketingExpenses": 0, "sellingGeneralAndAdministrativeExpenses": 39600000, "otherExpenses": 105400000, "operatingExpenses": 145000000, "costAndExpenses": 906700000, "interestIncome": 0, "interestExpense": 0, "depreciationAndAmortization": 105400000, "ebitda": 223400000, "ebitdaratio": 0.215657882, "operatingIncome": 129200000, "operatingIncomeRatio": 0.1247224636, "totalOtherIncomeExpensesNet": 11200000, "incomeBeforeTax": 98200000, "incomeBeforeTaxRatio": 0.0947967951, "incomeTaxExpense": 29500000, "netIncome": 68700000, "netIncomeRatio": 0.0663191428, "eps": 0.73, "epsdiluted": 0.72, "weightedAverageShsOut": 93681818, "weightedAverageShsOutDil": 94831288, "link": "https://www.sec.gov/Archives/edgar/data/52827/000095012300002744/0000950123-00-002744-index.html", "finalLink": "https://www.sec.gov/Archives/edgar/data/52827/000095012300002744/", "calculatedOtherExpenses": 105400000, "calculatedOperatingExpenses": 145000000, "calculatedNetInterest": 0, "calculatedOtherIncome": -31000000, "calculatedIncomeNonControlling": 0, "calculatedEbitda": 234600000}, {"date": "1998-12-31", "symbol": "RYN", "reportedCurrency": "USD", "cik": "0000052827", "fillingDate": "1999-03-26", "acceptedDate": "1999-03-26 00:00:00", "calendarYear": "1998", "period": "FY", "revenue": 1008600000, "costOfRevenue": 751400000, "grossProfit": 257200000, "grossProfitRatio": 0.2550069403, "researchAndDevelopmentExpenses": 0, "generalAndAdministrativeExpenses": 35500000, "sellingAndMarketingExpenses": 0, "sellingGeneralAndAdministrativeExpenses": 35500000, "otherExpenses": 101100000, "operatingExpenses": 136600000, "costAndExpenses": 888000000, "interestIncome": 0, "interestExpense": 0, "depreciationAndAmortization": 101100000, "ebitda": 217500000, "ebitdaratio": 0.2156454491, "operatingIncome": 120600000, "operatingIncomeRatio": 0.1195716835, "totalOtherIncomeExpensesNet": 4200000, "incomeBeforeTax": 90100000, "incomeBeforeTaxRatio": 0.089331747, "incomeTaxExpense": 26500000, "netIncome": 63600000, "netIncomeRatio": 0.0630577037, "eps": 0.56, "epsdiluted": 0.55, "weightedAverageShsOut": 112738739, "weightedAverageShsOutDil": 114770068, "link": "https://www.sec.gov/Archives/edgar/data/52827/000095012399002570/0000950123-99-002570-index.html", "finalLink": "https://www.sec.gov/Archives/edgar/data/52827/", "calculatedOtherExpenses": 101100000, "calculatedOperatingExpenses": 136600000, "calculatedNetInterest": 0, "calculatedOtherIncome": -30500000, "calculatedIncomeNonControlling": 0, "calculatedEbitda": 221700000}, {"date": "1997-12-31", "symbol": "RYN", "reportedCurrency": "USD", "cik": "0000052827", "fillingDate": "1998-03-26", "acceptedDate": "1998-03-26 00:00:00", "calendarYear": "1997", "period": "FY", "revenue": 1104200000, "costOfRevenue": 803400000, "grossProfit": 300800000, "grossProfitRatio": 0.2724144177, "researchAndDevelopmentExpenses": 0, "generalAndAdministrativeExpenses": 42400000, "sellingAndMarketingExpenses": 0, "sellingGeneralAndAdministrativeExpenses": 42400000, "otherExpenses": 99300000, "operatingExpenses": 141700000, "costAndExpenses": 945100000, "interestIncome": 0, "interestExpense": 0, "depreciationAndAmortization": 99300000, "ebitda": 245500000, "ebitdaratio": 0.2223329107, "operatingIncome": 159100000, "operatingIncomeRatio": 0.1440862163, "totalOtherIncomeExpensesNet": 12900000, "incomeBeforeTax": 120600000, "incomeBeforeTaxRatio": 0.1092193443, "incomeTaxExpense": 33300000, "netIncome": 87300000, "netIncomeRatio": 0.0790617642, "eps": 0.9, "epsdiluted": 0.88, "weightedAverageShsOut": 97142908, "weightedAverageShsOutDil": 99105440, "link": "https://www.sec.gov/Archives/edgar/data/52827/000095012398002941/0000950123-98-002941-index.html", "finalLink": "https://www.sec.gov/Archives/edgar/data/52827/", "calculatedOtherExpenses": 99300000, "calculatedOperatingExpenses": 141700000, "calculatedNetInterest": 0, "calculatedOtherIncome": -38500000, "calculatedIncomeNonControlling": 0, "calculatedEbitda": 258400000}, {"date": "1996-12-31", "symbol": "RYN", "reportedCurrency": "USD", "cik": "0000052827", "fillingDate": "1997-03-28", "acceptedDate": "1997-03-28 00:00:00", "calendarYear": "1996", "period": "FY", "revenue": 1178000000, "costOfRevenue": 884400000, "grossProfit": 293600000, "grossProfitRatio": 0.2492359932, "researchAndDevelopmentExpenses": 0, "generalAndAdministrativeExpenses": 164000000, "sellingAndMarketingExpenses": 0, "sellingGeneralAndAdministrativeExpenses": 164000000, "otherExpenses": 96900000, "operatingExpenses": 260900000, "costAndExpenses": 1145300000, "interestIncome": 0, "interestExpense": 0, "depreciationAndAmortization": 96900000, "ebitda": 120600000, "ebitdaratio": 0.10237691, "operatingIncome": 32700000, "operatingIncomeRatio": 0.0277589134, "totalOtherIncomeExpensesNet": 9000000, "incomeBeforeTax": -13500000, "incomeBeforeTaxRatio": -0.0114601019, "incomeTaxExpense": -13300000, "netIncome": -98400000, "netIncomeRatio": -0.0835314092, "eps": -0.82, "epsdiluted": -0.82, "weightedAverageShsOut": 120183750, "weightedAverageShsOutDil": 120183750, "link": "https://www.sec.gov/Archives/edgar/data/52827/000095012397002685/0000950123-97-002685-index.html", "finalLink": "https://www.sec.gov/Archives/edgar/data/52827/", "calculatedOtherExpenses": 96900000, "calculatedOperatingExpenses": 260900000, "calculatedNetInterest": 0, "calculatedOtherIncome": -46200000, "calculatedIncomeNonControlling": 98200000, "calculatedEbitda": 129600000}, {"date": "1995-12-31", "symbol": "RYN", "reportedCurrency": "USD", "cik": "0000052827", "fillingDate": "1996-03-28", "acceptedDate": "1996-03-28 00:00:00", "calendarYear": "1995", "period": "FY", "revenue": 1260500000, "costOfRevenue": 899000000, "grossProfit": 361500000, "grossProfitRatio": 0.286790956, "researchAndDevelopmentExpenses": 0, "generalAndAdministrativeExpenses": 37000000, "sellingAndMarketingExpenses": 0, "sellingGeneralAndAdministrativeExpenses": 37000000, "otherExpenses": 96000000, "operatingExpenses": 133000000, "costAndExpenses": 1032000000, "interestIncome": 0, "interestExpense": 0, "depreciationAndAmortization": 96000000, "ebitda": 281400000, "ebitdaratio": 0.2232447441, "operatingIncome": 228500000, "operatingIncomeRatio": 0.1812772709, "totalOtherIncomeExpensesNet": 43100000, "incomeBeforeTax": 208000000, "incomeBeforeTaxRatio": 0.1650138834, "incomeTaxExpense": 65700000, "netIncome": 142300000, "netIncomeRatio": 0.1128917096, "eps": 1.43, "epsdiluted": 1.41, "weightedAverageShsOut": 99746906, "weightedAverageShsOutDil": 101006851, "link": "https://www.sec.gov/Archives/edgar/data/52827/000095012396001360/0000950123-96-001360-index.html", "finalLink": "https://www.sec.gov/Archives/edgar/data/52827/", "calculatedOtherExpenses": 96000000, "calculatedOperatingExpenses": 133000000, "calculatedNetInterest": 0, "calculatedOtherIncome": -20500000, "calculatedIncomeNonControlling": 0, "calculatedEbitda": 324500000}, {"date": "1994-12-31", "symbol": "RYN", "reportedCurrency": "USD", "cik": "0000052827", "fillingDate": "1995-03-23", "acceptedDate": "1995-03-23 00:00:00", "calendarYear": "1994", "period": "FY", "revenue": 1069500000, "costOfRevenue": 787200000, "grossProfit": 282300000, "grossProfitRatio": 0.2639551192, "researchAndDevelopmentExpenses": 0, "generalAndAdministrativeExpenses": 27700000, "sellingAndMarketingExpenses": 0, "sellingGeneralAndAdministrativeExpenses": 27700000, "otherExpenses": 90200000, "operatingExpenses": 117900000, "costAndExpenses": 905100000, "interestIncome": 0, "interestExpense": 0, "depreciationAndAmortization": 90200000, "ebitda": 247400000, "ebitdaratio": 0.2313230482, "operatingIncome": 164400000, "operatingIncomeRatio": 0.15371669, "totalOtherIncomeExpensesNet": 7200000, "incomeBeforeTax": 108000000, "incomeBeforeTaxRatio": 0.1009817672, "incomeTaxExpense": 38000000, "netIncome": 70000000, "netIncomeRatio": 0.0654511454, "eps": 0.59, "epsdiluted": 0.59, "weightedAverageShsOut": 118825742, "weightedAverageShsOutDil": 118825742, "link": "https://www.sec.gov/Archives/edgar/data/52827/000095012395000642/0000950123-95-000642-index.html", "finalLink": "https://www.sec.gov/Archives/edgar/data/52827/", "calculatedOtherExpenses": 90200000, "calculatedOperatingExpenses": 117900000, "calculatedNetInterest": 0, "calculatedOtherIncome": -56400000, "calculatedIncomeNonControlling": 0, "calculatedEbitda": 254600000}, {"date": "1993-12-31", "symbol": "RYN", "reportedCurrency": "USD", "cik": "0000052827", "fillingDate": "1994-03-25", "acceptedDate": "1994-03-25 00:00:00", "calendarYear": "1993", "period": "FY", "revenue": 936300000, "costOfRevenue": 702500000, "grossProfit": 233800000, "grossProfitRatio": 0.2497062907, "researchAndDevelopmentExpenses": 0, "generalAndAdministrativeExpenses": 0, "sellingAndMarketingExpenses": 0, "sellingGeneralAndAdministrativeExpenses": 28300000, "otherExpenses": 106600000, "operatingExpenses": 106600000, "costAndExpenses": 809100000, "interestIncome": 0, "interestExpense": 0, "depreciationAndAmortization": 78300000, "ebitda": 204000000, "ebitdaratio": 0.217878885, "operatingIncome": 127200000, "operatingIncomeRatio": 0.135853893, "totalOtherIncomeExpensesNet": 1500000, "incomeBeforeTax": 82900000, "incomeBeforeTaxRatio": 0.0885399979, "incomeTaxExpense": 30400000, "netIncome": 52500000, "netIncomeRatio": 0.0560717719, "eps": 0.52, "epsdiluted": 0.52, "weightedAverageShsOut": 100005842, "weightedAverageShsOutDil": 100005842, "link": "https://www.sec.gov/Archives/edgar/data/52827/000095012394000596/0000950123-94-000596-index.html", "finalLink": "https://www.sec.gov/Archives/edgar/data/52827/", "calculatedOtherExpenses": 78300000, "calculatedOperatingExpenses": 106600000, "calculatedNetInterest": 0, "calculatedOtherIncome": -44300000, "calculatedIncomeNonControlling": 0, "calculatedEbitda": 205500000}]}