{"originalCurrency": "USD", "convertedCurrency": "USD", "report": [{"date": "2023-12-31", "symbol": "SAIA", "reportedCurrency": "USD", "cik": "0001177702", "fillingDate": "2024-02-23", "acceptedDate": "2024-02-23 16:09:53", "calendarYear": "2023", "period": "FY", "revenue": 2881433000, "costOfRevenue": 2420027000, "grossProfit": 461406000, "grossProfitRatio": 0.1601307405, "researchAndDevelopmentExpenses": 0, "generalAndAdministrativeExpenses": 67984000, "sellingAndMarketingExpenses": -66029000, "sellingGeneralAndAdministrativeExpenses": 1955000, "otherExpenses": 1955000, "operatingExpenses": 138436000, "costAndExpenses": 2420027000, "interestIncome": 6208000, "interestExpense": 2535000, "depreciationAndAmortization": 178845000, "ebitda": 640251000, "ebitdaratio": 0.2221988157, "operatingIncome": 461406000, "operatingIncomeRatio": 0.1601307405, "totalOtherIncomeExpensesNet": 4821000, "incomeBeforeTax": 466227000, "incomeBeforeTaxRatio": 0.1618038663, "incomeTaxExpense": 111370000, "netIncome": 354857000, "netIncomeRatio": 0.123152959, "eps": 13.32, "epsdiluted": 13.26, "weightedAverageShsOut": 26632000, "weightedAverageShsOutDil": 26763000, "link": "https://www.sec.gov/Archives/edgar/data/1177702/000095017024019368/0000950170-24-019368-index.htm", "finalLink": "https://www.sec.gov/Archives/edgar/data/1177702/000095017024019368/saia-20231231.htm", "calculatedOtherExpenses": -1955000, "calculatedOperatingExpenses": 0, "calculatedNetInterest": 3673000, "calculatedOtherIncome": 1148000, "calculatedIncomeNonControlling": 0, "calculatedEbitda": 640251000}, {"date": "2022-12-31", "symbol": "SAIA", "reportedCurrency": "USD", "cik": "0001177702", "fillingDate": "2023-02-23", "acceptedDate": "2023-02-23 16:07:08", "calendarYear": "2022", "period": "FY", "revenue": 2792057000, "costOfRevenue": 2201094000, "grossProfit": 590963000, "grossProfitRatio": 0.2116586445, "researchAndDevelopmentExpenses": 0, "generalAndAdministrativeExpenses": 56601000, "sellingAndMarketingExpenses": 0, "sellingGeneralAndAdministrativeExpenses": 56601000, "otherExpenses": 63874000, "operatingExpenses": 120475000, "costAndExpenses": 2321569000, "interestIncome": 2611000, "interestExpense": 2611000, "depreciationAndAmortization": 157203000, "ebitda": 470659000, "ebitdaratio": 0.168570699, "operatingIncome": 313456000, "operatingIncomeRatio": 0.112267049, "totalOtherIncomeExpensesNet": 154592000, "incomeBeforeTax": 468048000, "incomeBeforeTaxRatio": 0.1676355461, "incomeTaxExpense": 110626000, "netIncome": 357422000, "netIncomeRatio": 0.1280138622, "eps": 13.48, "epsdiluted": 13.4, "weightedAverageShsOut": 26520000, "weightedAverageShsOutDil": 26674000, "link": "https://www.sec.gov/Archives/edgar/data/1177702/000095017023004094/0000950170-23-004094-index.htm", "finalLink": "https://www.sec.gov/Archives/edgar/data/1177702/000095017023004094/saia-20221231.htm", "calculatedOtherExpenses": 220906000, "calculatedOperatingExpenses": 277507000, "calculatedNetInterest": 0, "calculatedOtherIncome": 154592000, "calculatedIncomeNonControlling": 0, "calculatedEbitda": 470659000}, {"date": "2021-12-31", "symbol": "SAIA", "reportedCurrency": "USD", "cik": "0001177702", "fillingDate": "2022-02-23", "acceptedDate": "2022-02-23 16:19:22", "calendarYear": "2021", "period": "FY", "revenue": 2288704000, "costOfRevenue": 1837017000, "grossProfit": 451687000, "grossProfitRatio": 0.1973549223, "researchAndDevelopmentExpenses": 0, "generalAndAdministrativeExpenses": 61345000, "sellingAndMarketingExpenses": 0, "sellingGeneralAndAdministrativeExpenses": 61345000, "otherExpenses": 59095000, "operatingExpenses": 120440000, "costAndExpenses": 1957457000, "interestIncome": 3212000, "interestExpense": 3212000, "depreciationAndAmortization": 141700000, "ebitda": 332091000, "ebitdaratio": 0.1451000217, "operatingIncome": 190391000, "operatingIncomeRatio": 0.0831872536, "totalOtherIncomeExpensesNet": 142382000, "incomeBeforeTax": 332773000, "incomeBeforeTaxRatio": 0.1453980069, "incomeTaxExpense": 79538000, "netIncome": 253235000, "netIncomeRatio": 0.1106455881, "eps": 9.62, "epsdiluted": 9.48, "weightedAverageShsOut": 26322000, "weightedAverageShsOutDil": 26707000, "link": "https://www.sec.gov/Archives/edgar/data/1177702/000156459022006259/0001564590-22-006259-index.htm", "finalLink": "https://www.sec.gov/Archives/edgar/data/1177702/000156459022006259/saia-10k_20211231.htm", "calculatedOtherExpenses": 199951000, "calculatedOperatingExpenses": 261296000, "calculatedNetInterest": 0, "calculatedOtherIncome": 142382000, "calculatedIncomeNonControlling": 0, "calculatedEbitda": 332091000}, {"date": "2020-12-31", "symbol": "SAIA", "reportedCurrency": "USD", "cik": "0001177702", "fillingDate": "2021-02-24", "acceptedDate": "2021-02-24 16:06:35", "calendarYear": "2020", "period": "FY", "revenue": 1822366000, "costOfRevenue": 1538518000, "grossProfit": 283848000, "grossProfitRatio": 0.1557579542, "researchAndDevelopmentExpenses": 0, "generalAndAdministrativeExpenses": 49761000, "sellingAndMarketingExpenses": 0, "sellingGeneralAndAdministrativeExpenses": 49761000, "otherExpenses": 56294000, "operatingExpenses": 106055000, "costAndExpenses": 1644573000, "interestIncome": 5177000, "interestExpense": 5177000, "depreciationAndAmortization": 134655000, "ebitda": 178927000, "ebitdaratio": 0.0981838994, "operatingIncome": 44272000, "operatingIncomeRatio": 0.0242936929, "totalOtherIncomeExpensesNet": 132006000, "incomeBeforeTax": 176278000, "incomeBeforeTaxRatio": 0.0967302946, "incomeTaxExpense": 37938000, "netIncome": 138340000, "netIncomeRatio": 0.075912303, "eps": 5.29, "epsdiluted": 5.2, "weightedAverageShsOut": 26140000, "weightedAverageShsOutDil": 26592000, "link": "https://www.sec.gov/Archives/edgar/data/1177702/000156459021008077/0001564590-21-008077-index.htm", "finalLink": "https://www.sec.gov/Archives/edgar/data/1177702/000156459021008077/saia-10k_20201231.htm", "calculatedOtherExpenses": 189815000, "calculatedOperatingExpenses": 239576000, "calculatedNetInterest": 0, "calculatedOtherIncome": 132006000, "calculatedIncomeNonControlling": 0, "calculatedEbitda": 178927000}, {"date": "2019-12-31", "symbol": "SAIA", "reportedCurrency": "USD", "cik": "0001177702", "fillingDate": "2020-02-25", "acceptedDate": "2020-02-25 16:07:02", "calendarYear": "2019", "period": "FY", "revenue": 1786735000, "costOfRevenue": 1537082000, "grossProfit": 249653000, "grossProfitRatio": 0.1397258127, "researchAndDevelopmentExpenses": 0, "generalAndAdministrativeExpenses": 43073000, "sellingAndMarketingExpenses": 0, "sellingGeneralAndAdministrativeExpenses": 43073000, "otherExpenses": 54397000, "operatingExpenses": 97470000, "costAndExpenses": 1634552000, "interestIncome": 6688000, "interestExpense": 6688000, "depreciationAndAmortization": 119135000, "ebitda": 152937000, "ebitdaratio": 0.0855957934, "operatingIncome": 33802000, "operatingIncomeRatio": 0.0189183063, "totalOtherIncomeExpensesNet": 112850000, "incomeBeforeTax": 146652000, "incomeBeforeTaxRatio": 0.0820782041, "incomeTaxExpense": 32933000, "netIncome": 113719000, "netIncomeRatio": 0.0636462598, "eps": 4.38, "epsdiluted": 4.3, "weightedAverageShsOut": 25952000, "weightedAverageShsOutDil": 26435000, "link": "https://www.sec.gov/Archives/edgar/data/1177702/000156459020006382/0001564590-20-006382-index.htm", "finalLink": "https://www.sec.gov/Archives/edgar/data/1177702/000156459020006382/saia-10k_20191231.htm", "calculatedOtherExpenses": 172778000, "calculatedOperatingExpenses": 215851000, "calculatedNetInterest": 0, "calculatedOtherIncome": 112850000, "calculatedIncomeNonControlling": 0, "calculatedEbitda": 152937000}, {"date": "2018-12-31", "symbol": "SAIA", "reportedCurrency": "USD", "cik": "0001177702", "fillingDate": "2019-02-25", "acceptedDate": "2019-02-25 16:43:47", "calendarYear": "2018", "period": "FY", "revenue": 1653849000, "costOfRevenue": 1423779000, "grossProfit": 230070000, "grossProfitRatio": 0.1391118536, "researchAndDevelopmentExpenses": 0, "generalAndAdministrativeExpenses": 38425000, "sellingAndMarketingExpenses": 0, "sellingGeneralAndAdministrativeExpenses": 38425000, "otherExpenses": 74000, "operatingExpenses": 88514000, "costAndExpenses": 1512293000, "interestIncome": 0, "interestExpense": 5418000, "depreciationAndAmortization": 102153000, "ebitda": 141630000, "ebitdaratio": 0.0856365968, "operatingIncome": 141177000, "operatingIncomeRatio": 0.0853626903, "totalOtherIncomeExpensesNet": -305000, "incomeBeforeTax": 135833000, "incomeBeforeTaxRatio": 0.0821314401, "incomeTaxExpense": 30852000, "netIncome": 104981000, "netIncomeRatio": 0.0634767745, "eps": 4.08, "epsdiluted": 3.99, "weightedAverageShsOut": 25762000, "weightedAverageShsOutDil": 26291000, "link": "https://www.sec.gov/Archives/edgar/data/1177702/000156459019004105/0001564590-19-004105-index.htm", "finalLink": "https://www.sec.gov/Archives/edgar/data/1177702/000156459019004105/saia-10k_20181231.htm", "calculatedOtherExpenses": 50468000, "calculatedOperatingExpenses": 88893000, "calculatedNetInterest": -5418000, "calculatedOtherIncome": 74000, "calculatedIncomeNonControlling": 0, "calculatedEbitda": 243330000}, {"date": "2017-12-31", "symbol": "SAIA", "reportedCurrency": "USD", "cik": "0001177702", "fillingDate": "2018-02-22", "acceptedDate": "2018-02-22 16:19:52", "calendarYear": "2017", "period": "FY", "revenue": 1378510000, "costOfRevenue": 1203464000, "grossProfit": 175046000, "grossProfitRatio": 0.1269820313, "researchAndDevelopmentExpenses": 0, "generalAndAdministrativeExpenses": 37162000, "sellingAndMarketingExpenses": 0, "sellingGeneralAndAdministrativeExpenses": 37162000, "otherExpenses": 92000, "operatingExpenses": 80492000, "costAndExpenses": 1283956000, "interestIncome": 0, "interestExpense": 5051000, "depreciationAndAmortization": 87102000, "ebitda": 94646000, "ebitdaratio": 0.0686581889, "operatingIncome": 94737000, "operatingIncomeRatio": 0.0687242022, "totalOtherIncomeExpensesNet": 275000, "incomeBeforeTax": 89778000, "incomeBeforeTaxRatio": 0.0651268398, "incomeTaxExpense": -1378000, "netIncome": 91156000, "netIncomeRatio": 0.0661264699, "eps": 3.57, "epsdiluted": 3.49, "weightedAverageShsOut": 25518000, "weightedAverageShsOutDil": 26086000, "link": "https://www.sec.gov/Archives/edgar/data/1177702/000156459018002882/0001564590-18-002882-index.htm", "finalLink": "https://www.sec.gov/Archives/edgar/data/1177702/000156459018002882/saia-10k_20171231.htm", "calculatedOtherExpenses": 43147000, "calculatedOperatingExpenses": 80309000, "calculatedNetInterest": -5051000, "calculatedOtherIncome": 92000, "calculatedIncomeNonControlling": 0, "calculatedEbitda": 181839000}, {"date": "2016-12-31", "symbol": "SAIA", "reportedCurrency": "USD", "cik": "0001177702", "fillingDate": "2017-02-24", "acceptedDate": "2017-02-24 09:17:18", "calendarYear": "2016", "period": "FY", "revenue": 1218481000, "costOfRevenue": 1058979000, "grossProfit": 159502000, "grossProfitRatio": 0.1309023284, "researchAndDevelopmentExpenses": 0, "generalAndAdministrativeExpenses": 39625000, "sellingAndMarketingExpenses": 0, "sellingGeneralAndAdministrativeExpenses": 39625000, "otherExpenses": 177000, "operatingExpenses": 80366000, "costAndExpenses": 1139345000, "interestIncome": 0, "interestExpense": 4394000, "depreciationAndAmortization": 76240000, "ebitda": 79313000, "ebitdaratio": 0.0650917002, "operatingIncome": 79136000, "operatingIncomeRatio": 0.0649464374, "totalOtherIncomeExpensesNet": 177000, "incomeBeforeTax": 74919000, "incomeBeforeTaxRatio": 0.061485571, "incomeTaxExpense": 26895000, "netIncome": 48024000, "netIncomeRatio": 0.0394130069, "eps": 1.92, "epsdiluted": 1.87, "weightedAverageShsOut": 25038000, "weightedAverageShsOutDil": 25680000, "link": "https://www.sec.gov/Archives/edgar/data/1177702/000156459017002318/0001564590-17-002318-index.htm", "finalLink": "https://www.sec.gov/Archives/edgar/data/1177702/000156459017002318/saia-10k_20161231.htm", "calculatedOtherExpenses": 40741000, "calculatedOperatingExpenses": 80366000, "calculatedNetInterest": -4394000, "calculatedOtherIncome": 177000, "calculatedIncomeNonControlling": 0, "calculatedEbitda": 155376000}, {"date": "2015-12-31", "symbol": "SAIA", "reportedCurrency": "USD", "cik": "0001177702", "fillingDate": "2016-02-26", "acceptedDate": "2016-02-26 16:35:46", "calendarYear": "2015", "period": "FY", "revenue": 1221311000, "costOfRevenue": 1067191000, "grossProfit": 154120000, "grossProfitRatio": 0.1261922639, "researchAndDevelopmentExpenses": 0, "generalAndAdministrativeExpenses": 26832000, "sellingAndMarketingExpenses": 0, "sellingGeneralAndAdministrativeExpenses": 26832000, "otherExpenses": 95000, "operatingExpenses": 64145000, "costAndExpenses": 1131336000, "interestIncome": 0, "interestExpense": 4107000, "depreciationAndAmortization": 65020000, "ebitda": 90070000, "ebitdaratio": 0.0737486193, "operatingIncome": 89975000, "operatingIncomeRatio": 0.073670834, "totalOtherIncomeExpensesNet": 95000, "incomeBeforeTax": 85963000, "incomeBeforeTaxRatio": 0.0703858395, "incomeTaxExpense": 30947000, "netIncome": 55016000, "netIncomeRatio": 0.0450466753, "eps": 2.21, "epsdiluted": 2.16, "weightedAverageShsOut": 24919000, "weightedAverageShsOutDil": 25471000, "link": "https://www.sec.gov/Archives/edgar/data/1177702/000156459016013560/0001564590-16-013560-index.htm", "finalLink": "https://www.sec.gov/Archives/edgar/data/1177702/000156459016013560/saia-10k_20151231.htm", "calculatedOtherExpenses": 37313000, "calculatedOperatingExpenses": 64145000, "calculatedNetInterest": -4107000, "calculatedOtherIncome": 95000, "calculatedIncomeNonControlling": 0, "calculatedEbitda": 154995000}, {"date": "2014-12-31", "symbol": "SAIA", "reportedCurrency": "USD", "cik": "0001177702", "fillingDate": "2015-02-27", "acceptedDate": "2015-02-27 17:26:59", "calendarYear": "2014", "period": "FY", "revenue": 1272321000, "costOfRevenue": 1113053000, "grossProfit": 159268000, "grossProfitRatio": 0.1251791018, "researchAndDevelopmentExpenses": 0, "generalAndAdministrativeExpenses": 37563000, "sellingAndMarketingExpenses": 0, "sellingGeneralAndAdministrativeExpenses": 37563000, "otherExpenses": 99000, "operatingExpenses": 73575000, "costAndExpenses": 1186628000, "interestIncome": 0, "interestExpense": 4564000, "depreciationAndAmortization": 59022000, "ebitda": 85792000, "ebitdaratio": 0.0674295245, "operatingIncome": 85693000, "operatingIncomeRatio": 0.0673517139, "totalOtherIncomeExpensesNet": 99000, "incomeBeforeTax": 81228000, "incomeBeforeTaxRatio": 0.0638423794, "incomeTaxExpense": 29237000, "netIncome": 51991000, "netIncomeRatio": 0.0408631155, "eps": 2.12, "epsdiluted": 2.04, "weightedAverageShsOut": 24505000, "weightedAverageShsOutDil": 25463000, "link": "https://www.sec.gov/Archives/edgar/data/1177702/000119312515070371/0001193125-15-070371-index.htm", "finalLink": "https://www.sec.gov/Archives/edgar/data/1177702/000119312515070371/d834830d10k.htm", "calculatedOtherExpenses": 36012000, "calculatedOperatingExpenses": 73575000, "calculatedNetInterest": -4564000, "calculatedOtherIncome": 99000, "calculatedIncomeNonControlling": 0, "calculatedEbitda": 144715000}, {"date": "2013-12-31", "symbol": "SAIA", "reportedCurrency": "USD", "cik": "0001177702", "fillingDate": "2014-02-28", "acceptedDate": "2014-02-28 16:52:57", "calendarYear": "2013", "period": "FY", "revenue": 1139094000, "costOfRevenue": 1003390000, "grossProfit": 135704000, "grossProfitRatio": 0.1191332761, "researchAndDevelopmentExpenses": 0, "generalAndAdministrativeExpenses": 25494000, "sellingAndMarketingExpenses": 0, "sellingGeneralAndAdministrativeExpenses": 25494000, "otherExpenses": 217000, "operatingExpenses": 61286000, "costAndExpenses": 1064676000, "interestIncome": 0, "interestExpense": 6490000, "depreciationAndAmortization": 51564000, "ebitda": 74635000, "ebitdaratio": 0.0655213705, "operatingIncome": 74418000, "operatingIncomeRatio": 0.0653308682, "totalOtherIncomeExpensesNet": 217000, "incomeBeforeTax": 68145000, "incomeBeforeTaxRatio": 0.05982386, "incomeTaxExpense": 24518000, "netIncome": 43627000, "netIncomeRatio": 0.0382997365, "eps": 1.81, "epsdiluted": 1.73, "weightedAverageShsOut": 24154000, "weightedAverageShsOutDil": 25205000, "link": "https://www.sec.gov/Archives/edgar/data/1177702/000119312514077617/0001193125-14-077617-index.htm", "finalLink": "https://www.sec.gov/Archives/edgar/data/1177702/000119312514077617/d645045d10k.htm", "calculatedOtherExpenses": 35792000, "calculatedOperatingExpenses": 61286000, "calculatedNetInterest": -6490000, "calculatedOtherIncome": 217000, "calculatedIncomeNonControlling": 0, "calculatedEbitda": 125982000}, {"date": "2012-12-31", "symbol": "SAIA", "reportedCurrency": "USD", "cik": "0001177702", "fillingDate": "2013-03-01", "acceptedDate": "2013-03-01 16:37:00", "calendarYear": "2012", "period": "FY", "revenue": 1098679000, "costOfRevenue": 977437000, "grossProfit": 121242000, "grossProfitRatio": 0.1103525233, "researchAndDevelopmentExpenses": 0, "generalAndAdministrativeExpenses": 24712000, "sellingAndMarketingExpenses": 0, "sellingGeneralAndAdministrativeExpenses": 24712000, "otherExpenses": 212000, "operatingExpenses": 62508000, "costAndExpenses": 1039945000, "interestIncome": 0, "interestExpense": 7807000, "depreciationAndAmortization": 47985000, "ebitda": 58946000, "ebitdaratio": 0.0536517035, "operatingIncome": 58734000, "operatingIncomeRatio": 0.0534587445, "totalOtherIncomeExpensesNet": 212000, "incomeBeforeTax": 51139000, "incomeBeforeTaxRatio": 0.0465458974, "incomeTaxExpense": 19091000, "netIncome": 32048000, "netIncomeRatio": 0.0291695755, "eps": 1.35, "epsdiluted": 1.29, "weightedAverageShsOut": 23823000, "weightedAverageShsOutDil": 24814500, "link": "https://www.sec.gov/Archives/edgar/data/1177702/000119312513087830/0001193125-13-087830-index.htm", "finalLink": "https://www.sec.gov/Archives/edgar/data/1177702/000119312513087830/d444349d10k.htm", "calculatedOtherExpenses": 37796000, "calculatedOperatingExpenses": 62508000, "calculatedNetInterest": -7807000, "calculatedOtherIncome": 212000, "calculatedIncomeNonControlling": 0, "calculatedEbitda": 106719000}, {"date": "2011-12-31", "symbol": "SAIA", "reportedCurrency": "USD", "cik": "0001177702", "fillingDate": "2012-03-02", "acceptedDate": "2012-03-02 14:58:24", "calendarYear": "2011", "period": "FY", "revenue": 1030224000, "costOfRevenue": 450988000, "grossProfit": 579236000, "grossProfitRatio": 0.5622427744, "researchAndDevelopmentExpenses": 0, "generalAndAdministrativeExpenses": 513977000, "sellingAndMarketingExpenses": 0, "sellingGeneralAndAdministrativeExpenses": 513977000, "otherExpenses": 37113000, "operatingExpenses": 551090000, "costAndExpenses": 1002078000, "interestIncome": 0, "interestExpense": 10468000, "depreciationAndAmortization": 37278000, "ebitda": 65424000, "ebitdaratio": 0.0635046359, "operatingIncome": 28146000, "operatingIncomeRatio": 0.0273202721, "totalOtherIncomeExpensesNet": 52000, "incomeBeforeTax": 17730000, "incomeBeforeTaxRatio": 0.0172098495, "incomeTaxExpense": 6357000, "netIncome": 11373000, "netIncomeRatio": 0.0110393468, "eps": 0.48, "epsdiluted": 0.47, "weightedAverageShsOut": 23683500, "weightedAverageShsOutDil": 24204000, "link": "https://www.sec.gov/Archives/edgar/data/1177702/000119312512094249/0001193125-12-094249-index.htm", "finalLink": "https://www.sec.gov/Archives/edgar/data/1177702/000119312512094249/d281165d10k.htm", "calculatedOtherExpenses": 37113000, "calculatedOperatingExpenses": 551090000, "calculatedNetInterest": -10468000, "calculatedOtherIncome": 52000, "calculatedIncomeNonControlling": 0, "calculatedEbitda": 65424000}, {"date": "2010-12-31", "symbol": "SAIA", "reportedCurrency": "USD", "cik": "0001177702", "fillingDate": "2011-02-25", "acceptedDate": "2011-02-25 15:40:25", "calendarYear": "2010", "period": "FY", "revenue": 902660000, "costOfRevenue": 292760000, "grossProfit": 609900000, "grossProfitRatio": 0.6756696874, "researchAndDevelopmentExpenses": 0, "generalAndAdministrativeExpenses": 481197000, "sellingAndMarketingExpenses": 0, "sellingGeneralAndAdministrativeExpenses": 481197000, "otherExpenses": 72863000, "operatingExpenses": 554060000, "costAndExpenses": 846820000, "interestIncome": 0, "interestExpense": 10602000, "depreciationAndAmortization": 36159000, "ebitda": 48259000, "ebitdaratio": 0.053463098, "operatingIncome": 12100000, "operatingIncomeRatio": 0.0134048257, "totalOtherIncomeExpensesNet": 435000, "incomeBeforeTax": 1933000, "incomeBeforeTaxRatio": 0.0021414486, "incomeTaxExpense": -24000, "netIncome": 1957000, "netIncomeRatio": 0.0021680367, "eps": 0.08, "epsdiluted": 0.08, "weightedAverageShsOut": 23569500, "weightedAverageShsOutDil": 24172500, "link": "https://www.sec.gov/Archives/edgar/data/1177702/000095012311018652/0000950123-11-018652-index.htm", "finalLink": "https://www.sec.gov/Archives/edgar/data/1177702/000095012311018652/c62449e10vk.htm", "calculatedOtherExpenses": 116603000, "calculatedOperatingExpenses": 597800000, "calculatedNetInterest": -10602000, "calculatedOtherIncome": 435000, "calculatedIncomeNonControlling": 0, "calculatedEbitda": 48259000}, {"date": "2009-12-31", "symbol": "SAIA", "reportedCurrency": "USD", "cik": "0001177702", "fillingDate": "2010-02-25", "acceptedDate": "2010-02-25 17:21:32", "calendarYear": "2009", "period": "FY", "revenue": 849141000, "costOfRevenue": 232024000, "grossProfit": 617117000, "grossProfitRatio": 0.7267544495, "researchAndDevelopmentExpenses": 0, "generalAndAdministrativeExpenses": 486473000, "sellingAndMarketingExpenses": 0, "sellingGeneralAndAdministrativeExpenses": 486473000, "otherExpenses": 74713000, "operatingExpenses": 561186000, "costAndExpenses": 793210000, "interestIncome": 0, "interestExpense": 12156000, "depreciationAndAmortization": 39342000, "ebitda": 35649000, "ebitdaratio": 0.0419824269, "operatingIncome": -3693000, "operatingIncomeRatio": -0.004349101, "totalOtherIncomeExpensesNet": 208000, "incomeBeforeTax": -15641000, "incomeBeforeTaxRatio": -0.0184197913, "incomeTaxExpense": -6605000, "netIncome": -7875000, "netIncomeRatio": -0.0092740782, "eps": -0.39, "epsdiluted": -0.39, "weightedAverageShsOut": 20134500, "weightedAverageShsOutDil": 20134500, "link": "https://www.sec.gov/Archives/edgar/data/1177702/000095012310017172/0000950123-10-017172-index.htm", "finalLink": "https://www.sec.gov/Archives/edgar/data/1177702/000095012310017172/c56460e10vk.htm", "calculatedOtherExpenses": 134337000, "calculatedOperatingExpenses": 620810000, "calculatedNetInterest": -12156000, "calculatedOtherIncome": 208000, "calculatedIncomeNonControlling": -1161000, "calculatedEbitda": 35649000}, {"date": "2008-12-31", "symbol": "SAIA", "reportedCurrency": "USD", "cik": "0001177702", "fillingDate": "2009-03-05", "acceptedDate": "2009-03-05 17:03:00", "calendarYear": "2008", "period": "FY", "revenue": 1030421000, "costOfRevenue": 325365000, "grossProfit": 705056000, "grossProfitRatio": 0.6842407133, "researchAndDevelopmentExpenses": 0, "generalAndAdministrativeExpenses": 570717000, "sellingAndMarketingExpenses": 0, "sellingGeneralAndAdministrativeExpenses": 570717000, "otherExpenses": 75819000, "operatingExpenses": 971901000, "costAndExpenses": 971901000, "interestIncome": 72000, "interestExpense": 12441000, "depreciationAndAmortization": 40898000, "ebitda": 66558000, "ebitdaratio": 0.0645930159, "operatingIncome": 25660000, "operatingIncomeRatio": 0.0249024428, "totalOtherIncomeExpensesNet": -419000, "incomeBeforeTax": 12800000, "incomeBeforeTaxRatio": 0.0124221071, "incomeTaxExpense": 3085000, "netIncome": 8677000, "netIncomeRatio": 0.0084208299, "eps": 0.43, "epsdiluted": 0.43, "weightedAverageShsOut": 19974000, "weightedAverageShsOutDil": 20418000, "link": "https://www.sec.gov/Archives/edgar/data/1177702/000095013709001557/0000950137-09-001557-index.htm", "finalLink": "https://www.sec.gov/Archives/edgar/data/1177702/000095013709001557/c49651e10vk.htm", "calculatedOtherExpenses": 108679000, "calculatedOperatingExpenses": 679396000, "calculatedNetInterest": -12369000, "calculatedOtherIncome": -491000, "calculatedIncomeNonControlling": 1038000, "calculatedEbitda": 66558000}, {"date": "2007-12-31", "symbol": "SAIA", "reportedCurrency": "USD", "cik": "0001177702", "fillingDate": "2008-02-28", "acceptedDate": "2008-02-28 16:16:10", "calendarYear": "2007", "period": "FY", "revenue": 976123000, "costOfRevenue": 340075000, "grossProfit": 636048000, "grossProfitRatio": 0.6516064062, "researchAndDevelopmentExpenses": 0, "generalAndAdministrativeExpenses": 598107000, "sellingAndMarketingExpenses": 0, "sellingGeneralAndAdministrativeExpenses": 598107000, "otherExpenses": 374175000, "operatingExpenses": 972282000, "costAndExpenses": 1312357000, "interestIncome": 0, "interestExpense": 0, "depreciationAndAmortization": 38685000, "ebitda": -295122000, "ebitdaratio": -0.302340996, "operatingIncome": 38168000, "operatingIncomeRatio": 0.0391016296, "totalOtherIncomeExpensesNet": -2427000, "incomeBeforeTax": 28391000, "incomeBeforeTaxRatio": 0.0290854739, "incomeTaxExpense": 11306000, "netIncome": 18342000, "netIncomeRatio": 0.0187906647, "eps": 0.89, "epsdiluted": 0.87, "weightedAverageShsOut": 20734500, "weightedAverageShsOutDil": 21057000, "link": "https://www.sec.gov/Archives/edgar/data/1177702/000095013708002946/0000950137-08-002946-index.htm", "finalLink": "https://www.sec.gov/Archives/edgar/data/1177702/000095013708002946/c23563e10vk.htm", "calculatedOtherExpenses": -227000, "calculatedOperatingExpenses": 597880000, "calculatedNetInterest": 0, "calculatedOtherIncome": -9777000, "calculatedIncomeNonControlling": -1257000, "calculatedEbitda": 76853000}, {"date": "2006-12-31", "symbol": "SAIA", "reportedCurrency": "USD", "cik": "0001177702", "fillingDate": "2007-02-23", "acceptedDate": "2007-02-23 16:51:41", "calendarYear": "2006", "period": "FY", "revenue": 874738000, "costOfRevenue": 286724000, "grossProfit": 588014000, "grossProfitRatio": 0.6722172811, "researchAndDevelopmentExpenses": 0, "generalAndAdministrativeExpenses": 530134000, "sellingAndMarketingExpenses": 0, "sellingGeneralAndAdministrativeExpenses": 530134000, "otherExpenses": 318622000, "operatingExpenses": 848756000, "costAndExpenses": 1135480000, "interestIncome": 0, "interestExpense": 0, "depreciationAndAmortization": 32550000, "ebitda": -224115000, "ebitdaratio": -0.2562081446, "operatingIncome": 49994000, "operatingIncomeRatio": 0.0571531133, "totalOtherIncomeExpensesNet": -4077000, "incomeBeforeTax": 41973000, "incomeBeforeTaxRatio": 0.0479835105, "incomeTaxExpense": 16100000, "netIncome": -20681000, "netIncomeRatio": -0.0236425078, "eps": -0.95, "epsdiluted": -0.93, "weightedAverageShsOut": 21804000, "weightedAverageShsOutDil": 22261500, "link": "https://www.sec.gov/Archives/edgar/data/1177702/000095013707002684/0000950137-07-002684-index.htm", "finalLink": "https://www.sec.gov/Archives/edgar/data/1177702/000095013707002684/c12473e10vk.htm", "calculatedOtherExpenses": 7886000, "calculatedOperatingExpenses": 538020000, "calculatedNetInterest": 0, "calculatedOtherIncome": -8021000, "calculatedIncomeNonControlling": 46554000, "calculatedEbitda": 82544000}, {"date": "2005-12-31", "symbol": "SAIA", "reportedCurrency": "USD", "cik": "0001177702", "fillingDate": "2006-02-17", "acceptedDate": "2006-02-17 14:14:58", "calendarYear": "2005", "period": "FY", "revenue": 1098031000, "costOfRevenue": 367071000, "grossProfit": 730960000, "grossProfitRatio": 0.6657006952, "researchAndDevelopmentExpenses": 0, "generalAndAdministrativeExpenses": 659934000, "sellingAndMarketingExpenses": 0, "sellingGeneralAndAdministrativeExpenses": 659934000, "otherExpenses": 416100000, "operatingExpenses": 1076034000, "costAndExpenses": 1443105000, "interestIncome": 0, "interestExpense": 0, "depreciationAndAmortization": 48204000, "ebitda": -296870000, "ebitdaratio": -0.2703657729, "operatingIncome": 54642000, "operatingIncomeRatio": 0.0497636223, "totalOtherIncomeExpensesNet": -9254000, "incomeBeforeTax": 45388000, "incomeBeforeTaxRatio": 0.0413358093, "incomeTaxExpense": 17929000, "netIncome": 27459000, "netIncomeRatio": 0.0250074907, "eps": 1.25, "epsdiluted": 1.21, "weightedAverageShsOut": 22060500, "weightedAverageShsOutDil": 22572000, "link": "https://www.sec.gov/Archives/edgar/data/1177702/000095013706001993/0000950137-06-001993-index.htm", "finalLink": "https://www.sec.gov/Archives/edgar/data/1177702/000095013706001993/c02550e10vk.htm", "calculatedOtherExpenses": 16384000, "calculatedOperatingExpenses": 676318000, "calculatedNetInterest": 0, "calculatedOtherIncome": -9254000, "calculatedIncomeNonControlling": 0, "calculatedEbitda": 102846000}, {"date": "2004-12-31", "symbol": "SAIA", "reportedCurrency": "USD", "cik": "0001177702", "fillingDate": "2005-02-18", "acceptedDate": "2005-02-18 16:10:33", "calendarYear": "2004", "period": "FY", "revenue": 982270000, "costOfRevenue": 306953000, "grossProfit": 675317000, "grossProfitRatio": 0.6875064901, "researchAndDevelopmentExpenses": 0, "generalAndAdministrativeExpenses": 605027000, "sellingAndMarketingExpenses": 0, "sellingGeneralAndAdministrativeExpenses": 605027000, "otherExpenses": 362113000, "operatingExpenses": 967140000, "costAndExpenses": 1274093000, "interestIncome": 0, "interestExpense": 0, "depreciationAndAmortization": 47968000, "ebitda": -241974000, "ebitdaratio": -0.2463416372, "operatingIncome": 40834000, "operatingIncomeRatio": 0.0415710548, "totalOtherIncomeExpensesNet": -1881000, "incomeBeforeTax": 31411000, "incomeBeforeTaxRatio": 0.0319779694, "incomeTaxExpense": 12152000, "netIncome": 19259000, "netIncomeRatio": 0.0196066255, "eps": 0.85, "epsdiluted": 0.84, "weightedAverageShsOut": 22245000, "weightedAverageShsOutDil": 22927381, "link": "https://www.sec.gov/Archives/edgar/data/1177702/000095013705001986/0000950137-05-001986-index.htm", "finalLink": "https://www.sec.gov/Archives/edgar/data/1177702/000095013705001986/c92392e10vk.htm", "calculatedOtherExpenses": 29456000, "calculatedOperatingExpenses": 634483000, "calculatedNetInterest": 0, "calculatedOtherIncome": -9423000, "calculatedIncomeNonControlling": 0, "calculatedEbitda": 88802000}, {"date": "2003-12-31", "symbol": "SAIA", "reportedCurrency": "USD", "cik": "0001177702", "fillingDate": "2004-02-25", "acceptedDate": "2004-02-25 14:53:06", "calendarYear": "2003", "period": "FY", "revenue": 827359000, "costOfRevenue": 252293000, "grossProfit": 575066000, "grossProfitRatio": 0.6950622402, "researchAndDevelopmentExpenses": 0, "generalAndAdministrativeExpenses": 516496000, "sellingAndMarketingExpenses": 0, "sellingGeneralAndAdministrativeExpenses": 516496000, "otherExpenses": 303372000, "operatingExpenses": 819868000, "costAndExpenses": 1072161000, "interestIncome": 0, "interestExpense": 0, "depreciationAndAmortization": 44039000, "ebitda": -201036000, "ebitdaratio": -0.2429852096, "operatingIncome": 32882000, "operatingIncomeRatio": 0.0397433279, "totalOtherIncomeExpensesNet": 273000, "incomeBeforeTax": 23912000, "incomeBeforeTaxRatio": 0.0289016014, "incomeTaxExpense": 8979000, "netIncome": 14933000, "netIncomeRatio": 0.0180489969, "eps": 0.67, "epsdiluted": 0.66, "weightedAverageShsOut": 22083000, "weightedAverageShsOutDil": 22625758, "link": "https://www.sec.gov/Archives/edgar/data/1177702/000095013704001214/0000950137-04-001214-index.htm", "finalLink": "https://www.sec.gov/Archives/edgar/data/1177702/000095013704001214/c83178e10vk.htm", "calculatedOtherExpenses": 25688000, "calculatedOperatingExpenses": 542184000, "calculatedNetInterest": 0, "calculatedOtherIncome": -8970000, "calculatedIncomeNonControlling": 0, "calculatedEbitda": 76921000}, {"date": "2002-12-31", "symbol": "SAIA", "reportedCurrency": "USD", "cik": "0001177702", "fillingDate": "2003-03-14", "acceptedDate": "2003-03-14 11:19:04", "calendarYear": "2002", "period": "FY", "revenue": 775436000, "costOfRevenue": 232942000, "grossProfit": 542494000, "grossProfitRatio": 0.6995986774, "researchAndDevelopmentExpenses": 0, "generalAndAdministrativeExpenses": 485152000, "sellingAndMarketingExpenses": 0, "sellingGeneralAndAdministrativeExpenses": 485152000, "otherExpenses": 285835000, "operatingExpenses": 770987000, "costAndExpenses": 1003929000, "interestIncome": 0, "interestExpense": 0, "depreciationAndAmortization": 44920000, "ebitda": -183471000, "ebitdaratio": -0.2366036656, "operatingIncome": 27230000, "operatingIncomeRatio": 0.0351157284, "totalOtherIncomeExpensesNet": -102000, "incomeBeforeTax": 20959000, "incomeBeforeTaxRatio": 0.0270286652, "incomeTaxExpense": 8901000, "netIncome": -63117000, "netIncomeRatio": -0.0813954988, "eps": -2.89, "epsdiluted": -2.87, "weightedAverageShsOut": 21847500, "weightedAverageShsOutDil": 22017558, "link": "https://www.sec.gov/Archives/edgar/data/1177702/000095013403003935/0000950134-03-003935-index.htm", "finalLink": "https://www.sec.gov/Archives/edgar/data/1177702/000095013403003935/c75338e10vk.htm", "calculatedOtherExpenses": 30112000, "calculatedOperatingExpenses": 515264000, "calculatedNetInterest": 0, "calculatedOtherIncome": -6271000, "calculatedIncomeNonControlling": 75175000, "calculatedEbitda": 72150000}, {"date": "2001-12-31", "symbol": "SAIA", "reportedCurrency": "USD", "cik": "0001177702", "fillingDate": "2001-12-31", "acceptedDate": "2001-12-30 19:00:00", "calendarYear": "2001", "period": "FY", "revenue": 771582000, "costOfRevenue": 0, "grossProfit": 771582000, "grossProfitRatio": 1, "researchAndDevelopmentExpenses": 0, "generalAndAdministrativeExpenses": 0, "sellingAndMarketingExpenses": 0, "sellingGeneralAndAdministrativeExpenses": 0, "otherExpenses": 0, "operatingExpenses": 755839000, "costAndExpenses": 755839000, "interestIncome": 0, "interestExpense": 0, "depreciationAndAmortization": 49166000, "ebitda": 64909000, "ebitdaratio": 0.0841245649, "operatingIncome": 15743000, "operatingIncomeRatio": 0.0204035346, "totalOtherIncomeExpensesNet": -10939000, "incomeBeforeTax": 4804000, "incomeBeforeTaxRatio": 0.0062261691, "incomeTaxExpense": 4033000, "netIncome": 771000, "netIncomeRatio": 0.0009992457, "eps": 0.0333, "epsdiluted": 0.0333, "weightedAverageShsOut": 21847500, "weightedAverageShsOutDil": 21847500, "link": "", "finalLink": "", "calculatedOtherExpenses": 755839000, "calculatedOperatingExpenses": 755839000, "calculatedNetInterest": 0, "calculatedOtherIncome": -10939000, "calculatedIncomeNonControlling": 0, "calculatedEbitda": 64909000}, {"date": "2000-12-31", "symbol": "SAIA", "reportedCurrency": "USD", "cik": "0001177702", "fillingDate": "2000-12-31", "acceptedDate": "2000-12-30 19:00:00", "calendarYear": "2000", "period": "FY", "revenue": 789009000, "costOfRevenue": 0, "grossProfit": 789009000, "grossProfitRatio": 1, "researchAndDevelopmentExpenses": 0, "generalAndAdministrativeExpenses": 0, "sellingAndMarketingExpenses": 0, "sellingGeneralAndAdministrativeExpenses": 0, "otherExpenses": 0, "operatingExpenses": 767348000, "costAndExpenses": 767348000, "interestIncome": 0, "interestExpense": 0, "depreciationAndAmortization": 48296000, "ebitda": 69957000, "ebitdaratio": 0.0886643879, "operatingIncome": 21661000, "operatingIncomeRatio": 0.0274534258, "totalOtherIncomeExpensesNet": 0, "incomeBeforeTax": 0, "incomeBeforeTaxRatio": 0, "incomeTaxExpense": 19963000, "netIncome": 1698000, "netIncomeRatio": 0.0021520667, "eps": 0.0777, "epsdiluted": 0.0777, "weightedAverageShsOut": 21847500, "weightedAverageShsOutDil": 21847500, "link": "", "finalLink": "", "calculatedOtherExpenses": 767348000, "calculatedOperatingExpenses": 767348000, "calculatedNetInterest": 0, "calculatedOtherIncome": -21661000, "calculatedIncomeNonControlling": -21661000, "calculatedEbitda": 69957000}, {"date": "1999-12-31", "symbol": "SAIA", "reportedCurrency": "USD", "cik": "0001177702", "fillingDate": "1999-12-31", "acceptedDate": "1999-12-30 19:00:00", "calendarYear": "1999", "period": "FY", "revenue": 594510000, "costOfRevenue": 0, "grossProfit": 594510000, "grossProfitRatio": 1, "researchAndDevelopmentExpenses": 0, "generalAndAdministrativeExpenses": 0, "sellingAndMarketingExpenses": 0, "sellingGeneralAndAdministrativeExpenses": 0, "otherExpenses": 0, "operatingExpenses": 565832000, "costAndExpenses": 565832000, "interestIncome": 0, "interestExpense": 0, "depreciationAndAmortization": 33406000, "ebitda": 62084000, "ebitdaratio": 0.1044288574, "operatingIncome": 28678000, "operatingIncomeRatio": 0.0482380448, "totalOtherIncomeExpensesNet": 0, "incomeBeforeTax": 0, "incomeBeforeTaxRatio": 0, "incomeTaxExpense": 18889000, "netIncome": 9789000, "netIncomeRatio": 0.0164656608, "eps": 0.45, "epsdiluted": 0.45, "weightedAverageShsOut": 21847500, "weightedAverageShsOutDil": 21915672, "link": "", "finalLink": "", "calculatedOtherExpenses": 565832000, "calculatedOperatingExpenses": 565832000, "calculatedNetInterest": 0, "calculatedOtherIncome": -28678000, "calculatedIncomeNonControlling": -28678000, "calculatedEbitda": 62084000}, {"date": "1998-12-31", "symbol": "SAIA", "reportedCurrency": "USD", "cik": "0001177702", "fillingDate": "1998-12-31", "acceptedDate": "1998-12-30 19:00:00", "calendarYear": "1998", "period": "FY", "revenue": 407960000, "costOfRevenue": 0, "grossProfit": 407960000, "grossProfitRatio": 1, "researchAndDevelopmentExpenses": 0, "generalAndAdministrativeExpenses": 0, "sellingAndMarketingExpenses": 0, "sellingGeneralAndAdministrativeExpenses": 0, "otherExpenses": 0, "operatingExpenses": 385864000, "costAndExpenses": 385864000, "interestIncome": 0, "interestExpense": 0, "depreciationAndAmortization": 19876000, "ebitda": 41972000, "ebitdaratio": 0.1028826356, "operatingIncome": 22096000, "operatingIncomeRatio": 0.0541621728, "totalOtherIncomeExpensesNet": 0, "incomeBeforeTax": 0, "incomeBeforeTaxRatio": 0, "incomeTaxExpense": 12909000, "netIncome": 9187000, "netIncomeRatio": 0.0225193646, "eps": 0.42, "epsdiluted": 0.42, "weightedAverageShsOut": 21847500, "weightedAverageShsOutDil": 21873810, "link": "", "finalLink": "", "calculatedOtherExpenses": 385864000, "calculatedOperatingExpenses": 385864000, "calculatedNetInterest": 0, "calculatedOtherIncome": -22096000, "calculatedIncomeNonControlling": -22096000, "calculatedEbitda": 41972000}]}