{"originalCurrency": "USD", "convertedCurrency": "USD", "report": [{"date": "2024-02-02", "symbol": "SAIC", "reportedCurrency": "USD", "cik": "0001571123", "fillingDate": "2024-03-20", "acceptedDate": "2024-03-20 17:02:14", "calendarYear": "2024", "period": "FY", "revenue": 7444000000, "costOfRevenue": 6572000000, "grossProfit": 872000000, "grossProfitRatio": 0.1171413219, "researchAndDevelopmentExpenses": 0, "generalAndAdministrativeExpenses": 0, "sellingAndMarketingExpenses": 0, "sellingGeneralAndAdministrativeExpenses": 373000000, "otherExpenses": -1000000, "operatingExpenses": 370000000, "costAndExpenses": 6942000000, "interestIncome": 0, "interestExpense": 120000000, "depreciationAndAmortization": 142000000, "ebitda": 643000000, "ebitdaratio": 0.0863782912, "operatingIncome": 741000000, "operatingIncomeRatio": 0.0995432563, "totalOtherIncomeExpensesNet": 238000000, "incomeBeforeTax": 620000000, "incomeBeforeTaxRatio": 0.0832885545, "incomeTaxExpense": 143000000, "netIncome": 477000000, "netIncomeRatio": 0.0640784524, "eps": 8.98, "epsdiluted": 8.88, "weightedAverageShsOut": 53100000, "weightedAverageShsOutDil": 53700000, "link": "https://www.sec.gov/Archives/edgar/data/1571123/000157112324000045/0001571123-24-000045-index.htm", "finalLink": "https://www.sec.gov/Archives/edgar/data/1571123/000157112324000045/saic-20240202.htm", "calculatedOtherExpenses": -242000000, "calculatedOperatingExpenses": 131000000, "calculatedNetInterest": -120000000, "calculatedOtherIncome": -1000000, "calculatedIncomeNonControlling": 0, "calculatedEbitda": 883000000}, {"date": "2023-02-03", "symbol": "SAIC", "reportedCurrency": "USD", "cik": "0001571123", "fillingDate": "2023-04-03", "acceptedDate": "2023-04-03 16:11:07", "calendarYear": "2023", "period": "FY", "revenue": 7704000000, "costOfRevenue": 6816000000, "grossProfit": 888000000, "grossProfitRatio": 0.1152647975, "researchAndDevelopmentExpenses": 9000000, "generalAndAdministrativeExpenses": 0, "sellingAndMarketingExpenses": 0, "sellingGeneralAndAdministrativeExpenses": 374000000, "otherExpenses": -6000000, "operatingExpenses": 374000000, "costAndExpenses": 7190000000, "interestIncome": 120000000, "interestExpense": 120000000, "depreciationAndAmortization": 164000000, "ebitda": 665000000, "ebitdaratio": 0.0863187954, "operatingIncome": 501000000, "operatingIncomeRatio": 0.0650311526, "totalOtherIncomeExpensesNet": -126000000, "incomeBeforeTax": 375000000, "incomeBeforeTaxRatio": 0.0486760125, "incomeTaxExpense": 72000000, "netIncome": 300000000, "netIncomeRatio": 0.03894081, "eps": 5.43, "epsdiluted": 5.38, "weightedAverageShsOut": 55300000, "weightedAverageShsOutDil": 55800000, "link": "https://www.sec.gov/Archives/edgar/data/1571123/000157112323000031/0001571123-23-000031-index.htm", "finalLink": "https://www.sec.gov/Archives/edgar/data/1571123/000157112323000031/saic-20230203.htm", "calculatedOtherExpenses": 4000000, "calculatedOperatingExpenses": 387000000, "calculatedNetInterest": 0, "calculatedOtherIncome": -126000000, "calculatedIncomeNonControlling": 3000000, "calculatedEbitda": 665000000}, {"date": "2022-01-28", "symbol": "SAIC", "reportedCurrency": "USD", "cik": "0001571123", "fillingDate": "2022-03-28", "acceptedDate": "2022-03-28 16:10:55", "calendarYear": "2022", "period": "FY", "revenue": 7394000000, "costOfRevenue": 6535000000, "grossProfit": 859000000, "grossProfitRatio": 0.1161752773, "researchAndDevelopmentExpenses": 13000000, "generalAndAdministrativeExpenses": 0, "sellingAndMarketingExpenses": 0, "sellingGeneralAndAdministrativeExpenses": 344000000, "otherExpenses": -3000000, "operatingExpenses": 341000000, "costAndExpenses": 6876000000, "interestIncome": 105000000, "interestExpense": 105000000, "depreciationAndAmortization": 222000000, "ebitda": 684000000, "ebitdaratio": 0.0925074385, "operatingIncome": 462000000, "operatingIncomeRatio": 0.0624830944, "totalOtherIncomeExpensesNet": -104000000, "incomeBeforeTax": 358000000, "incomeBeforeTaxRatio": 0.0484176359, "incomeTaxExpense": 79000000, "netIncome": 277000000, "netIncomeRatio": 0.0374628077, "eps": 4.81, "epsdiluted": 4.77, "weightedAverageShsOut": 57600000, "weightedAverageShsOutDil": 58100000, "link": "https://www.sec.gov/Archives/edgar/data/1571123/000157112322000007/0001571123-22-000007-index.htm", "finalLink": "https://www.sec.gov/Archives/edgar/data/1571123/000157112322000007/saic-20220128.htm", "calculatedOtherExpenses": 40000000, "calculatedOperatingExpenses": 397000000, "calculatedNetInterest": 0, "calculatedOtherIncome": -104000000, "calculatedIncomeNonControlling": 2000000, "calculatedEbitda": 684000000}, {"date": "2021-01-29", "symbol": "SAIC", "reportedCurrency": "USD", "cik": "0001571123", "fillingDate": "2021-03-26", "acceptedDate": "2021-03-25 18:13:21", "calendarYear": "2021", "period": "FY", "revenue": 7056000000, "costOfRevenue": 6264000000, "grossProfit": 792000000, "grossProfitRatio": 0.112244898, "researchAndDevelopmentExpenses": 14000000, "generalAndAdministrativeExpenses": 0, "sellingAndMarketingExpenses": 0, "sellingGeneralAndAdministrativeExpenses": 352000000, "otherExpenses": -4000000, "operatingExpenses": 348000000, "costAndExpenses": 6612000000, "interestIncome": 122000000, "interestExpense": 122000000, "depreciationAndAmortization": 236000000, "ebitda": 626000000, "ebitdaratio": 0.0887188209, "operatingIncome": 390000000, "operatingIncomeRatio": 0.0552721088, "totalOtherIncomeExpensesNet": -119000000, "incomeBeforeTax": 271000000, "incomeBeforeTaxRatio": 0.0384070295, "incomeTaxExpense": 60000000, "netIncome": 209000000, "netIncomeRatio": 0.0296201814, "eps": 3.6, "epsdiluted": 3.56, "weightedAverageShsOut": 58100000, "weightedAverageShsOutDil": 58700000, "link": "https://www.sec.gov/Archives/edgar/data/1571123/000157112321000015/0001571123-21-000015-index.htm", "finalLink": "https://www.sec.gov/Archives/edgar/data/1571123/000157112321000015/saic-20210129.htm", "calculatedOtherExpenses": 36000000, "calculatedOperatingExpenses": 402000000, "calculatedNetInterest": 0, "calculatedOtherIncome": -119000000, "calculatedIncomeNonControlling": 2000000, "calculatedEbitda": 626000000}, {"date": "2020-01-31", "symbol": "SAIC", "reportedCurrency": "USD", "cik": "0001571123", "fillingDate": "2020-03-27", "acceptedDate": "2020-03-26 18:11:26", "calendarYear": "2020", "period": "FY", "revenue": 6379000000, "costOfRevenue": 5673000000, "grossProfit": 706000000, "grossProfitRatio": 0.1106756545, "researchAndDevelopmentExpenses": 18000000, "generalAndAdministrativeExpenses": 0, "sellingAndMarketingExpenses": 0, "sellingGeneralAndAdministrativeExpenses": 288000000, "otherExpenses": 6000000, "operatingExpenses": 288000000, "costAndExpenses": 5961000000, "interestIncome": 90000000, "interestExpense": 90000000, "depreciationAndAmortization": 192000000, "ebitda": 562000000, "ebitdaratio": 0.0881015833, "operatingIncome": 370000000, "operatingIncomeRatio": 0.0580028218, "totalOtherIncomeExpensesNet": -84000000, "incomeBeforeTax": 286000000, "incomeBeforeTaxRatio": 0.0448346136, "incomeTaxExpense": 57000000, "netIncome": 226000000, "netIncomeRatio": 0.0354287506, "eps": 3.87, "epsdiluted": 3.83, "weightedAverageShsOut": 58400000, "weightedAverageShsOutDil": 59000000, "link": "https://www.sec.gov/Archives/edgar/data/1571123/000157112320000013/0001571123-20-000013-index.htm", "finalLink": "https://www.sec.gov/Archives/edgar/data/1571123/000157112320000013/saic2020-01x3110xk.htm", "calculatedOtherExpenses": 30000000, "calculatedOperatingExpenses": 336000000, "calculatedNetInterest": 0, "calculatedOtherIncome": -84000000, "calculatedIncomeNonControlling": 3000000, "calculatedEbitda": 562000000}, {"date": "2019-02-01", "symbol": "SAIC", "reportedCurrency": "USD", "cik": "0001571123", "fillingDate": "2019-03-29", "acceptedDate": "2019-03-29 16:02:49", "calendarYear": "2019", "period": "FY", "revenue": 4659000000, "costOfRevenue": 4195000000, "grossProfit": 464000000, "grossProfitRatio": 0.0995921872, "researchAndDevelopmentExpenses": 5000000, "generalAndAdministrativeExpenses": 159000000, "sellingAndMarketingExpenses": -1000000, "sellingGeneralAndAdministrativeExpenses": 158000000, "otherExpenses": 3000000, "operatingExpenses": 158000000, "costAndExpenses": 4353000000, "interestIncome": 0, "interestExpense": 53000000, "depreciationAndAmortization": 49000000, "ebitda": 358000000, "ebitdaratio": 0.0768405237, "operatingIncome": 220000000, "operatingIncomeRatio": 0.0472204336, "totalOtherIncomeExpensesNet": -83000000, "incomeBeforeTax": 170000000, "incomeBeforeTaxRatio": 0.0364885168, "incomeTaxExpense": 33000000, "netIncome": 137000000, "netIncomeRatio": 0.0294054518, "eps": 3.16, "epsdiluted": 3.11, "weightedAverageShsOut": 43400000, "weightedAverageShsOutDil": 44100000, "link": "https://www.sec.gov/Archives/edgar/data/1571123/000157112319000004/0001571123-19-000004-index.htm", "finalLink": "https://www.sec.gov/Archives/edgar/data/1571123/000157112319000004/saic2019-02x0110xk.htm", "calculatedOtherExpenses": 81000000, "calculatedOperatingExpenses": 244000000, "calculatedNetInterest": -53000000, "calculatedOtherIncome": 3000000, "calculatedIncomeNonControlling": 0, "calculatedEbitda": 269000000}, {"date": "2018-02-02", "symbol": "SAIC", "reportedCurrency": "USD", "cik": "0001571123", "fillingDate": "2018-03-29", "acceptedDate": "2018-03-29 16:15:43", "calendarYear": "2018", "period": "FY", "revenue": 4454000000, "costOfRevenue": 4043000000, "grossProfit": 411000000, "grossProfitRatio": 0.0922766053, "researchAndDevelopmentExpenses": 4000000, "generalAndAdministrativeExpenses": 144000000, "sellingAndMarketingExpenses": 11000000, "sellingGeneralAndAdministrativeExpenses": 155000000, "otherExpenses": 2000000, "operatingExpenses": 155000000, "costAndExpenses": 4198000000, "interestIncome": 0, "interestExpense": 44000000, "depreciationAndAmortization": 46000000, "ebitda": 304000000, "ebitdaratio": 0.0682532555, "operatingIncome": 256000000, "operatingIncomeRatio": 0.0574764257, "totalOtherIncomeExpensesNet": 2000000, "incomeBeforeTax": 214000000, "incomeBeforeTaxRatio": 0.0480466996, "incomeTaxExpense": 35000000, "netIncome": 179000000, "netIncomeRatio": 0.0401885945, "eps": 4.13, "epsdiluted": 4.02, "weightedAverageShsOut": 43300000, "weightedAverageShsOutDil": 44500000, "link": "https://www.sec.gov/Archives/edgar/data/1571123/000157112318000010/0001571123-18-000010-index.htm", "finalLink": "https://www.sec.gov/Archives/edgar/data/1571123/000157112318000010/saic2017-03x3010xk.htm", "calculatedOtherExpenses": -4000000, "calculatedOperatingExpenses": 155000000, "calculatedNetInterest": -44000000, "calculatedOtherIncome": 2000000, "calculatedIncomeNonControlling": 0, "calculatedEbitda": 302000000}, {"date": "2017-02-03", "symbol": "SAIC", "reportedCurrency": "USD", "cik": "0001571123", "fillingDate": "2017-03-30", "acceptedDate": "2017-03-30 16:38:37", "calendarYear": "2017", "period": "FY", "revenue": 4450000000, "costOfRevenue": 4003000000, "grossProfit": 447000000, "grossProfitRatio": 0.1004494382, "researchAndDevelopmentExpenses": 4000000, "generalAndAdministrativeExpenses": 172000000, "sellingAndMarketingExpenses": -6000000, "sellingGeneralAndAdministrativeExpenses": 166000000, "otherExpenses": 1000000, "operatingExpenses": 166000000, "costAndExpenses": 4169000000, "interestIncome": 0, "interestExpense": 52000000, "depreciationAndAmortization": 53000000, "ebitda": 335000000, "ebitdaratio": 0.0752808989, "operatingIncome": 271000000, "operatingIncomeRatio": 0.0608988764, "totalOtherIncomeExpensesNet": -9000000, "incomeBeforeTax": 220000000, "incomeBeforeTaxRatio": 0.0494382022, "incomeTaxExpense": 72000000, "netIncome": 148000000, "netIncomeRatio": 0.033258427, "eps": 3.21, "epsdiluted": 3.12, "weightedAverageShsOut": 44500000, "weightedAverageShsOutDil": 45900000, "link": "https://www.sec.gov/Archives/edgar/data/1571123/000156459017005636/0001564590-17-005636-index.htm", "finalLink": "https://www.sec.gov/Archives/edgar/data/1571123/000156459017005636/saic-10k_20170203.htm", "calculatedOtherExpenses": 6000000, "calculatedOperatingExpenses": 176000000, "calculatedNetInterest": -52000000, "calculatedOtherIncome": 1000000, "calculatedIncomeNonControlling": 0, "calculatedEbitda": 324000000}, {"date": "2016-01-29", "symbol": "SAIC", "reportedCurrency": "USD", "cik": "0001571123", "fillingDate": "2016-03-29", "acceptedDate": "2016-03-29 16:23:50", "calendarYear": "2016", "period": "FY", "revenue": 4315000000, "costOfRevenue": 3904000000, "grossProfit": 411000000, "grossProfitRatio": 0.0952491309, "researchAndDevelopmentExpenses": 4000000, "generalAndAdministrativeExpenses": 154000000, "sellingAndMarketingExpenses": 4000000, "sellingGeneralAndAdministrativeExpenses": 158000000, "otherExpenses": 26000000, "operatingExpenses": 158000000, "costAndExpenses": 4062000000, "interestIncome": 0, "interestExpense": 44000000, "depreciationAndAmortization": 62000000, "ebitda": 315000000, "ebitdaratio": 0.0730011587, "operatingIncome": 227000000, "operatingIncomeRatio": 0.0526071842, "totalOtherIncomeExpensesNet": -26000000, "incomeBeforeTax": 183000000, "incomeBeforeTaxRatio": 0.042410197, "incomeTaxExpense": 66000000, "netIncome": 117000000, "netIncomeRatio": 0.0271147161, "eps": 2.55, "epsdiluted": 2.47, "weightedAverageShsOut": 45800000, "weightedAverageShsOutDil": 47400000, "link": "https://www.sec.gov/Archives/edgar/data/1571123/000156459016015504/0001564590-16-015504-index.htm", "finalLink": "https://www.sec.gov/Archives/edgar/data/1571123/000156459016015504/saic-10k_20160129.htm", "calculatedOtherExpenses": 22000000, "calculatedOperatingExpenses": 184000000, "calculatedNetInterest": -44000000, "calculatedOtherIncome": 0, "calculatedIncomeNonControlling": 0, "calculatedEbitda": 289000000}, {"date": "2015-01-30", "symbol": "SAIC", "reportedCurrency": "USD", "cik": "0001571123", "fillingDate": "2015-03-31", "acceptedDate": "2015-03-31 16:51:49", "calendarYear": "2015", "period": "FY", "revenue": 3885000000, "costOfRevenue": 3550000000, "grossProfit": 335000000, "grossProfitRatio": 0.0862290862, "researchAndDevelopmentExpenses": 5000000, "generalAndAdministrativeExpenses": 90000000, "sellingAndMarketingExpenses": 5000000, "sellingGeneralAndAdministrativeExpenses": 95000000, "otherExpenses": 0, "operatingExpenses": 95000000, "costAndExpenses": 3645000000, "interestIncome": 0, "interestExpense": 17000000, "depreciationAndAmortization": 21000000, "ebitda": 261000000, "ebitdaratio": 0.0671814672, "operatingIncome": 240000000, "operatingIncomeRatio": 0.0617760618, "totalOtherIncomeExpensesNet": -17000000, "incomeBeforeTax": 223000000, "incomeBeforeTaxRatio": 0.0574002574, "incomeTaxExpense": 82000000, "netIncome": 141000000, "netIncomeRatio": 0.0362934363, "eps": 3.01, "epsdiluted": 2.91, "weightedAverageShsOut": 46900000, "weightedAverageShsOutDil": 48500000, "link": "https://www.sec.gov/Archives/edgar/data/1571123/000156459015002280/0001564590-15-002280-index.htm", "finalLink": "https://www.sec.gov/Archives/edgar/data/1571123/000156459015002280/saic-10k_20150130.htm", "calculatedOtherExpenses": -5000000, "calculatedOperatingExpenses": 95000000, "calculatedNetInterest": -17000000, "calculatedOtherIncome": 0, "calculatedIncomeNonControlling": 0, "calculatedEbitda": 261000000}, {"date": "2014-01-31", "symbol": "SAIC", "reportedCurrency": "USD", "cik": "0001571123", "fillingDate": "2014-04-09", "acceptedDate": "2014-04-08 20:20:29", "calendarYear": "2014", "period": "FY", "revenue": 4121000000, "costOfRevenue": 3788000000, "grossProfit": 333000000, "grossProfitRatio": 0.0808056297, "researchAndDevelopmentExpenses": 0, "generalAndAdministrativeExpenses": 92000000, "sellingAndMarketingExpenses": 0, "sellingGeneralAndAdministrativeExpenses": 92000000, "otherExpenses": 0, "operatingExpenses": 92000000, "costAndExpenses": 3880000000, "interestIncome": 0, "interestExpense": 7000000, "depreciationAndAmortization": 13000000, "ebitda": 254000000, "ebitdaratio": 0.0616355254, "operatingIncome": 183000000, "operatingIncomeRatio": 0.0444066974, "totalOtherIncomeExpensesNet": -58000000, "incomeBeforeTax": 176000000, "incomeBeforeTaxRatio": 0.0427080806, "incomeTaxExpense": 63000000, "netIncome": 113000000, "netIncomeRatio": 0.027420529, "eps": 2.33, "epsdiluted": 2.27, "weightedAverageShsOut": 48600000, "weightedAverageShsOutDil": 49700000, "link": "https://www.sec.gov/Archives/edgar/data/1571123/000119312514135913/0001193125-14-135913-index.htm", "finalLink": "https://www.sec.gov/Archives/edgar/data/1571123/000119312514135913/d648713d10k.htm", "calculatedOtherExpenses": 58000000, "calculatedOperatingExpenses": 150000000, "calculatedNetInterest": -7000000, "calculatedOtherIncome": 0, "calculatedIncomeNonControlling": 0, "calculatedEbitda": 196000000}, {"date": "2013-01-31", "symbol": "SAIC", "reportedCurrency": "USD", "cik": "0001571123", "fillingDate": "2013-01-31", "acceptedDate": "2013-01-30 19:00:00", "calendarYear": "2013", "period": "FY", "revenue": 11173000000, "costOfRevenue": 9809000000, "grossProfit": 1364000000, "grossProfitRatio": 0.1220800143, "researchAndDevelopmentExpenses": 0, "generalAndAdministrativeExpenses": 0, "sellingAndMarketingExpenses": 0, "sellingGeneralAndAdministrativeExpenses": 592000000, "otherExpenses": 8000000, "operatingExpenses": 592000000, "costAndExpenses": 10401000000, "interestIncome": 10000000, "interestExpense": 93000000, "depreciationAndAmortization": 113000000, "ebitda": 903000000, "ebitdaratio": 0.0808198335, "operatingIncome": 734000000, "operatingIncomeRatio": 0.065694084, "totalOtherIncomeExpensesNet": -30000000, "incomeBeforeTax": 659000000, "incomeBeforeTaxRatio": 0.0589814732, "incomeTaxExpense": 135000000, "netIncome": 526000000, "netIncomeRatio": 0.0470777768, "eps": 0.55, "epsdiluted": 0.55, "weightedAverageShsOut": 329000000, "weightedAverageShsOutDil": 329000000, "link": "", "finalLink": "", "calculatedOtherExpenses": 38000000, "calculatedOperatingExpenses": 630000000, "calculatedNetInterest": -83000000, "calculatedOtherIncome": 8000000, "calculatedIncomeNonControlling": -2000000, "calculatedEbitda": 847000000}, {"date": "2012-01-31", "symbol": "SAIC", "reportedCurrency": "USD", "cik": "0001571123", "fillingDate": "2012-01-31", "acceptedDate": "2012-01-30 19:00:00", "calendarYear": "2012", "period": "FY", "revenue": 10587000000, "costOfRevenue": 9606000000, "grossProfit": 981000000, "grossProfitRatio": 0.0926608104, "researchAndDevelopmentExpenses": 0, "generalAndAdministrativeExpenses": 0, "sellingAndMarketingExpenses": 0, "sellingGeneralAndAdministrativeExpenses": 670000000, "otherExpenses": 5000000, "operatingExpenses": 670000000, "costAndExpenses": 10276000000, "interestIncome": 5000000, "interestExpense": 119000000, "depreciationAndAmortization": 114000000, "ebitda": 435000000, "ebitdaratio": 0.0410881269, "operatingIncome": 311000000, "operatingIncomeRatio": 0.0293756494, "totalOtherIncomeExpensesNet": 5000000, "incomeBeforeTax": 202000000, "incomeBeforeTaxRatio": 0.0190800038, "incomeTaxExpense": 213000000, "netIncome": 56000000, "netIncomeRatio": 0.005289506, "eps": 0.55, "epsdiluted": 0.55, "weightedAverageShsOut": 329000000, "weightedAverageShsOutDil": 329000000, "link": "", "finalLink": "", "calculatedOtherExpenses": 0, "calculatedOperatingExpenses": 670000000, "calculatedNetInterest": -114000000, "calculatedOtherIncome": 5000000, "calculatedIncomeNonControlling": -67000000, "calculatedEbitda": 425000000}, {"date": "2011-01-31", "symbol": "SAIC", "reportedCurrency": "USD", "cik": "0001571123", "fillingDate": "2011-01-31", "acceptedDate": "2011-01-30 19:00:00", "calendarYear": "2011", "period": "FY", "revenue": 10798000000, "costOfRevenue": 9374000000, "grossProfit": 1424000000, "grossProfitRatio": 0.1318762734, "researchAndDevelopmentExpenses": 0, "generalAndAdministrativeExpenses": 0, "sellingAndMarketingExpenses": 0, "sellingGeneralAndAdministrativeExpenses": 495000000, "otherExpenses": 2000000, "operatingExpenses": 495000000, "costAndExpenses": 9869000000, "interestIncome": 2000000, "interestExpense": 94000000, "depreciationAndAmortization": 110000000, "ebitda": 1043000000, "ebitdaratio": 0.0965919615, "operatingIncome": 929000000, "operatingIncomeRatio": 0.0860344508, "totalOtherIncomeExpensesNet": 2000000, "incomeBeforeTax": 839000000, "incomeBeforeTaxRatio": 0.077699574, "incomeTaxExpense": 300000000, "netIncome": 611000000, "netIncomeRatio": 0.0565845527, "eps": 1.81, "epsdiluted": 1.8, "weightedAverageShsOut": 338000000, "weightedAverageShsOutDil": 339000000, "link": "", "finalLink": "", "calculatedOtherExpenses": 0, "calculatedOperatingExpenses": 495000000, "calculatedNetInterest": -92000000, "calculatedOtherIncome": 2000000, "calculatedIncomeNonControlling": -72000000, "calculatedEbitda": 1039000000}, {"date": "2010-01-31", "symbol": "SAIC", "reportedCurrency": "USD", "cik": "0001571123", "fillingDate": "2010-01-31", "acceptedDate": "2010-01-30 19:00:00", "calendarYear": "2010", "period": "FY", "revenue": 10580000000, "costOfRevenue": 9151000000, "grossProfit": 1429000000, "grossProfitRatio": 0.1350661626, "researchAndDevelopmentExpenses": 0, "generalAndAdministrativeExpenses": 0, "sellingAndMarketingExpenses": 0, "sellingGeneralAndAdministrativeExpenses": 593000000, "otherExpenses": 6000000, "operatingExpenses": 593000000, "costAndExpenses": 9744000000, "interestIncome": 2000000, "interestExpense": 98000000, "depreciationAndAmortization": 90000000, "ebitda": 934000000, "ebitdaratio": 0.0882797732, "operatingIncome": 836000000, "operatingIncomeRatio": 0.0790170132, "totalOtherIncomeExpensesNet": 6000000, "incomeBeforeTax": 746000000, "incomeBeforeTaxRatio": 0.070510397, "incomeTaxExpense": 281000000, "netIncome": 482000000, "netIncomeRatio": 0.045557656, "eps": 1.43, "epsdiluted": 1.42, "weightedAverageShsOut": 338000000, "weightedAverageShsOutDil": 339000000, "link": "", "finalLink": "", "calculatedOtherExpenses": 0, "calculatedOperatingExpenses": 593000000, "calculatedNetInterest": -96000000, "calculatedOtherIncome": 6000000, "calculatedIncomeNonControlling": -17000000, "calculatedEbitda": 926000000}]}