{"originalCurrency": "USD", "convertedCurrency": "USD", "report": [{"date": "2023-12-30", "symbol": "SAM", "reportedCurrency": "USD", "cik": "0000949870", "fillingDate": "2024-02-27", "acceptedDate": "2024-02-27 16:20:38", "calendarYear": "2023", "period": "FY", "revenue": 2008625000, "costOfRevenue": 1156256000, "grossProfit": 852369000, "grossProfitRatio": 0.4243544713, "researchAndDevelopmentExpenses": 0, "generalAndAdministrativeExpenses": 174548000, "sellingAndMarketingExpenses": 555998000, "sellingGeneralAndAdministrativeExpenses": 730546000, "otherExpenses": -1408000, "operatingExpenses": 730546000, "costAndExpenses": 1886802000, "interestIncome": 10995000, "interestExpense": 10995000, "depreciationAndAmortization": 88141000, "ebitda": 209964000, "ebitdaratio": 0.1045312092, "operatingIncome": 121823000, "operatingIncomeRatio": 0.0606499471, "totalOtherIncomeExpensesNet": -12235000, "incomeBeforeTax": 109588000, "incomeBeforeTaxRatio": 0.0545587155, "incomeTaxExpense": 33338000, "netIncome": 76250000, "netIncomeRatio": 0.0379612919, "eps": 6.23, "epsdiluted": 6.21, "weightedAverageShsOut": 12243000, "weightedAverageShsOutDil": 12258000, "link": "https://www.sec.gov/Archives/edgar/data/949870/000095017024021189/0000950170-24-021189-index.htm", "finalLink": "https://www.sec.gov/Archives/edgar/data/949870/000095017024021189/sam-20231230.htm", "calculatedOtherExpenses": 0, "calculatedOperatingExpenses": 730546000, "calculatedNetInterest": 0, "calculatedOtherIncome": -12235000, "calculatedIncomeNonControlling": 0, "calculatedEbitda": 209964000}, {"date": "2022-12-31", "symbol": "SAM", "reportedCurrency": "USD", "cik": "0000949870", "fillingDate": "2023-02-22", "acceptedDate": "2023-02-22 16:52:15", "calendarYear": "2022", "period": "FY", "revenue": 2090334000, "costOfRevenue": 1228348000, "grossProfit": 861986000, "grossProfitRatio": 0.4123675929, "researchAndDevelopmentExpenses": 0, "generalAndAdministrativeExpenses": 157534000, "sellingAndMarketingExpenses": 578400000, "sellingGeneralAndAdministrativeExpenses": 735934000, "otherExpenses": -1916000, "operatingExpenses": 735934000, "costAndExpenses": 1964282000, "interestIncome": 2561000, "interestExpense": 2561000, "depreciationAndAmortization": 81356000, "ebitda": 242669000, "ebitdaratio": 0.116091017, "operatingIncome": 161313000, "operatingIncomeRatio": 0.077170921, "totalOtherIncomeExpensesNet": -69877000, "incomeBeforeTax": 91436000, "incomeBeforeTaxRatio": 0.0437422919, "incomeTaxExpense": 24173000, "netIncome": 67263000, "netIncomeRatio": 0.0321781112, "eps": 5.46, "epsdiluted": 5.44, "weightedAverageShsOut": 12317000, "weightedAverageShsOutDil": 12345000, "link": "https://www.sec.gov/Archives/edgar/data/949870/000095017023003802/0000950170-23-003802-index.htm", "finalLink": "https://www.sec.gov/Archives/edgar/data/949870/000095017023003802/sam-20221231.htm", "calculatedOtherExpenses": -35261000, "calculatedOperatingExpenses": 700673000, "calculatedNetInterest": 0, "calculatedOtherIncome": -69877000, "calculatedIncomeNonControlling": 0, "calculatedEbitda": 242669000}, {"date": "2021-12-25", "symbol": "SAM", "reportedCurrency": "USD", "cik": "0000949870", "fillingDate": "2022-02-22", "acceptedDate": "2022-02-22 16:20:20", "calendarYear": "2021", "period": "FY", "revenue": 2057622000, "costOfRevenue": 1259830000, "grossProfit": 797792000, "grossProfitRatio": 0.3877252479, "researchAndDevelopmentExpenses": 0, "generalAndAdministrativeExpenses": 133624000, "sellingAndMarketingExpenses": 606994000, "sellingGeneralAndAdministrativeExpenses": 740618000, "otherExpenses": -978000, "operatingExpenses": 740618000, "costAndExpenses": 2000448000, "interestIncome": 110000, "interestExpense": 110000, "depreciationAndAmortization": 72096000, "ebitda": 178447000, "ebitdaratio": 0.0867248698, "operatingIncome": 106351000, "operatingIncomeRatio": 0.0516863642, "totalOtherIncomeExpensesNet": -99442000, "incomeBeforeTax": 6909000, "incomeBeforeTaxRatio": 0.0033577596, "incomeTaxExpense": -7644000, "netIncome": 14553000, "netIncomeRatio": 0.0070727276, "eps": 1.19, "epsdiluted": 1.17, "weightedAverageShsOut": 12280000, "weightedAverageShsOutDil": 12436000, "link": "https://www.sec.gov/Archives/edgar/data/949870/000095017022001616/0000950170-22-001616-index.htm", "finalLink": "https://www.sec.gov/Archives/edgar/data/949870/000095017022001616/sam-20211225.htm", "calculatedOtherExpenses": -49177000, "calculatedOperatingExpenses": 691441000, "calculatedNetInterest": 0, "calculatedOtherIncome": -99442000, "calculatedIncomeNonControlling": 0, "calculatedEbitda": 178447000}, {"date": "2020-12-26", "symbol": "SAM", "reportedCurrency": "USD", "cik": "0000949870", "fillingDate": "2021-02-17", "acceptedDate": "2021-02-17 16:37:19", "calendarYear": "2020", "period": "FY", "revenue": 1736432000, "costOfRevenue": 921980000, "grossProfit": 814452000, "grossProfitRatio": 0.4690376588, "researchAndDevelopmentExpenses": 0, "generalAndAdministrativeExpenses": 118211000, "sellingAndMarketingExpenses": 447568000, "sellingGeneralAndAdministrativeExpenses": 565779000, "otherExpenses": 222000, "operatingExpenses": 565779000, "costAndExpenses": 1487759000, "interestIncome": 199000, "interestExpense": 199000, "depreciationAndAmortization": 74589000, "ebitda": 318796000, "ebitdaratio": 0.1835925622, "operatingIncome": 244207000, "operatingIncomeRatio": 0.1406372377, "totalOtherIncomeExpensesNet": 23000, "incomeBeforeTax": 244230000, "incomeBeforeTaxRatio": 0.1406504833, "incomeTaxExpense": 52270000, "netIncome": 191960000, "netIncomeRatio": 0.1105485271, "eps": 15.83, "epsdiluted": 15.53, "weightedAverageShsOut": 12130074, "weightedAverageShsOutDil": 12283000, "link": "https://www.sec.gov/Archives/edgar/data/949870/000156459021006397/0001564590-21-006397-index.htm", "finalLink": "https://www.sec.gov/Archives/edgar/data/949870/000156459021006397/sam-10k_20201226.htm", "calculatedOtherExpenses": 4466000, "calculatedOperatingExpenses": 570245000, "calculatedNetInterest": 0, "calculatedOtherIncome": 23000, "calculatedIncomeNonControlling": 0, "calculatedEbitda": 318796000}, {"date": "2019-12-28", "symbol": "SAM", "reportedCurrency": "USD", "cik": "0000949870", "fillingDate": "2020-02-19", "acceptedDate": "2020-02-19 16:28:03", "calendarYear": "2019", "period": "FY", "revenue": 1249824000, "costOfRevenue": 635658000, "grossProfit": 614166000, "grossProfitRatio": 0.4914019894, "researchAndDevelopmentExpenses": 0, "generalAndAdministrativeExpenses": 112730000, "sellingAndMarketingExpenses": 355613000, "sellingGeneralAndAdministrativeExpenses": 468343000, "otherExpenses": -1189000, "operatingExpenses": 468343000, "costAndExpenses": 1104001000, "interestIncome": 647000, "interestExpense": 0, "depreciationAndAmortization": 58093000, "ebitda": 203005000, "ebitdaratio": 0.1624268697, "operatingIncome": 144912000, "operatingIncomeRatio": 0.1159459252, "totalOtherIncomeExpensesNet": -542000, "incomeBeforeTax": 144370000, "incomeBeforeTaxRatio": 0.1155122641, "incomeTaxExpense": 34329000, "netIncome": 110041000, "netIncomeRatio": 0.0880451968, "eps": 9.26, "epsdiluted": 9.16, "weightedAverageShsOut": 11886000, "weightedAverageShsOutDil": 11908000, "link": "https://www.sec.gov/Archives/edgar/data/949870/000119312520041944/0001193125-20-041944-index.htm", "finalLink": "https://www.sec.gov/Archives/edgar/data/949870/000119312520041944/d860744d10k.htm", "calculatedOtherExpenses": 911000, "calculatedOperatingExpenses": 469254000, "calculatedNetInterest": 647000, "calculatedOtherIncome": -1189000, "calculatedIncomeNonControlling": 0, "calculatedEbitda": 203005000}, {"date": "2018-12-29", "symbol": "SAM", "reportedCurrency": "USD", "cik": "0000949870", "fillingDate": "2019-02-20", "acceptedDate": "2019-02-20 16:33:00", "calendarYear": "2018", "period": "FY", "revenue": 995649000, "costOfRevenue": 483406000, "grossProfit": 512243000, "grossProfitRatio": 0.514481509, "researchAndDevelopmentExpenses": 0, "generalAndAdministrativeExpenses": 90857000, "sellingAndMarketingExpenses": 304853000, "sellingGeneralAndAdministrativeExpenses": 395710000, "otherExpenses": -887000, "operatingExpenses": 395710000, "costAndExpenses": 879116000, "interestIncome": 1292000, "interestExpense": 1292000, "depreciationAndAmortization": 51968000, "ebitda": 169153000, "ebitdaratio": 0.169892201, "operatingIncome": 115881000, "operatingIncomeRatio": 0.1163874016, "totalOtherIncomeExpensesNet": -1539000, "incomeBeforeTax": 116286000, "incomeBeforeTaxRatio": 0.1167941714, "incomeTaxExpense": 23623000, "netIncome": 92663000, "netIncomeRatio": 0.0930679386, "eps": 7.97, "epsdiluted": 7.9, "weightedAverageShsOut": 11622000, "weightedAverageShsOutDil": 11734000, "link": "https://www.sec.gov/Archives/edgar/data/949870/000119312519045425/0001193125-19-045425-index.htm", "finalLink": "https://www.sec.gov/Archives/edgar/data/949870/000119312519045425/d681882d10k.htm", "calculatedOtherExpenses": 652000, "calculatedOperatingExpenses": 396362000, "calculatedNetInterest": 0, "calculatedOtherIncome": 405000, "calculatedIncomeNonControlling": 0, "calculatedEbitda": 167849000}, {"date": "2017-12-30", "symbol": "SAM", "reportedCurrency": "USD", "cik": "0000949870", "fillingDate": "2018-02-21", "acceptedDate": "2018-02-21 16:31:16", "calendarYear": "2017", "period": "FY", "revenue": 862992000, "costOfRevenue": 413091000, "grossProfit": 449901000, "grossProfitRatio": 0.5213269648, "researchAndDevelopmentExpenses": 0, "generalAndAdministrativeExpenses": 73126000, "sellingAndMarketingExpenses": 258649000, "sellingGeneralAndAdministrativeExpenses": 331775000, "otherExpenses": -82000, "operatingExpenses": 331775000, "costAndExpenses": 744866000, "interestIncome": 549000, "interestExpense": 549000, "depreciationAndAmortization": 51256000, "ebitda": 171833000, "ebitdaratio": 0.1991130856, "operatingIncome": 115675000, "operatingIncomeRatio": 0.1340394812, "totalOtherIncomeExpensesNet": -2533000, "incomeBeforeTax": 116142000, "incomeBeforeTaxRatio": 0.1345806218, "incomeTaxExpense": 17093000, "netIncome": 99049000, "netIncomeRatio": 0.1147739492, "eps": 8.18, "epsdiluted": 8.09, "weightedAverageShsOut": 12035000, "weightedAverageShsOutDil": 12180000, "link": "https://www.sec.gov/Archives/edgar/data/949870/000119312518052024/0001193125-18-052024-index.htm", "finalLink": "https://www.sec.gov/Archives/edgar/data/949870/000119312518052024/d518850d10k.htm", "calculatedOtherExpenses": 2451000, "calculatedOperatingExpenses": 334226000, "calculatedNetInterest": 0, "calculatedOtherIncome": 467000, "calculatedIncomeNonControlling": 0, "calculatedEbitda": 166931000}, {"date": "2016-12-31", "symbol": "SAM", "reportedCurrency": "USD", "cik": "0000949870", "fillingDate": "2017-02-22", "acceptedDate": "2017-02-22 16:36:07", "calendarYear": "2016", "period": "FY", "revenue": 906446000, "costOfRevenue": 446776000, "grossProfit": 459670000, "grossProfitRatio": 0.5071123928, "researchAndDevelopmentExpenses": 0, "generalAndAdministrativeExpenses": 78033000, "sellingAndMarketingExpenses": 244213000, "sellingGeneralAndAdministrativeExpenses": 322246000, "otherExpenses": -706000, "operatingExpenses": 322246000, "costAndExpenses": 769022000, "interestIncome": 168000, "interestExpense": 168000, "depreciationAndAmortization": 49557000, "ebitda": 186746000, "ebitdaratio": 0.2060199946, "operatingIncome": 137659000, "operatingIncomeRatio": 0.1518667411, "totalOtherIncomeExpensesNet": -471000, "incomeBeforeTax": 137121000, "incomeBeforeTaxRatio": 0.1512732143, "incomeTaxExpense": 49772000, "netIncome": 87349000, "netIncomeRatio": 0.0963642622, "eps": 6.93, "epsdiluted": 6.79, "weightedAverageShsOut": 12533000, "weightedAverageShsOutDil": 12796000, "link": "https://www.sec.gov/Archives/edgar/data/949870/000119312517052150/0001193125-17-052150-index.htm", "finalLink": "https://www.sec.gov/Archives/edgar/data/949870/000119312517052150/d301299d10k.htm", "calculatedOtherExpenses": -235000, "calculatedOperatingExpenses": 322011000, "calculatedNetInterest": 0, "calculatedOtherIncome": -538000, "calculatedIncomeNonControlling": 0, "calculatedEbitda": 187216000}, {"date": "2015-12-26", "symbol": "SAM", "reportedCurrency": "USD", "cik": "0000949870", "fillingDate": "2016-02-18", "acceptedDate": "2016-02-18 16:36:51", "calendarYear": "2015", "period": "FY", "revenue": 959934000, "costOfRevenue": 458317000, "grossProfit": 501617000, "grossProfitRatio": 0.5225536339, "researchAndDevelopmentExpenses": 0, "generalAndAdministrativeExpenses": 71556000, "sellingAndMarketingExpenses": 273629000, "sellingGeneralAndAdministrativeExpenses": 345185000, "otherExpenses": -1220000, "operatingExpenses": 345185000, "costAndExpenses": 803502000, "interestIncome": 56000, "interestExpense": 56000, "depreciationAndAmortization": 42885000, "ebitda": 199575000, "ebitdaratio": 0.2079049185, "operatingIncome": 156174000, "operatingIncomeRatio": 0.1626924351, "totalOtherIncomeExpensesNet": -1478000, "incomeBeforeTax": 155010000, "incomeBeforeTaxRatio": 0.1614798517, "incomeTaxExpense": 56596000, "netIncome": 98414000, "netIncomeRatio": 0.1025216317, "eps": 7.46, "epsdiluted": 7.25, "weightedAverageShsOut": 13123000, "weightedAverageShsOutDil": 13520000, "link": "https://www.sec.gov/Archives/edgar/data/949870/000119312516468386/0001193125-16-468386-index.htm", "finalLink": "https://www.sec.gov/Archives/edgar/data/949870/000119312516468386/d101022d10k.htm", "calculatedOtherExpenses": 258000, "calculatedOperatingExpenses": 345443000, "calculatedNetInterest": 0, "calculatedOtherIncome": -1164000, "calculatedIncomeNonControlling": 0, "calculatedEbitda": 199059000}, {"date": "2014-12-27", "symbol": "SAM", "reportedCurrency": "USD", "cik": "0000949870", "fillingDate": "2015-02-24", "acceptedDate": "2015-02-24 16:39:41", "calendarYear": "2014", "period": "FY", "revenue": 903007000, "costOfRevenue": 437996000, "grossProfit": 465011000, "grossProfitRatio": 0.5149583558, "researchAndDevelopmentExpenses": 0, "generalAndAdministrativeExpenses": 65971000, "sellingAndMarketingExpenses": 250696000, "sellingGeneralAndAdministrativeExpenses": 316667000, "otherExpenses": -994000, "operatingExpenses": 316667000, "costAndExpenses": 754663000, "interestIncome": 21000, "interestExpense": 21000, "depreciationAndAmortization": 35138000, "ebitda": 185259000, "ebitdaratio": 0.2051578781, "operatingIncome": 146567000, "operatingIncomeRatio": 0.1623099267, "totalOtherIncomeExpensesNet": -2771000, "incomeBeforeTax": 145594000, "incomeBeforeTaxRatio": 0.1612324157, "incomeTaxExpense": 54851000, "netIncome": 90743000, "netIncomeRatio": 0.1004898079, "eps": 6.96, "epsdiluted": 6.69, "weightedAverageShsOut": 12968000, "weightedAverageShsOutDil": 13484000, "link": "https://www.sec.gov/Archives/edgar/data/949870/000119312515060122/0001193125-15-060122-index.htm", "finalLink": "https://www.sec.gov/Archives/edgar/data/949870/000119312515060122/d851668d10k.htm", "calculatedOtherExpenses": 1777000, "calculatedOperatingExpenses": 318444000, "calculatedNetInterest": 0, "calculatedOtherIncome": -973000, "calculatedIncomeNonControlling": 0, "calculatedEbitda": 181705000}, {"date": "2013-12-28", "symbol": "SAM", "reportedCurrency": "USD", "cik": "0000949870", "fillingDate": "2014-02-25", "acceptedDate": "2014-02-25 16:46:32", "calendarYear": "2013", "period": "FY", "revenue": 739053000, "costOfRevenue": 354131000, "grossProfit": 384922000, "grossProfitRatio": 0.5208313883, "researchAndDevelopmentExpenses": 0, "generalAndAdministrativeExpenses": 62332000, "sellingAndMarketingExpenses": 207930000, "sellingGeneralAndAdministrativeExpenses": 270262000, "otherExpenses": -583000, "operatingExpenses": 270262000, "costAndExpenses": 624393000, "interestIncome": 31000, "interestExpense": 31000, "depreciationAndAmortization": 25903000, "ebitda": 142130000, "ebitdaratio": 0.1923136771, "operatingIncome": 113093000, "operatingIncomeRatio": 0.153024208, "totalOtherIncomeExpensesNet": -2150000, "incomeBeforeTax": 112541000, "incomeBeforeTaxRatio": 0.1522773062, "incomeTaxExpense": 42149000, "netIncome": 70392000, "netIncomeRatio": 0.0952462137, "eps": 5.47, "epsdiluted": 5.18, "weightedAverageShsOut": 12766000, "weightedAverageShsOutDil": 13504000, "link": "https://www.sec.gov/Archives/edgar/data/949870/000119312514067410/0001193125-14-067410-index.htm", "finalLink": "https://www.sec.gov/Archives/edgar/data/949870/000119312514067410/d645258d10k.htm", "calculatedOtherExpenses": 1567000, "calculatedOperatingExpenses": 271829000, "calculatedNetInterest": 0, "calculatedOtherIncome": -552000, "calculatedIncomeNonControlling": 0, "calculatedEbitda": 138996000}, {"date": "2012-12-29", "symbol": "SAM", "reportedCurrency": "USD", "cik": "0000949870", "fillingDate": "2013-02-20", "acceptedDate": "2013-02-20 16:28:38", "calendarYear": "2012", "period": "FY", "revenue": 580222000, "costOfRevenue": 265012000, "grossProfit": 315210000, "grossProfitRatio": 0.5432575807, "researchAndDevelopmentExpenses": 0, "generalAndAdministrativeExpenses": 50171000, "sellingAndMarketingExpenses": 169306000, "sellingGeneralAndAdministrativeExpenses": 219477000, "otherExpenses": -98000, "operatingExpenses": 219477000, "costAndExpenses": 484489000, "interestIncome": 31000, "interestExpense": 31000, "depreciationAndAmortization": 20208000, "ebitda": 116090000, "ebitdaratio": 0.2000785906, "operatingIncome": 95584000, "operatingIncomeRatio": 0.1647369455, "totalOtherIncomeExpensesNet": -247000, "incomeBeforeTax": 95517000, "incomeBeforeTaxRatio": 0.1646214725, "incomeTaxExpense": 36050000, "netIncome": 59467000, "netIncomeRatio": 0.1024900814, "eps": 4.6, "epsdiluted": 4.39, "weightedAverageShsOut": 12914000, "weightedAverageShsOutDil": 13435000, "link": "https://www.sec.gov/Archives/edgar/data/949870/000119312513067288/0001193125-13-067288-index.htm", "finalLink": "https://www.sec.gov/Archives/edgar/data/949870/000119312513067288/d441934d10k.htm", "calculatedOtherExpenses": 149000, "calculatedOperatingExpenses": 219626000, "calculatedNetInterest": 0, "calculatedOtherIncome": -67000, "calculatedIncomeNonControlling": 0, "calculatedEbitda": 115792000}, {"date": "2011-12-31", "symbol": "SAM", "reportedCurrency": "USD", "cik": "0000949870", "fillingDate": "2012-02-22", "acceptedDate": "2012-02-22 16:27:15", "calendarYear": "2011", "period": "FY", "revenue": 513000000, "costOfRevenue": 228433000, "grossProfit": 284567000, "grossProfitRatio": 0.554711501, "researchAndDevelopmentExpenses": 0, "generalAndAdministrativeExpenses": 43485000, "sellingAndMarketingExpenses": 157261000, "sellingGeneralAndAdministrativeExpenses": 200746000, "otherExpenses": 0, "operatingExpenses": 200746000, "costAndExpenses": 429179000, "interestIncome": 54000, "interestExpense": 54000, "depreciationAndAmortization": 18792000, "ebitda": 82988000, "ebitdaratio": 0.1617699805, "operatingIncome": 103655000, "operatingIncomeRatio": 0.2020565302, "totalOtherIncomeExpensesNet": 19625000, "incomeBeforeTax": 103500000, "incomeBeforeTaxRatio": 0.201754386, "incomeTaxExpense": 37441000, "netIncome": 66059000, "netIncomeRatio": 0.1287699805, "eps": 5.08, "epsdiluted": 4.81, "weightedAverageShsOut": 13012000, "weightedAverageShsOutDil": 13741000, "link": "https://www.sec.gov/Archives/edgar/data/949870/000119312512072823/0001193125-12-072823-index.htm", "finalLink": "https://www.sec.gov/Archives/edgar/data/949870/000119312512072823/d299620d10k.htm", "calculatedOtherExpenses": -19834000, "calculatedOperatingExpenses": 180912000, "calculatedNetInterest": 0, "calculatedOtherIncome": -155000, "calculatedIncomeNonControlling": 0, "calculatedEbitda": 122447000}, {"date": "2010-12-25", "symbol": "SAM", "reportedCurrency": "USD", "cik": "0000949870", "fillingDate": "2011-03-08", "acceptedDate": "2011-03-08 16:40:58", "calendarYear": "2010", "period": "FY", "revenue": 463798000, "costOfRevenue": 207471000, "grossProfit": 256327000, "grossProfitRatio": 0.5526694811, "researchAndDevelopmentExpenses": 0, "generalAndAdministrativeExpenses": 39112000, "sellingAndMarketingExpenses": 135737000, "sellingGeneralAndAdministrativeExpenses": 174849000, "otherExpenses": 300000, "operatingExpenses": 174849000, "costAndExpenses": 382320000, "interestIncome": 79000, "interestExpense": 79000, "depreciationAndAmortization": 17427000, "ebitda": 99354000, "ebitdaratio": 0.2142182588, "operatingIncome": 81178000, "operatingIncomeRatio": 0.1750287841, "totalOtherIncomeExpensesNet": -449000, "incomeBeforeTax": 81108000, "incomeBeforeTaxRatio": 0.1748778563, "incomeTaxExpense": 30966000, "netIncome": 50142000, "netIncomeRatio": 0.1081117211, "eps": 3.67, "epsdiluted": 3.52, "weightedAverageShsOut": 13660000, "weightedAverageShsOutDil": 14228000, "link": "https://www.sec.gov/Archives/edgar/data/949870/000095012311023155/0000950123-11-023155-index.htm", "finalLink": "https://www.sec.gov/Archives/edgar/data/949870/000095012311023155/b84494e10vk.htm", "calculatedOtherExpenses": 300000, "calculatedOperatingExpenses": 175149000, "calculatedNetInterest": 0, "calculatedOtherIncome": -70000, "calculatedIncomeNonControlling": 0, "calculatedEbitda": 98605000}, {"date": "2009-12-26", "symbol": "SAM", "reportedCurrency": "USD", "cik": "0000949870", "fillingDate": "2010-03-09", "acceptedDate": "2010-03-09 16:27:36", "calendarYear": "2009", "period": "FY", "revenue": 415053000, "costOfRevenue": 201235000, "grossProfit": 213818000, "grossProfitRatio": 0.5151583051, "researchAndDevelopmentExpenses": 0, "generalAndAdministrativeExpenses": 36938000, "sellingAndMarketingExpenses": 121560000, "sellingGeneralAndAdministrativeExpenses": 158498000, "otherExpenses": 0, "operatingExpenses": 158498000, "costAndExpenses": 359733000, "interestIncome": 112000, "interestExpense": 112000, "depreciationAndAmortization": 16919000, "ebitda": 73304000, "ebitdaratio": 0.1766135891, "operatingIncome": 54271000, "operatingIncomeRatio": 0.1307567949, "totalOtherIncomeExpensesNet": -1065000, "incomeBeforeTax": 54367000, "incomeBeforeTaxRatio": 0.1309880907, "incomeTaxExpense": 23249000, "netIncome": 31118000, "netIncomeRatio": 0.0749735576, "eps": 2.21, "epsdiluted": 2.17, "weightedAverageShsOut": 14059000, "weightedAverageShsOutDil": 14356000, "link": "https://www.sec.gov/Archives/edgar/data/949870/000095012310022578/0000950123-10-022578-index.htm", "finalLink": "https://www.sec.gov/Archives/edgar/data/949870/000095012310022578/b78710e10vk.htm", "calculatedOtherExpenses": 1049000, "calculatedOperatingExpenses": 159547000, "calculatedNetInterest": 0, "calculatedOtherIncome": 96000, "calculatedIncomeNonControlling": 0, "calculatedEbitda": 71190000}, {"date": "2008-12-27", "symbol": "SAM", "reportedCurrency": "USD", "cik": "0000949870", "fillingDate": "2009-03-10", "acceptedDate": "2009-03-10 17:15:35", "calendarYear": "2008", "period": "FY", "revenue": 398400000, "costOfRevenue": 214513000, "grossProfit": 183887000, "grossProfitRatio": 0.461563755, "researchAndDevelopmentExpenses": 0, "generalAndAdministrativeExpenses": 34988000, "sellingAndMarketingExpenses": 132901000, "sellingGeneralAndAdministrativeExpenses": 167889000, "otherExpenses": 1936000, "operatingExpenses": 169825000, "costAndExpenses": 384338000, "interestIncome": 1604000, "interestExpense": -16000, "depreciationAndAmortization": 12503000, "ebitda": 28327000, "ebitdaratio": 0.0711019076, "operatingIncome": 14062000, "operatingIncomeRatio": 0.0352961847, "totalOtherIncomeExpensesNet": -1762000, "incomeBeforeTax": 15840000, "incomeBeforeTaxRatio": 0.0397590361, "incomeTaxExpense": 7752000, "netIncome": 8088000, "netIncomeRatio": 0.0203012048, "eps": 0.58, "epsdiluted": 0.56, "weightedAverageShsOut": 13927000, "weightedAverageShsOutDil": 14341000, "link": "https://www.sec.gov/Archives/edgar/data/949870/000095013509001646/0000950135-09-001646-index.htm", "finalLink": "https://www.sec.gov/Archives/edgar/data/949870/000095013509001646/b73467bbe10vk.htm", "calculatedOtherExpenses": 1936000, "calculatedOperatingExpenses": 169825000, "calculatedNetInterest": 1620000, "calculatedOtherIncome": 158000, "calculatedIncomeNonControlling": 0, "calculatedEbitda": 26565000}, {"date": "2007-12-29", "symbol": "SAM", "reportedCurrency": "USD", "cik": "0000949870", "fillingDate": "2008-03-13", "acceptedDate": "2008-03-13 15:15:12", "calendarYear": "2007", "period": "FY", "revenue": 341647000, "costOfRevenue": 152288000, "grossProfit": 189359000, "grossProfitRatio": 0.5542533668, "researchAndDevelopmentExpenses": 0, "generalAndAdministrativeExpenses": 24574000, "sellingAndMarketingExpenses": 124457000, "sellingGeneralAndAdministrativeExpenses": 149031000, "otherExpenses": 3443000, "operatingExpenses": 152474000, "costAndExpenses": 304762000, "interestIncome": 4252000, "interestExpense": -1823000, "depreciationAndAmortization": 6654000, "ebitda": 46475000, "ebitdaratio": 0.1360322204, "operatingIncome": 36885000, "operatingIncomeRatio": 0.107962312, "totalOtherIncomeExpensesNet": -2936000, "incomeBeforeTax": 41644000, "incomeBeforeTaxRatio": 0.1218918943, "incomeTaxExpense": 19153000, "netIncome": 22491000, "netIncomeRatio": 0.0658311064, "eps": 1.58, "epsdiluted": 1.53, "weightedAverageShsOut": 14193000, "weightedAverageShsOutDil": 14699000, "link": "https://www.sec.gov/Archives/edgar/data/949870/000095013508001751/0000950135-08-001751-index.htm", "finalLink": "https://www.sec.gov/Archives/edgar/data/949870/000095013508001751/b68447bbe10vk.htm", "calculatedOtherExpenses": 3443000, "calculatedOperatingExpenses": 152474000, "calculatedNetInterest": 6075000, "calculatedOtherIncome": -1316000, "calculatedIncomeNonControlling": 0, "calculatedEbitda": 43539000}, {"date": "2006-12-30", "symbol": "SAM", "reportedCurrency": "USD", "cik": "0000949870", "fillingDate": "2007-03-15", "acceptedDate": "2007-03-15 15:01:03", "calendarYear": "2006", "period": "FY", "revenue": 285431000, "costOfRevenue": 121155000, "grossProfit": 164276000, "grossProfitRatio": 0.5755366446, "researchAndDevelopmentExpenses": 0, "generalAndAdministrativeExpenses": 22657000, "sellingAndMarketingExpenses": 113669000, "sellingGeneralAndAdministrativeExpenses": 136326000, "otherExpenses": 0, "operatingExpenses": 136326000, "costAndExpenses": 257481000, "interestIncome": 3143000, "interestExpense": -4489000, "depreciationAndAmortization": 4991000, "ebitda": 32268000, "ebitdaratio": 0.1130500892, "operatingIncome": 27950000, "operatingIncomeRatio": 0.0979220898, "totalOtherIncomeExpensesNet": 673000, "incomeBeforeTax": 31766000, "incomeBeforeTaxRatio": 0.1112913454, "incomeTaxExpense": 13574000, "netIncome": 18192000, "netIncomeRatio": 0.0637351934, "eps": 1.31, "epsdiluted": 1.27, "weightedAverageShsOut": 13900000, "weightedAverageShsOutDil": 14375000, "link": "https://www.sec.gov/Archives/edgar/data/949870/000095013507001653/0000950135-07-001653-index.htm", "finalLink": "https://www.sec.gov/Archives/edgar/data/949870/000095013507001653/b63648bbe10vk.htm", "calculatedOtherExpenses": 0, "calculatedOperatingExpenses": 136326000, "calculatedNetInterest": 7632000, "calculatedOtherIncome": -3816000, "calculatedIncomeNonControlling": 0, "calculatedEbitda": 32941000}, {"date": "2005-12-31", "symbol": "SAM", "reportedCurrency": "USD", "cik": "0000949870", "fillingDate": "2006-03-15", "acceptedDate": "2006-03-15 17:29:37", "calendarYear": "2005", "period": "FY", "revenue": 238304000, "costOfRevenue": 96830000, "grossProfit": 141474000, "grossProfitRatio": 0.5936702699, "researchAndDevelopmentExpenses": 0, "generalAndAdministrativeExpenses": 17288000, "sellingAndMarketingExpenses": 100870000, "sellingGeneralAndAdministrativeExpenses": 118158000, "otherExpenses": 0, "operatingExpenses": 118158000, "costAndExpenses": 214988000, "interestIncome": 0, "interestExpense": -2645000, "depreciationAndAmortization": 4521000, "ebitda": 27395000, "ebitdaratio": 0.1149582046, "operatingIncome": 23316000, "operatingIncomeRatio": 0.0978414126, "totalOtherIncomeExpensesNet": 442000, "incomeBeforeTax": 25519000, "incomeBeforeTaxRatio": 0.1070859071, "incomeTaxExpense": 9960000, "netIncome": 15559000, "netIncomeRatio": 0.0652905532, "eps": 1.1, "epsdiluted": 1.07, "weightedAverageShsOut": 14126000, "weightedAverageShsOutDil": 14516000, "link": "https://www.sec.gov/Archives/edgar/data/949870/000095013506001623/0000950135-06-001623-index.htm", "finalLink": "https://www.sec.gov/Archives/edgar/data/949870/000095013506001623/b58477bbe10vk.htm", "calculatedOtherExpenses": 0, "calculatedOperatingExpenses": 118158000, "calculatedNetInterest": 2645000, "calculatedOtherIncome": -442000, "calculatedIncomeNonControlling": 0, "calculatedEbitda": 27837000}, {"date": "2004-12-25", "symbol": "SAM", "reportedCurrency": "USD", "cik": "0000949870", "fillingDate": "2005-03-11", "acceptedDate": "2005-03-11 17:26:43", "calendarYear": "2004", "period": "FY", "revenue": 217208000, "costOfRevenue": 87973000, "grossProfit": 129235000, "grossProfitRatio": 0.5949826894, "researchAndDevelopmentExpenses": 0, "generalAndAdministrativeExpenses": 14837000, "sellingAndMarketingExpenses": 94913000, "sellingGeneralAndAdministrativeExpenses": 109750000, "otherExpenses": 0, "operatingExpenses": 109750000, "costAndExpenses": 197723000, "interestIncome": 0, "interestExpense": -346000, "depreciationAndAmortization": 5025000, "ebitda": 24757000, "ebitdaratio": 0.1139783065, "operatingIncome": 19485000, "operatingIncomeRatio": 0.0897066406, "totalOtherIncomeExpensesNet": -247000, "incomeBeforeTax": 20078000, "incomeBeforeTaxRatio": 0.0924367427, "incomeTaxExpense": 7576000, "netIncome": 12502000, "netIncomeRatio": 0.0575577327, "eps": 0.89, "epsdiluted": 0.86, "weightedAverageShsOut": 14126000, "weightedAverageShsOutDil": 14518000, "link": "https://www.sec.gov/Archives/edgar/data/949870/000095013505001351/0000950135-05-001351-index.htm", "finalLink": "https://www.sec.gov/Archives/edgar/data/949870/000095013505001351/b53276bbe10vk.htm", "calculatedOtherExpenses": 0, "calculatedOperatingExpenses": 109750000, "calculatedNetInterest": 346000, "calculatedOtherIncome": 247000, "calculatedIncomeNonControlling": 0, "calculatedEbitda": 24510000}, {"date": "2003-12-27", "symbol": "SAM", "reportedCurrency": "USD", "cik": "0000949870", "fillingDate": "2004-03-11", "acceptedDate": "2004-03-11 16:11:06", "calendarYear": "2003", "period": "FY", "revenue": 207945000, "costOfRevenue": 85606000, "grossProfit": 122339000, "grossProfitRatio": 0.5883238356, "researchAndDevelopmentExpenses": 0, "generalAndAdministrativeExpenses": 14628000, "sellingAndMarketingExpenses": 91841000, "sellingGeneralAndAdministrativeExpenses": 106469000, "otherExpenses": -100000, "operatingExpenses": 106369000, "costAndExpenses": 191975000, "interestIncome": 0, "interestExpense": -1023000, "depreciationAndAmortization": 7106000, "ebitda": 23057000, "ebitdaratio": 0.1108802808, "operatingIncome": 15870000, "operatingIncomeRatio": 0.0763182572, "totalOtherIncomeExpensesNet": 19000, "incomeBeforeTax": 16974000, "incomeBeforeTaxRatio": 0.0816273534, "incomeTaxExpense": 6416000, "netIncome": 10558000, "netIncomeRatio": 0.0507730409, "eps": 0.72, "epsdiluted": 0.7, "weightedAverageShsOut": 14723000, "weightedAverageShsOutDil": 15000000, "link": "https://www.sec.gov/Archives/edgar/data/949870/000095013504001217/0000950135-04-001217-index.htm", "finalLink": "https://www.sec.gov/Archives/edgar/data/949870/000095013504001217/b48989bbe10vk.htm", "calculatedOtherExpenses": 0, "calculatedOperatingExpenses": 106469000, "calculatedNetInterest": 1023000, "calculatedOtherIncome": 81000, "calculatedIncomeNonControlling": 0, "calculatedEbitda": 22976000}, {"date": "2002-12-28", "symbol": "SAM", "reportedCurrency": "USD", "cik": "0000949870", "fillingDate": "2003-03-27", "acceptedDate": "2003-03-27 15:10:05", "calendarYear": "2002", "period": "FY", "revenue": 215355000, "costOfRevenue": 88367000, "grossProfit": 126988000, "grossProfitRatio": 0.5896682222, "researchAndDevelopmentExpenses": 0, "generalAndAdministrativeExpenses": 14586000, "sellingAndMarketingExpenses": 100734000, "sellingGeneralAndAdministrativeExpenses": 115320000, "otherExpenses": 0, "operatingExpenses": 115320000, "costAndExpenses": 203687000, "interestIncome": 0, "interestExpense": -3727000, "depreciationAndAmortization": 6151000, "ebitda": 16515000, "ebitdaratio": 0.0766873302, "operatingIncome": 11668000, "operatingIncomeRatio": 0.0541803069, "totalOtherIncomeExpensesNet": 1304000, "incomeBeforeTax": 14091000, "incomeBeforeTaxRatio": 0.0654314968, "incomeTaxExpense": 5538000, "netIncome": 8553000, "netIncomeRatio": 0.0397158181, "eps": 0.53, "epsdiluted": 0.52, "weightedAverageShsOut": 16083000, "weightedAverageShsOutDil": 16407000, "link": "https://www.sec.gov/Archives/edgar/data/949870/000095013503002013/0000950135-03-002013-index.htm", "finalLink": "https://www.sec.gov/Archives/edgar/data/949870/000095013503002013/b45654bbe10vk.htm", "calculatedOtherExpenses": 0, "calculatedOperatingExpenses": 115320000, "calculatedNetInterest": 3727000, "calculatedOtherIncome": -1304000, "calculatedIncomeNonControlling": 0, "calculatedEbitda": 17819000}, {"date": "2001-12-29", "symbol": "SAM", "reportedCurrency": "USD", "cik": "0000949870", "fillingDate": "2002-03-27", "acceptedDate": "2002-03-27 00:00:00", "calendarYear": "2001", "period": "FY", "revenue": 186783000, "costOfRevenue": 81693000, "grossProfit": 105090000, "grossProfitRatio": 0.5626315029, "researchAndDevelopmentExpenses": 0, "generalAndAdministrativeExpenses": 13529000, "sellingAndMarketingExpenses": 80124000, "sellingGeneralAndAdministrativeExpenses": 93653000, "otherExpenses": 0, "operatingExpenses": 93653000, "costAndExpenses": 175346000, "interestIncome": 1479000, "interestExpense": -2092000, "depreciationAndAmortization": 6658000, "ebitda": 17783000, "ebitdaratio": 0.0952067372, "operatingIncome": 11437000, "operatingIncomeRatio": 0.0612314825, "totalOtherIncomeExpensesNet": 312000, "incomeBeforeTax": 13217000, "incomeBeforeTaxRatio": 0.0707612577, "incomeTaxExpense": 5384000, "netIncome": 7833000, "netIncomeRatio": 0.0419363647, "eps": 0.48, "epsdiluted": 0.47, "weightedAverageShsOut": 16413000, "weightedAverageShsOutDil": 16590000, "link": "https://www.sec.gov/Archives/edgar/data/949870/000095013502001690/0000950135-02-001690-index.htm", "finalLink": "https://www.sec.gov/Archives/edgar/data/949870/000095013502001690/b42277bbe10-k405.htm", "calculatedOtherExpenses": 0, "calculatedOperatingExpenses": 93653000, "calculatedNetInterest": 3571000, "calculatedOtherIncome": -1791000, "calculatedIncomeNonControlling": 0, "calculatedEbitda": 18095000}, {"date": "2000-12-30", "symbol": "SAM", "reportedCurrency": "USD", "cik": "0000949870", "fillingDate": "2001-03-30", "acceptedDate": "2001-03-30 00:00:00", "calendarYear": "2000", "period": "FY", "revenue": 190554000, "costOfRevenue": 77615000, "grossProfit": 112939000, "grossProfitRatio": 0.5926876371, "researchAndDevelopmentExpenses": 0, "generalAndAdministrativeExpenses": 12539000, "sellingAndMarketingExpenses": 77838000, "sellingGeneralAndAdministrativeExpenses": 90377000, "otherExpenses": 6442000, "operatingExpenses": 96819000, "costAndExpenses": 174434000, "interestIncome": 0, "interestExpense": -4931000, "depreciationAndAmortization": 6442000, "ebitda": 20561000, "ebitdaratio": 0.1079011724, "operatingIncome": 16120000, "operatingIncomeRatio": 0.0845954428, "totalOtherIncomeExpensesNet": 2001000, "incomeBeforeTax": 19050000, "incomeBeforeTaxRatio": 0.0999716616, "incomeTaxExpense": 7811000, "netIncome": 11239000, "netIncomeRatio": 0.0589806564, "eps": 0.62, "epsdiluted": 0.62, "weightedAverageShsOut": 18056000, "weightedAverageShsOutDil": 18109000, "link": "https://www.sec.gov/Archives/edgar/data/949870/000092701601500109/0000927016-01-500109-index.htm", "finalLink": "https://www.sec.gov/Archives/edgar/data/949870/000092701601500109/d10k405.htm", "calculatedOtherExpenses": 6442000, "calculatedOperatingExpenses": 96819000, "calculatedNetInterest": 4931000, "calculatedOtherIncome": -2001000, "calculatedIncomeNonControlling": 0, "calculatedEbitda": 22562000}, {"date": "1999-12-25", "symbol": "SAM", "reportedCurrency": "USD", "cik": "0000949870", "fillingDate": "2000-03-24", "acceptedDate": "2000-03-24 00:00:00", "calendarYear": "1999", "period": "FY", "revenue": 176800000, "costOfRevenue": 72500000, "grossProfit": 104300000, "grossProfitRatio": 0.5899321267, "researchAndDevelopmentExpenses": 0, "generalAndAdministrativeExpenses": 11574000, "sellingAndMarketingExpenses": 69935000, "sellingGeneralAndAdministrativeExpenses": 81500000, "otherExpenses": 5900000, "operatingExpenses": 87400000, "costAndExpenses": 159900000, "interestIncome": 2258000, "interestExpense": -2300000, "depreciationAndAmortization": 5900000, "ebitda": 22700000, "ebitdaratio": 0.1283936652, "operatingIncome": 16900000, "operatingIncomeRatio": 0.0955882353, "totalOtherIncomeExpensesNet": 100000, "incomeBeforeTax": 19100000, "incomeBeforeTaxRatio": 0.1080316742, "incomeTaxExpense": 8000000, "netIncome": 11100000, "netIncomeRatio": 0.0627828054, "eps": 0.54, "epsdiluted": 0.54, "weightedAverageShsOut": 20555556, "weightedAverageShsOutDil": 20555556, "link": "https://www.sec.gov/Archives/edgar/data/949870/000092701600000987/0000927016-00-000987-index.html", "finalLink": "https://www.sec.gov/Archives/edgar/data/949870/000092701600000987/0000927016-00-000987-d1.html", "calculatedOtherExpenses": 5900000, "calculatedOperatingExpenses": 87400000, "calculatedNetInterest": 4558000, "calculatedOtherIncome": -2358000, "calculatedIncomeNonControlling": 0, "calculatedEbitda": 22800000}, {"date": "1998-12-26", "symbol": "SAM", "reportedCurrency": "USD", "cik": "0000949870", "fillingDate": "1999-03-25", "acceptedDate": "1999-03-25 00:00:00", "calendarYear": "1998", "period": "FY", "revenue": 183500000, "costOfRevenue": 84200000, "grossProfit": 99300000, "grossProfitRatio": 0.5411444142, "researchAndDevelopmentExpenses": 0, "generalAndAdministrativeExpenses": 0, "sellingAndMarketingExpenses": 0, "sellingGeneralAndAdministrativeExpenses": 79500000, "otherExpenses": 5200000, "operatingExpenses": 84700000, "costAndExpenses": 168900000, "interestIncome": 0, "interestExpense": -100000, "depreciationAndAmortization": 5200000, "ebitda": 19400000, "ebitdaratio": 0.1057220708, "operatingIncome": 14600000, "operatingIncomeRatio": 0.0795640327, "totalOtherIncomeExpensesNet": 400000, "incomeBeforeTax": 14300000, "incomeBeforeTaxRatio": 0.0779291553, "incomeTaxExpense": 6400000, "netIncome": 7900000, "netIncomeRatio": 0.0430517711, "eps": 0.39, "epsdiluted": 0.39, "weightedAverageShsOut": 20256410, "weightedAverageShsOutDil": 20256410, "link": "https://www.sec.gov/Archives/edgar/data/949870/000092701699001112/0000927016-99-001112-index.html", "finalLink": "https://www.sec.gov/Archives/edgar/data/949870/", "calculatedOtherExpenses": 5200000, "calculatedOperatingExpenses": 84700000, "calculatedNetInterest": 100000, "calculatedOtherIncome": -400000, "calculatedIncomeNonControlling": 0, "calculatedEbitda": 19800000}, {"date": "1997-12-27", "symbol": "SAM", "reportedCurrency": "USD", "cik": "0000949870", "fillingDate": "1998-03-26", "acceptedDate": "1998-03-26 00:00:00", "calendarYear": "1997", "period": "FY", "revenue": 183800000, "costOfRevenue": 85500000, "grossProfit": 98300000, "grossProfitRatio": 0.534820457, "researchAndDevelopmentExpenses": 0, "generalAndAdministrativeExpenses": 0, "sellingAndMarketingExpenses": 0, "sellingGeneralAndAdministrativeExpenses": 81200000, "otherExpenses": 4500000, "operatingExpenses": 85700000, "costAndExpenses": 171200000, "interestIncome": 0, "interestExpense": -2200000, "depreciationAndAmortization": 4500000, "ebitda": 15600000, "ebitdaratio": 0.084874864, "operatingIncome": 12600000, "operatingIncomeRatio": 0.0685527748, "totalOtherIncomeExpensesNet": 1500000, "incomeBeforeTax": 13300000, "incomeBeforeTaxRatio": 0.0723612622, "incomeTaxExpense": 5700000, "netIncome": 7600000, "netIncomeRatio": 0.0413492927, "eps": 0.37, "epsdiluted": 0.37, "weightedAverageShsOut": 20540541, "weightedAverageShsOutDil": 20540541, "link": "https://www.sec.gov/Archives/edgar/data/949870/000092701698001186/0000927016-98-001186-index.html", "finalLink": "https://www.sec.gov/Archives/edgar/data/949870/", "calculatedOtherExpenses": 4500000, "calculatedOperatingExpenses": 85700000, "calculatedNetInterest": 2200000, "calculatedOtherIncome": -1500000, "calculatedIncomeNonControlling": 0, "calculatedEbitda": 17100000}, {"date": "1996-12-28", "symbol": "SAM", "reportedCurrency": "USD", "cik": "0000949870", "fillingDate": "1997-03-31", "acceptedDate": "1997-03-31 00:00:00", "calendarYear": "1996", "period": "FY", "revenue": 191100000, "costOfRevenue": 92800000, "grossProfit": 98300000, "grossProfitRatio": 0.5143903715, "researchAndDevelopmentExpenses": 0, "generalAndAdministrativeExpenses": 0, "sellingAndMarketingExpenses": 0, "sellingGeneralAndAdministrativeExpenses": 82100000, "otherExpenses": 3000000, "operatingExpenses": 85100000, "costAndExpenses": 177900000, "interestIncome": 0, "interestExpense": -3600000, "depreciationAndAmortization": 3000000, "ebitda": 14300000, "ebitdaratio": 0.074829932, "operatingIncome": 13200000, "operatingIncomeRatio": 0.0690737834, "totalOtherIncomeExpensesNet": 1900000, "incomeBeforeTax": 14900000, "incomeBeforeTaxRatio": 0.0779696494, "incomeTaxExpense": 6500000, "netIncome": 8400000, "netIncomeRatio": 0.043956044, "eps": 0.42, "epsdiluted": 0.41, "weightedAverageShsOut": 20000000, "weightedAverageShsOutDil": 20487805, "link": "https://www.sec.gov/Archives/edgar/data/949870/000094987097000004/0000949870-97-000004-index.html", "finalLink": "https://www.sec.gov/Archives/edgar/data/949870/", "calculatedOtherExpenses": 3000000, "calculatedOperatingExpenses": 85100000, "calculatedNetInterest": 3600000, "calculatedOtherIncome": -1900000, "calculatedIncomeNonControlling": 0, "calculatedEbitda": 16200000}, {"date": "1995-12-31", "symbol": "SAM", "reportedCurrency": "USD", "cik": "0000949870", "fillingDate": "1995-12-31", "acceptedDate": "1995-12-31 00:00:00", "calendarYear": "1995", "period": "FY", "revenue": 151300000, "costOfRevenue": 72200000, "grossProfit": 79100000, "grossProfitRatio": 0.5228023794, "researchAndDevelopmentExpenses": 0, "generalAndAdministrativeExpenses": 0, "sellingAndMarketingExpenses": 0, "sellingGeneralAndAdministrativeExpenses": 68000000, "otherExpenses": 1600000, "operatingExpenses": 69600000, "costAndExpenses": 141800000, "interestIncome": 0, "interestExpense": -2100000, "depreciationAndAmortization": 1600000, "ebitda": 9900000, "ebitdaratio": 0.0654329147, "operatingIncome": 9500000, "operatingIncomeRatio": 0.0627891606, "totalOtherIncomeExpensesNet": 1200000, "incomeBeforeTax": 10400000, "incomeBeforeTaxRatio": 0.0687376074, "incomeTaxExpense": -2200000, "netIncome": 12600000, "netIncomeRatio": 0.0832782551, "eps": 0.33, "epsdiluted": 0.33, "weightedAverageShsOut": 19751000, "weightedAverageShsOutDil": 19751000, "link": null, "finalLink": null, "calculatedOtherExpenses": 1600000, "calculatedOperatingExpenses": 69600000, "calculatedNetInterest": 2100000, "calculatedOtherIncome": -1200000, "calculatedIncomeNonControlling": 0, "calculatedEbitda": 11100000}]}