{"originalCurrency": "USD", "convertedCurrency": "USD", "report": [{"date": "2023-09-30", "symbol": "SANM", "reportedCurrency": "USD", "cik": "0000897723", "fillingDate": "2023-11-16", "acceptedDate": "2023-11-16 14:50:00", "calendarYear": "2023", "period": "FY", "revenue": 8935048000, "costOfRevenue": 8191837000, "grossProfit": 743211000, "grossProfitRatio": 0.0831792957, "researchAndDevelopmentExpenses": 26427000, "generalAndAdministrativeExpenses": 0, "sellingAndMarketingExpenses": 0, "sellingGeneralAndAdministrativeExpenses": 255072000, "otherExpenses": -20156000, "operatingExpenses": 281499000, "costAndExpenses": 8473336000, "interestIncome": 13595000, "interestExpense": 36290000, "depreciationAndAmortization": 118237000, "ebitda": 573388000, "ebitdaratio": 0.0641729065, "operatingIncome": 455658000, "operatingIncomeRatio": 0.0509967042, "totalOtherIncomeExpensesNet": -26210000, "incomeBeforeTax": 412807000, "incomeBeforeTaxRatio": 0.046200871, "incomeTaxExpense": 85294000, "netIncome": 309970000, "netIncomeRatio": 0.0346914756, "eps": 5.36, "epsdiluted": 5.18, "weightedAverageShsOut": 57847000, "weightedAverageShsOutDil": 59815000, "link": "https://www.sec.gov/Archives/edgar/data/897723/000089772323000028/0000897723-23-000028-index.htm", "finalLink": "https://www.sec.gov/Archives/edgar/data/897723/000089772323000028/sanm-20230930.htm", "calculatedOtherExpenses": 6054000, "calculatedOperatingExpenses": 287553000, "calculatedNetInterest": -22695000, "calculatedOtherIncome": -20156000, "calculatedIncomeNonControlling": 17543000, "calculatedEbitda": 573895000}, {"date": "2022-10-01", "symbol": "SANM", "reportedCurrency": "USD", "cik": "0000897723", "fillingDate": "2022-11-10", "acceptedDate": "2022-11-10 15:16:45", "calendarYear": "2022", "period": "FY", "revenue": 7890475000, "costOfRevenue": 7249961000, "grossProfit": 640514000, "grossProfitRatio": 0.0811755946, "researchAndDevelopmentExpenses": 21343000, "generalAndAdministrativeExpenses": 244569000, "sellingAndMarketingExpenses": 0, "sellingGeneralAndAdministrativeExpenses": 244569000, "otherExpenses": -26314000, "operatingExpenses": 265912000, "costAndExpenses": 7515873000, "interestIncome": 1628000, "interestExpense": 22473000, "depreciationAndAmortization": 90912000, "ebitda": 458699000, "ebitdaratio": 0.0581332556, "operatingIncome": 367787000, "operatingIncomeRatio": 0.0466115158, "totalOtherIncomeExpensesNet": -47159000, "incomeBeforeTax": 320628000, "incomeBeforeTaxRatio": 0.040634816, "incomeTaxExpense": 64507000, "netIncome": 240384000, "netIncomeRatio": 0.0304650861, "eps": 3.92, "epsdiluted": 3.81, "weightedAverageShsOut": 61310000, "weightedAverageShsOutDil": 63117000, "link": "https://www.sec.gov/Archives/edgar/data/897723/000089772322000029/0000897723-22-000029-index.htm", "finalLink": "https://www.sec.gov/Archives/edgar/data/897723/000089772322000029/sanm-20221001.htm", "calculatedOtherExpenses": 6815000, "calculatedOperatingExpenses": 272727000, "calculatedNetInterest": -20845000, "calculatedOtherIncome": -26314000, "calculatedIncomeNonControlling": 15737000, "calculatedEbitda": 458699000}, {"date": "2021-10-02", "symbol": "SANM", "reportedCurrency": "USD", "cik": "0000897723", "fillingDate": "2021-11-12", "acceptedDate": "2021-11-12 14:46:32", "calendarYear": "2021", "period": "FY", "revenue": 6756643000, "costOfRevenue": 6204838000, "grossProfit": 551805000, "grossProfitRatio": 0.081668515, "researchAndDevelopmentExpenses": 20911000, "generalAndAdministrativeExpenses": 234537000, "sellingAndMarketingExpenses": 0, "sellingGeneralAndAdministrativeExpenses": 234537000, "otherExpenses": 44331000, "operatingExpenses": 255448000, "costAndExpenses": 6460286000, "interestIncome": 925000, "interestExpense": 19551000, "depreciationAndAmortization": 169969000, "ebitda": 451269000, "ebitdaratio": 0.0667889365, "operatingIncome": 281300000, "operatingIncomeRatio": 0.0416331009, "totalOtherIncomeExpensesNet": 25705000, "incomeBeforeTax": 307005000, "incomeBeforeTaxRatio": 0.045437505, "incomeTaxExpense": 38007000, "netIncome": 249546000, "netIncomeRatio": 0.0369334298, "eps": 4.12, "epsdiluted": 4.01, "weightedAverageShsOut": 65318000, "weightedAverageShsOutDil": 67084000, "link": "https://www.sec.gov/Archives/edgar/data/897723/000089772321000028/0000897723-21-000028-index.htm", "finalLink": "https://www.sec.gov/Archives/edgar/data/897723/000089772321000028/sanm-20211002.htm", "calculatedOtherExpenses": 15057000, "calculatedOperatingExpenses": 270505000, "calculatedNetInterest": -18626000, "calculatedOtherIncome": 44331000, "calculatedIncomeNonControlling": 19452000, "calculatedEbitda": 451269000}, {"date": "2020-10-03", "symbol": "SANM", "reportedCurrency": "USD", "cik": "0000897723", "fillingDate": "2020-11-13", "acceptedDate": "2020-11-13 14:48:44", "calendarYear": "2020", "period": "FY", "revenue": 6960370000, "costOfRevenue": 6434663000, "grossProfit": 525707000, "grossProfitRatio": 0.0755285998, "researchAndDevelopmentExpenses": 22564000, "generalAndAdministrativeExpenses": 240931000, "sellingAndMarketingExpenses": 0, "sellingGeneralAndAdministrativeExpenses": 240931000, "otherExpenses": -348000, "operatingExpenses": 263495000, "costAndExpenses": 6698158000, "interestIncome": 2322000, "interestExpense": 28903000, "depreciationAndAmortization": 150717000, "ebitda": 378404000, "ebitdaratio": 0.0543655007, "operatingIncome": 227687000, "operatingIncomeRatio": 0.0327119104, "totalOtherIncomeExpensesNet": -26929000, "incomeBeforeTax": 200758000, "incomeBeforeTaxRatio": 0.0288430069, "incomeTaxExpense": 61045000, "netIncome": 133169000, "netIncomeRatio": 0.0191324599, "eps": 2.02, "epsdiluted": 1.97, "weightedAverageShsOut": 69041000, "weightedAverageShsOutDil": 70793000, "link": "https://www.sec.gov/Archives/edgar/data/897723/000089772320000034/0000897723-20-000034-index.htm", "finalLink": "https://www.sec.gov/Archives/edgar/data/897723/000089772320000034/sanm-20201003.htm", "calculatedOtherExpenses": 34525000, "calculatedOperatingExpenses": 298020000, "calculatedNetInterest": -26581000, "calculatedOtherIncome": -348000, "calculatedIncomeNonControlling": 6544000, "calculatedEbitda": 378404000}, {"date": "2019-09-28", "symbol": "SANM", "reportedCurrency": "USD", "cik": "0000897723", "fillingDate": "2019-11-08", "acceptedDate": "2019-11-08 13:30:48", "calendarYear": "2019", "period": "FY", "revenue": 8233859000, "costOfRevenue": 7641921000, "grossProfit": 591938000, "grossProfitRatio": 0.0718907137, "researchAndDevelopmentExpenses": 27552000, "generalAndAdministrativeExpenses": 0, "sellingAndMarketingExpenses": 0, "sellingGeneralAndAdministrativeExpenses": 260032000, "otherExpenses": -10846000, "operatingExpenses": 287584000, "costAndExpenses": 7929505000, "interestIncome": 1111000, "interestExpense": 30763000, "depreciationAndAmortization": 116949000, "ebitda": 294619000, "ebitdaratio": 0.0357813997, "operatingIncome": 177670000, "operatingIncomeRatio": 0.0215779746, "totalOtherIncomeExpensesNet": 67949000, "incomeBeforeTax": 245619000, "incomeBeforeTaxRatio": 0.0298303627, "incomeTaxExpense": 104104000, "netIncome": 141515000, "netIncomeRatio": 0.0171869594, "eps": 2.05, "epsdiluted": 1.97, "weightedAverageShsOut": 69129000, "weightedAverageShsOutDil": 71678000, "link": "https://www.sec.gov/Archives/edgar/data/897723/000089772319000034/0000897723-19-000034-index.htm", "finalLink": "https://www.sec.gov/Archives/edgar/data/897723/000089772319000034/sanmina10-ksep282019.htm", "calculatedOtherExpenses": 126684000, "calculatedOperatingExpenses": 414268000, "calculatedNetInterest": -29652000, "calculatedOtherIncome": 97601000, "calculatedIncomeNonControlling": 0, "calculatedEbitda": 294619000}, {"date": "2018-09-29", "symbol": "SANM", "reportedCurrency": "USD", "cik": "0000897723", "fillingDate": "2018-11-15", "acceptedDate": "2018-11-15 16:48:19", "calendarYear": "2018", "period": "FY", "revenue": 7110130000, "costOfRevenue": 6646347000, "grossProfit": 463783000, "grossProfitRatio": 0.0652284839, "researchAndDevelopmentExpenses": 30754000, "generalAndAdministrativeExpenses": 0, "sellingAndMarketingExpenses": 0, "sellingGeneralAndAdministrativeExpenses": 250924000, "otherExpenses": 4564000, "operatingExpenses": 284586000, "costAndExpenses": 6930933000, "interestIncome": 1268000, "interestExpense": 27734000, "depreciationAndAmortization": 2908000, "ebitda": 187937000, "ebitdaratio": 0.0264322875, "operatingIncome": 119441000, "operatingIncomeRatio": 0.0167987083, "totalOtherIncomeExpensesNet": -55192000, "incomeBeforeTax": 97539000, "incomeBeforeTaxRatio": 0.0137183146, "incomeTaxExpense": 193072000, "netIncome": -95533000, "netIncomeRatio": -0.0134361819, "eps": -1.37, "epsdiluted": -1.37, "weightedAverageShsOut": 69732116, "weightedAverageShsOutDil": 69833000, "link": "https://www.sec.gov/Archives/edgar/data/897723/000089772318000031/0000897723-18-000031-index.htm", "finalLink": "https://www.sec.gov/Archives/edgar/data/897723/000089772318000031/sanmina10-k_sep292018.htm", "calculatedOtherExpenses": 62664000, "calculatedOperatingExpenses": 344342000, "calculatedNetInterest": -26466000, "calculatedOtherIncome": 4564000, "calculatedIncomeNonControlling": 0, "calculatedEbitda": 122349000}, {"date": "2017-09-30", "symbol": "SANM", "reportedCurrency": "USD", "cik": "0000897723", "fillingDate": "2017-11-13", "acceptedDate": "2017-11-13 15:26:38", "calendarYear": "2017", "period": "FY", "revenue": 6868619000, "costOfRevenue": 6348708000, "grossProfit": 519911000, "grossProfitRatio": 0.0756936729, "researchAndDevelopmentExpenses": 33716000, "generalAndAdministrativeExpenses": 0, "sellingAndMarketingExpenses": 0, "sellingGeneralAndAdministrativeExpenses": 251568000, "otherExpenses": 7682000, "operatingExpenses": 288956000, "costAndExpenses": 6637664000, "interestIncome": 1265000, "interestExpense": 21934000, "depreciationAndAmortization": 3672000, "ebitda": 243574000, "ebitdaratio": 0.0354618592, "operatingIncome": 226467000, "operatingIncomeRatio": 0.0329712567, "totalOtherIncomeExpensesNet": 3194000, "incomeBeforeTax": 213480000, "incomeBeforeTaxRatio": 0.0310804836, "incomeTaxExpense": 74647000, "netIncome": 138833000, "netIncomeRatio": 0.0202126512, "eps": 1.86, "epsdiluted": 1.78, "weightedAverageShsOut": 74481000, "weightedAverageShsOutDil": 78128000, "link": "https://www.sec.gov/Archives/edgar/data/897723/000089772317000029/0000897723-17-000029-index.htm", "finalLink": "https://www.sec.gov/Archives/edgar/data/897723/000089772317000029/sanmina10-k_sep302017.htm", "calculatedOtherExpenses": 8160000, "calculatedOperatingExpenses": 293444000, "calculatedNetInterest": -20669000, "calculatedOtherIncome": 7682000, "calculatedIncomeNonControlling": 0, "calculatedEbitda": 230139000}, {"date": "2016-10-01", "symbol": "SANM", "reportedCurrency": "USD", "cik": "0000897723", "fillingDate": "2016-11-18", "acceptedDate": "2016-11-18 15:27:28", "calendarYear": "2016", "period": "FY", "revenue": 6481181000, "costOfRevenue": 5966899000, "grossProfit": 514282000, "grossProfitRatio": 0.0793500444, "researchAndDevelopmentExpenses": 37746000, "generalAndAdministrativeExpenses": 0, "sellingAndMarketingExpenses": 0, "sellingGeneralAndAdministrativeExpenses": 244604000, "otherExpenses": 4063000, "operatingExpenses": 285796000, "costAndExpenses": 6252695000, "interestIncome": 680000, "interestExpense": 24911000, "depreciationAndAmortization": 3446000, "ebitda": 236675000, "ebitdaratio": 0.0365172644, "operatingIncome": 224785000, "operatingIncomeRatio": 0.0346827222, "totalOtherIncomeExpensesNet": 362000, "incomeBeforeTax": 204617000, "incomeBeforeTaxRatio": 0.0315709436, "incomeTaxExpense": 16779000, "netIncome": 187838000, "netIncomeRatio": 0.0289820636, "eps": 2.5, "epsdiluted": 2.38, "weightedAverageShsOut": 75094000, "weightedAverageShsOutDil": 78787000, "link": "https://www.sec.gov/Archives/edgar/data/897723/000089772316000049/0000897723-16-000049-index.htm", "finalLink": "https://www.sec.gov/Archives/edgar/data/897723/000089772316000049/sanmina10-k_oct12016.htm", "calculatedOtherExpenses": 7147000, "calculatedOperatingExpenses": 289497000, "calculatedNetInterest": -24231000, "calculatedOtherIncome": 4063000, "calculatedIncomeNonControlling": 0, "calculatedEbitda": 228231000}, {"date": "2015-10-03", "symbol": "SANM", "reportedCurrency": "USD", "cik": "0000897723", "fillingDate": "2015-11-19", "acceptedDate": "2015-11-19 14:23:58", "calendarYear": "2015", "period": "FY", "revenue": 6374541000, "costOfRevenue": 5890685000, "grossProfit": 483856000, "grossProfitRatio": 0.0759044455, "researchAndDevelopmentExpenses": 33083000, "generalAndAdministrativeExpenses": 0, "sellingAndMarketingExpenses": 0, "sellingGeneralAndAdministrativeExpenses": 239288000, "otherExpenses": -2993000, "operatingExpenses": 274425000, "costAndExpenses": 6165110000, "interestIncome": 1096000, "interestExpense": 25011000, "depreciationAndAmortization": 2054000, "ebitda": 209588000, "ebitdaratio": 0.0328789163, "operatingIncome": 203101000, "operatingIncomeRatio": 0.0318612744, "totalOtherIncomeExpensesNet": -9323000, "incomeBeforeTax": 176193000, "incomeBeforeTaxRatio": 0.0276401077, "incomeTaxExpense": -201068000, "netIncome": 377261000, "netIncomeRatio": 0.0591824572, "eps": 4.61, "epsdiluted": 4.41, "weightedAverageShsOut": 81818000, "weightedAverageShsOutDil": 85641000, "link": "https://www.sec.gov/Archives/edgar/data/897723/000089772315000026/0000897723-15-000026-index.htm", "finalLink": "https://www.sec.gov/Archives/edgar/data/897723/000089772315000026/sanmina10-k_oct32015.htm", "calculatedOtherExpenses": 8384000, "calculatedOperatingExpenses": 280755000, "calculatedNetInterest": -23915000, "calculatedOtherIncome": -2993000, "calculatedIncomeNonControlling": 0, "calculatedEbitda": 205155000}, {"date": "2014-09-27", "symbol": "SANM", "reportedCurrency": "USD", "cik": "0000897723", "fillingDate": "2014-11-13", "acceptedDate": "2014-11-13 13:50:01", "calendarYear": "2014", "period": "FY", "revenue": 6215106000, "costOfRevenue": 5726823000, "grossProfit": 488283000, "grossProfitRatio": 0.0785639054, "researchAndDevelopmentExpenses": 32495000, "generalAndAdministrativeExpenses": 0, "sellingAndMarketingExpenses": 0, "sellingGeneralAndAdministrativeExpenses": 242288000, "otherExpenses": -8672000, "operatingExpenses": 276581000, "costAndExpenses": 6003404000, "interestIncome": 1533000, "interestExpense": 30804000, "depreciationAndAmortization": 1798000, "ebitda": 206361000, "ebitdaratio": 0.0332031344, "operatingIncome": 199682000, "operatingIncomeRatio": 0.0321284947, "totalOtherIncomeExpensesNet": -20692000, "incomeBeforeTax": 161739000, "incomeBeforeTaxRatio": 0.0260235304, "incomeTaxExpense": -35426000, "netIncome": 197165000, "netIncomeRatio": 0.0317235136, "eps": 2.38, "epsdiluted": 2.27, "weightedAverageShsOut": 82872000, "weightedAverageShsOutDil": 86731000, "link": "https://www.sec.gov/Archives/edgar/data/897723/000089772314000022/0000897723-14-000022-index.htm", "finalLink": "https://www.sec.gov/Archives/edgar/data/897723/000089772314000022/sanmina10-k_sept272014.htm", "calculatedOtherExpenses": 13818000, "calculatedOperatingExpenses": 288601000, "calculatedNetInterest": -29271000, "calculatedOtherIncome": -8672000, "calculatedIncomeNonControlling": 0, "calculatedEbitda": 201480000}, {"date": "2013-09-28", "symbol": "SANM", "reportedCurrency": "USD", "cik": "0000897723", "fillingDate": "2013-11-27", "acceptedDate": "2013-11-27 17:19:31", "calendarYear": "2013", "period": "FY", "revenue": 5917124000, "costOfRevenue": 5490307000, "grossProfit": 426817000, "grossProfitRatio": 0.072132509, "researchAndDevelopmentExpenses": 25571000, "generalAndAdministrativeExpenses": 0, "sellingAndMarketingExpenses": 0, "sellingGeneralAndAdministrativeExpenses": 238072000, "otherExpenses": -14233000, "operatingExpenses": 265539000, "costAndExpenses": 5755846000, "interestIncome": 1014000, "interestExpense": 41004000, "depreciationAndAmortization": 1896000, "ebitda": 149955000, "ebitdaratio": 0.0253425482, "operatingIncome": 157629000, "operatingIncomeRatio": 0.026639462, "totalOtherIncomeExpensesNet": -17882000, "incomeBeforeTax": 103406000, "incomeBeforeTaxRatio": 0.0174757196, "incomeTaxExpense": 24055000, "netIncome": 79351000, "netIncomeRatio": 0.0134104001, "eps": 0.96, "epsdiluted": 0.93, "weightedAverageShsOut": 82834000, "weightedAverageShsOutDil": 85403000, "link": "https://www.sec.gov/Archives/edgar/data/897723/000089772313000023/0000897723-13-000023-index.htm", "finalLink": "https://www.sec.gov/Archives/edgar/data/897723/000089772313000023/sanmina10-k.htm", "calculatedOtherExpenses": 5545000, "calculatedOperatingExpenses": 269188000, "calculatedNetInterest": -39990000, "calculatedOtherIncome": -14233000, "calculatedIncomeNonControlling": 0, "calculatedEbitda": 159525000}, {"date": "2012-09-29", "symbol": "SANM", "reportedCurrency": "USD", "cik": "0000897723", "fillingDate": "2012-11-21", "acceptedDate": "2012-11-20 20:53:26", "calendarYear": "2012", "period": "FY", "revenue": 6093334000, "costOfRevenue": 5657552000, "grossProfit": 435782000, "grossProfitRatio": 0.0715178259, "researchAndDevelopmentExpenses": 21899000, "generalAndAdministrativeExpenses": 0, "sellingAndMarketingExpenses": 0, "sellingGeneralAndAdministrativeExpenses": 240863000, "otherExpenses": -17228000, "operatingExpenses": 265829000, "costAndExpenses": 5923381000, "interestIncome": 1425000, "interestExpense": 71744000, "depreciationAndAmortization": 3067000, "ebitda": 157217000, "ebitdaratio": 0.0258014742, "operatingIncome": 137490000, "operatingIncomeRatio": 0.0225640019, "totalOtherIncomeExpensesNet": -49691000, "incomeBeforeTax": 49943000, "incomeBeforeTaxRatio": 0.0081963339, "incomeTaxExpense": -130291000, "netIncome": 180234000, "netIncomeRatio": 0.0295788808, "eps": 2.22, "epsdiluted": 2.16, "weightedAverageShsOut": 81284000, "weightedAverageShsOutDil": 83495000, "link": "https://www.sec.gov/Archives/edgar/data/897723/000089772312000027/0000897723-12-000027-index.htm", "finalLink": "https://www.sec.gov/Archives/edgar/data/897723/000089772312000027/sanmina10-k_sept292012.htm", "calculatedOtherExpenses": 35530000, "calculatedOperatingExpenses": 298292000, "calculatedNetInterest": -70319000, "calculatedOtherIncome": -17228000, "calculatedIncomeNonControlling": 0, "calculatedEbitda": 140557000}, {"date": "2011-10-01", "symbol": "SANM", "reportedCurrency": "USD", "cik": "0000897723", "fillingDate": "2011-11-22", "acceptedDate": "2011-11-21 18:24:12", "calendarYear": "2011", "period": "FY", "revenue": 6602411000, "costOfRevenue": 6092060000, "grossProfit": 510351000, "grossProfitRatio": 0.077297672, "researchAndDevelopmentExpenses": 20802000, "generalAndAdministrativeExpenses": 0, "sellingAndMarketingExpenses": 0, "sellingGeneralAndAdministrativeExpenses": 247127000, "otherExpenses": 3831000, "operatingExpenses": 271760000, "costAndExpenses": 6363820000, "interestIncome": 1861000, "interestExpense": 99114000, "depreciationAndAmortization": 3831000, "ebitda": 244283000, "ebitdaratio": 0.0369990599, "operatingIncome": 211997000, "operatingIncomeRatio": 0.0321090281, "totalOtherIncomeExpensesNet": -41800000, "incomeBeforeTax": 99538000, "incomeBeforeTaxRatio": 0.0150760078, "incomeTaxExpense": 30621000, "netIncome": 68917000, "netIncomeRatio": 0.0104381566, "eps": 0.86, "epsdiluted": 0.83, "weightedAverageShsOut": 80345000, "weightedAverageShsOutDil": 83158000, "link": "https://www.sec.gov/Archives/edgar/data/897723/000089772311000023/0000897723-11-000023-index.htm", "finalLink": "https://www.sec.gov/Archives/edgar/data/897723/000089772311000023/sanminasci10k.htm", "calculatedOtherExpenses": 30425000, "calculatedOperatingExpenses": 298354000, "calculatedNetInterest": -97253000, "calculatedOtherIncome": -15206000, "calculatedIncomeNonControlling": 0, "calculatedEbitda": 215828000}, {"date": "2010-10-02", "symbol": "SANM", "reportedCurrency": "USD", "cik": "0000897723", "fillingDate": "2010-11-24", "acceptedDate": "2010-11-24 17:11:37", "calendarYear": "2010", "period": "FY", "revenue": 6318691000, "costOfRevenue": 5835701000, "grossProfit": 482990000, "grossProfitRatio": 0.0764383003, "researchAndDevelopmentExpenses": 13004000, "generalAndAdministrativeExpenses": 0, "sellingAndMarketingExpenses": 0, "sellingGeneralAndAdministrativeExpenses": 252534000, "otherExpenses": -10269000, "operatingExpenses": 255269000, "costAndExpenses": 6090970000, "interestIncome": 2246000, "interestExpense": 108144000, "depreciationAndAmortization": 3555000, "ebitda": 233522000, "ebitdaratio": 0.0369573382, "operatingIncome": 204799000, "operatingIncomeRatio": 0.0324116182, "totalOtherIncomeExpensesNet": 17419000, "incomeBeforeTax": 139242000, "incomeBeforeTaxRatio": 0.0220365262, "incomeTaxExpense": 16807000, "netIncome": 122435000, "netIncomeRatio": 0.0193766399, "eps": 1.55, "epsdiluted": 1.48, "weightedAverageShsOut": 79195000, "weightedAverageShsOutDil": 82477000, "link": "https://www.sec.gov/Archives/edgar/data/897723/000089772310000011/0000897723-10-000011-index.htm", "finalLink": "https://www.sec.gov/Archives/edgar/data/897723/000089772310000011/sanminasci10k.htm", "calculatedOtherExpenses": 12653000, "calculatedOperatingExpenses": 278191000, "calculatedNetInterest": -105898000, "calculatedOtherIncome": 40341000, "calculatedIncomeNonControlling": 0, "calculatedEbitda": 208354000}, {"date": "2009-10-03", "symbol": "SANM", "reportedCurrency": "USD", "cik": "0000897723", "fillingDate": "2009-12-01", "acceptedDate": "2009-12-01 17:17:53", "calendarYear": "2009", "period": "FY", "revenue": 5177481000, "costOfRevenue": 4855003000, "grossProfit": 322478000, "grossProfitRatio": 0.0622847288, "researchAndDevelopmentExpenses": 16685000, "generalAndAdministrativeExpenses": 0, "sellingAndMarketingExpenses": 0, "sellingGeneralAndAdministrativeExpenses": 238194000, "otherExpenses": 4817000, "operatingExpenses": 269874000, "costAndExpenses": 5124877000, "interestIncome": 6499000, "interestExpense": 116988000, "depreciationAndAmortization": 4817000, "ebitda": 63920000, "ebitdaratio": 0.012345772, "operatingIncome": -4656000, "operatingIncomeRatio": -0.000899279, "totalOtherIncomeExpensesNet": -54685000, "incomeBeforeTax": -112570000, "incomeBeforeTaxRatio": -0.0217422333, "incomeTaxExpense": 23652000, "netIncome": -136222000, "netIncomeRatio": -0.026310478, "eps": -1.65, "epsdiluted": -1.65, "weightedAverageShsOut": 82528000, "weightedAverageShsOutDil": 82528000, "link": "https://www.sec.gov/Archives/edgar/data/897723/000089772309000007/0000897723-09-000007-index.htm", "finalLink": "https://www.sec.gov/Archives/edgar/data/897723/000089772309000007/form10k.htm", "calculatedOtherExpenses": 72255000, "calculatedOperatingExpenses": 327134000, "calculatedNetInterest": -110489000, "calculatedOtherIncome": 2575000, "calculatedIncomeNonControlling": 0, "calculatedEbitda": 161000}, {"date": "2008-09-27", "symbol": "SANM", "reportedCurrency": "USD", "cik": "0000897723", "fillingDate": "2008-11-24", "acceptedDate": "2008-11-24 17:18:01", "calendarYear": "2008", "period": "FY", "revenue": 7202403000, "costOfRevenue": 6678297000, "grossProfit": 524106000, "grossProfitRatio": 0.0727682136, "researchAndDevelopmentExpenses": 19546000, "generalAndAdministrativeExpenses": 0, "sellingAndMarketingExpenses": 0, "sellingGeneralAndAdministrativeExpenses": 317045000, "otherExpenses": 490299000, "operatingExpenses": 826890000, "costAndExpenses": 7505187000, "interestIncome": 19744000, "interestExpense": -127231000, "depreciationAndAmortization": 96820000, "ebitda": 357795000, "ebitdaratio": 0.0496771702, "operatingIncome": -384160000, "operatingIncomeRatio": -0.0533377541, "totalOtherIncomeExpensesNet": -563759000, "incomeBeforeTax": -490331000, "incomeBeforeTaxRatio": -0.0680788065, "incomeTaxExpense": 21005000, "netIncome": -486349000, "netIncomeRatio": -0.0675259354, "eps": -5.5, "epsdiluted": -5.5, "weightedAverageShsOut": 88453676, "weightedAverageShsOutDil": 88453676, "link": "https://www.sec.gov/Archives/edgar/data/897723/000104746908012528/0001047469-08-012528-index.htm", "finalLink": "https://www.sec.gov/Archives/edgar/data/897723/000104746908012528/a2189033z10-k.htm", "calculatedOtherExpenses": 571675000, "calculatedOperatingExpenses": 908266000, "calculatedNetInterest": 146975000, "calculatedOtherIncome": -253146000, "calculatedIncomeNonControlling": -24987000, "calculatedEbitda": -287340000}, {"date": "2007-09-29", "symbol": "SANM", "reportedCurrency": "USD", "cik": "0000897723", "fillingDate": "2007-11-28", "acceptedDate": "2007-11-28 16:25:32", "calendarYear": "2007", "period": "FY", "revenue": 10384254000, "costOfRevenue": 9831041000, "grossProfit": 553213000, "grossProfitRatio": 0.0532742169, "researchAndDevelopmentExpenses": 30085000, "generalAndAdministrativeExpenses": 0, "sellingAndMarketingExpenses": 0, "sellingGeneralAndAdministrativeExpenses": 374181000, "otherExpenses": 1106282000, "operatingExpenses": 1510548000, "costAndExpenses": 11341589000, "interestIncome": 28766000, "interestExpense": -168291000, "depreciationAndAmortization": 117194000, "ebitda": 283552000, "ebitdaratio": 0.0273059577, "operatingIncome": -1001937000, "operatingIncomeRatio": -0.0964861799, "totalOtherIncomeExpensesNet": -1123693000, "incomeBeforeTax": -1120903000, "incomeBeforeTaxRatio": -0.1079425638, "incomeTaxExpense": 13754000, "netIncome": -1134657000, "netIncomeRatio": -0.1092670692, "eps": -12.92, "epsdiluted": -12.92, "weightedAverageShsOut": 87853009, "weightedAverageShsOutDil": 87853009, "link": "https://www.sec.gov/Archives/edgar/data/897723/000104746907009573/0001047469-07-009573-index.htm", "finalLink": "https://www.sec.gov/Archives/edgar/data/897723/000104746907009573/a2181292z10-k.htm", "calculatedOtherExpenses": 1150884000, "calculatedOperatingExpenses": 1555150000, "calculatedNetInterest": 197057000, "calculatedOtherIncome": -316023000, "calculatedIncomeNonControlling": 0, "calculatedEbitda": -884743000}, {"date": "2006-09-30", "symbol": "SANM", "reportedCurrency": "USD", "cik": "0000897723", "fillingDate": "2007-01-03", "acceptedDate": "2007-01-03 17:25:00", "calendarYear": "2006", "period": "FY", "revenue": 10955421000, "costOfRevenue": 10333685000, "grossProfit": 621736000, "grossProfitRatio": 0.0567514475, "researchAndDevelopmentExpenses": 40181000, "generalAndAdministrativeExpenses": 0, "sellingAndMarketingExpenses": 0, "sellingGeneralAndAdministrativeExpenses": 364496000, "otherExpenses": 28912000, "operatingExpenses": 433589000, "costAndExpenses": 10767274000, "interestIncome": 0, "interestExpense": 0, "depreciationAndAmortization": 138597000, "ebitda": 582023000, "ebitdaratio": 0.0531264841, "operatingIncome": 53317000, "operatingIncomeRatio": 0.0048667231, "totalOtherIncomeExpensesNet": -255279000, "incomeBeforeTax": -150153000, "incomeBeforeTaxRatio": -0.0137058174, "incomeTaxExpense": -5766000, "netIncome": -141557000, "netIncomeRatio": -0.012921183, "eps": -1.61, "epsdiluted": -1.61, "weightedAverageShsOut": 87661341, "weightedAverageShsOutDil": 87661341, "link": "https://www.sec.gov/Archives/edgar/data/897723/000110465907000416/0001104659-07-000416-index.htm", "finalLink": "https://www.sec.gov/Archives/edgar/data/897723/000110465907000416/a06-25805_310k.htm", "calculatedOtherExpenses": 163742000, "calculatedOperatingExpenses": 568419000, "calculatedNetInterest": 0, "calculatedOtherIncome": -203470000, "calculatedIncomeNonControlling": -2830000, "calculatedEbitda": 191914000}, {"date": "2005-10-01", "symbol": "SANM", "reportedCurrency": "USD", "cik": "0000897723", "fillingDate": "2005-12-29", "acceptedDate": "2005-12-29 13:40:30", "calendarYear": "2005", "period": "FY", "revenue": 11734674000, "costOfRevenue": 11093631000, "grossProfit": 641043000, "grossProfitRatio": 0.0546281047, "researchAndDevelopmentExpenses": 29731000, "generalAndAdministrativeExpenses": 0, "sellingAndMarketingExpenses": 0, "sellingGeneralAndAdministrativeExpenses": 350474000, "otherExpenses": 608685000, "operatingExpenses": 988890000, "costAndExpenses": 12082521000, "interestIncome": 22536000, "interestExpense": -142319000, "depreciationAndAmortization": 178324000, "ebitda": 556710000, "ebitdaratio": 0.0474414543, "operatingIncome": -465900000, "operatingIncomeRatio": -0.0397028499, "totalOtherIncomeExpensesNet": -726233000, "incomeBeforeTax": -593863000, "incomeBeforeTaxRatio": -0.0506075414, "incomeTaxExpense": 412139000, "netIncome": -1006002000, "netIncomeRatio": -0.0857290113, "eps": -11.62, "epsdiluted": -11.62, "weightedAverageShsOut": 86595316, "weightedAverageShsOutDil": 86595316, "link": "https://www.sec.gov/Archives/edgar/data/897723/000110465905063029/0001104659-05-063029-index.htm", "finalLink": "https://www.sec.gov/Archives/edgar/data/897723/000110465905063029/a05-21815_410k.htm", "calculatedOtherExpenses": 726738000, "calculatedOperatingExpenses": 1106943000, "calculatedNetInterest": 164855000, "calculatedOtherIncome": -292818000, "calculatedIncomeNonControlling": 0, "calculatedEbitda": -287576000}, {"date": "2004-10-02", "symbol": "SANM", "reportedCurrency": "USD", "cik": "0000897723", "fillingDate": "2004-12-29", "acceptedDate": "2004-12-29 17:20:06", "calendarYear": "2004", "period": "FY", "revenue": 12204607000, "costOfRevenue": 11584384000, "grossProfit": 620223000, "grossProfitRatio": 0.0508187605, "researchAndDevelopmentExpenses": 29402000, "generalAndAdministrativeExpenses": 0, "sellingAndMarketingExpenses": 0, "sellingGeneralAndAdministrativeExpenses": 334986000, "otherExpenses": 12750000, "operatingExpenses": 377138000, "costAndExpenses": 11961522000, "interestIncome": 25390000, "interestExpense": -132809000, "depreciationAndAmortization": 190904000, "ebitda": 589439000, "ebitdaratio": 0.0482964343, "operatingIncome": 105701000, "operatingIncomeRatio": 0.0086607459, "totalOtherIncomeExpensesNet": -155450000, "incomeBeforeTax": -15581000, "incomeBeforeTaxRatio": -0.0012766491, "incomeTaxExpense": -600000, "netIncome": -11398000, "netIncomeRatio": -0.0009339096, "eps": -0.13, "epsdiluted": -0.13, "weightedAverageShsOut": 86048505, "weightedAverageShsOutDil": 86048505, "link": "https://www.sec.gov/Archives/edgar/data/897723/000104746904038573/0001047469-04-038573-index.htm", "finalLink": "https://www.sec.gov/Archives/edgar/data/897723/000104746904038573/a2147074z10-k.htm", "calculatedOtherExpenses": 150134000, "calculatedOperatingExpenses": 514522000, "calculatedNetInterest": 158199000, "calculatedOtherIncome": -279481000, "calculatedIncomeNonControlling": -3583000, "calculatedEbitda": 296605000}, {"date": "2003-09-27", "symbol": "SANM", "reportedCurrency": "USD", "cik": "0000897723", "fillingDate": "2003-12-09", "acceptedDate": "2003-12-09 17:24:55", "calendarYear": "2003", "period": "FY", "revenue": 10361434000, "costOfRevenue": 9898964000, "grossProfit": 462470000, "grossProfitRatio": 0.0446337833, "researchAndDevelopmentExpenses": 14952000, "generalAndAdministrativeExpenses": 0, "sellingAndMarketingExpenses": 0, "sellingGeneralAndAdministrativeExpenses": 306734000, "otherExpenses": 102196000, "operatingExpenses": 423882000, "costAndExpenses": 10322846000, "interestIncome": 17700000, "interestExpense": -130263000, "depreciationAndAmortization": 222600000, "ebitda": 481020000, "ebitdaratio": 0.046424076, "operatingIncome": -77876000, "operatingIncomeRatio": -0.0075159481, "totalOtherIncomeExpensesNet": -219832000, "incomeBeforeTax": -198207000, "incomeBeforeTaxRatio": -0.019129302, "incomeTaxExpense": -61050000, "netIncome": -137157000, "netIncomeRatio": -0.0132372604, "eps": -1.61, "epsdiluted": -1.61, "weightedAverageShsOut": 85017170, "weightedAverageShsOutDil": 85017170, "link": "https://www.sec.gov/Archives/edgar/data/897723/000089161803006226/0000891618-03-006226-index.htm", "finalLink": "https://www.sec.gov/Archives/edgar/data/897723/000089161803006226/f94972e10vk.htm", "calculatedOtherExpenses": 218660000, "calculatedOperatingExpenses": 540346000, "calculatedNetInterest": 147963000, "calculatedOtherIncome": -268294000, "calculatedIncomeNonControlling": 0, "calculatedEbitda": 144724000}, {"date": "2002-09-28", "symbol": "SANM", "reportedCurrency": "USD", "cik": "0000897723", "fillingDate": "2002-12-04", "acceptedDate": "2002-12-04 15:11:54", "calendarYear": "2002", "period": "FY", "revenue": 8761630000, "costOfRevenue": 8386929000, "grossProfit": 374701000, "grossProfitRatio": 0.0427661291, "researchAndDevelopmentExpenses": 0, "generalAndAdministrativeExpenses": 0, "sellingAndMarketingExpenses": 0, "sellingGeneralAndAdministrativeExpenses": 287625000, "otherExpenses": 2675757000, "operatingExpenses": 2963382000, "costAndExpenses": 11350311000, "interestIncome": 25292000, "interestExpense": -97833000, "depreciationAndAmortization": 249572000, "ebitda": 240746000, "ebitdaratio": 0.0274773073, "operatingIncome": -2764183000, "operatingIncomeRatio": -0.3154873009, "totalOtherIncomeExpensesNet": -153670000, "incomeBeforeTax": -2814892000, "incomeBeforeTaxRatio": -0.3212749226, "incomeTaxExpense": -118139000, "netIncome": -2696753000, "netIncomeRatio": -0.3077912443, "eps": -33.57, "epsdiluted": -33.57, "weightedAverageShsOut": 80330993, "weightedAverageShsOutDil": 80330993, "link": "https://www.sec.gov/Archives/edgar/data/897723/000089161802005406/0000891618-02-005406-index.htm", "finalLink": "https://www.sec.gov/Archives/edgar/data/897723/000089161802005406/f86269e10vk.htm", "calculatedOtherExpenses": 2851259000, "calculatedOperatingExpenses": 3138884000, "calculatedNetInterest": 123125000, "calculatedOtherIncome": -173834000, "calculatedIncomeNonControlling": 0, "calculatedEbitda": -2514611000}, {"date": "2001-09-29", "symbol": "SANM", "reportedCurrency": "USD", "cik": "0000897723", "fillingDate": "2001-12-21", "acceptedDate": "2001-12-21 00:00:00", "calendarYear": "2001", "period": "FY", "revenue": 4054048000, "costOfRevenue": 3512579000, "grossProfit": 541469000, "grossProfitRatio": 0.1335625528, "researchAndDevelopmentExpenses": 0, "generalAndAdministrativeExpenses": 0, "sellingAndMarketingExpenses": 0, "sellingGeneralAndAdministrativeExpenses": 239683000, "otherExpenses": 66658000, "operatingExpenses": 306341000, "costAndExpenses": 3818920000, "interestIncome": 0, "interestExpense": 0, "depreciationAndAmortization": 180793000, "ebitda": 625680000, "ebitdaratio": 0.1543346305, "operatingIncome": 63473000, "operatingIncomeRatio": 0.0156566967, "totalOtherIncomeExpensesNet": -209759000, "incomeBeforeTax": 82792000, "incomeBeforeTaxRatio": 0.0204220572, "incomeTaxExpense": 42346000, "netIncome": 40446000, "netIncomeRatio": 0.0099766949, "eps": 0.78, "epsdiluted": 0.72, "weightedAverageShsOut": 53226773, "weightedAverageShsOutDil": 55038276, "link": "https://www.sec.gov/Archives/edgar/data/897723/000089161801502766/0000891618-01-502766-index.htm", "finalLink": "https://www.sec.gov/Archives/edgar/data/897723/000089161801502766/f77323e10-k.txt", "calculatedOtherExpenses": 238313000, "calculatedOperatingExpenses": 477996000, "calculatedNetInterest": 0, "calculatedOtherIncome": 19319000, "calculatedIncomeNonControlling": 0, "calculatedEbitda": 244266000}, {"date": "2000-09-30", "symbol": "SANM", "reportedCurrency": "USD", "cik": "0000897723", "fillingDate": "2000-12-18", "acceptedDate": "2000-12-18 00:00:00", "calendarYear": "2000", "period": "FY", "revenue": 3911559000, "costOfRevenue": 3283833000, "grossProfit": 627726000, "grossProfitRatio": 0.1604797473, "researchAndDevelopmentExpenses": 0, "generalAndAdministrativeExpenses": 0, "sellingAndMarketingExpenses": 0, "sellingGeneralAndAdministrativeExpenses": 218896000, "otherExpenses": 30301000, "operatingExpenses": 249197000, "costAndExpenses": 3533030000, "interestIncome": 0, "interestExpense": 0, "depreciationAndAmortization": 157256000, "ebitda": 592825000, "ebitdaratio": 0.151557218, "operatingIncome": 331328000, "operatingIncomeRatio": 0.0847048453, "totalOtherIncomeExpensesNet": -57040000, "incomeBeforeTax": 330239000, "incomeBeforeTaxRatio": 0.0844264397, "incomeTaxExpense": 132946000, "netIncome": 192334000, "netIncomeRatio": 0.0491706759, "eps": 4.14, "epsdiluted": 3.9, "weightedAverageShsOut": 50804101, "weightedAverageShsOutDil": 56225112, "link": "https://www.sec.gov/Archives/edgar/data/897723/000089161800005300/0000891618-00-005300-index.htm", "finalLink": "https://www.sec.gov/Archives/edgar/data/897723/000089161800005300/f67787e10-k405.txt", "calculatedOtherExpenses": 77502000, "calculatedOperatingExpenses": 296398000, "calculatedNetInterest": 0, "calculatedOtherIncome": -1089000, "calculatedIncomeNonControlling": 4959000, "calculatedEbitda": 488584000}, {"date": "1999-10-02", "symbol": "SANM", "reportedCurrency": "USD", "cik": "0000897723", "fillingDate": "1999-12-15", "acceptedDate": "1999-12-15 00:00:00", "calendarYear": "1999", "period": "FY", "revenue": 1214700000, "costOfRevenue": 962600000, "grossProfit": 252100000, "grossProfitRatio": 0.2075409566, "researchAndDevelopmentExpenses": 0, "generalAndAdministrativeExpenses": 0, "sellingAndMarketingExpenses": 0, "sellingGeneralAndAdministrativeExpenses": 91700000, "otherExpenses": 14600000, "operatingExpenses": 106300000, "costAndExpenses": 1068900000, "interestIncome": 0, "interestExpense": 0, "depreciationAndAmortization": 45500000, "ebitda": 200700000, "ebitdaratio": 0.1652259817, "operatingIncome": 140300000, "operatingIncomeRatio": 0.11550177, "totalOtherIncomeExpensesNet": -9400000, "incomeBeforeTax": 147900000, "incomeBeforeTaxRatio": 0.1217584589, "incomeTaxExpense": 54200000, "netIncome": 93700000, "netIncomeRatio": 0.0771383881, "eps": 2.22, "epsdiluted": 2.1, "weightedAverageShsOut": 50054766, "weightedAverageShsOutDil": 50054766, "link": "https://www.sec.gov/Archives/edgar/data/897723/000089161899005698/0000891618-99-005698-index.html", "finalLink": "https://www.sec.gov/Archives/edgar/data/897723/000089161899005698/", "calculatedOtherExpenses": 20100000, "calculatedOperatingExpenses": 111800000, "calculatedNetInterest": 0, "calculatedOtherIncome": 7600000, "calculatedIncomeNonControlling": 0, "calculatedEbitda": 185800000}, {"date": "1998-09-30", "symbol": "SANM", "reportedCurrency": "USD", "cik": "0000897723", "fillingDate": "1998-12-21", "acceptedDate": "1998-12-21 00:00:00", "calendarYear": "1998", "period": "FY", "revenue": 722600000, "costOfRevenue": 563900000, "grossProfit": 158700000, "grossProfitRatio": 0.2196235815, "researchAndDevelopmentExpenses": 0, "generalAndAdministrativeExpenses": 0, "sellingAndMarketingExpenses": 0, "sellingGeneralAndAdministrativeExpenses": 43800000, "otherExpenses": 3000000, "operatingExpenses": 46800000, "costAndExpenses": 610700000, "interestIncome": 0, "interestExpense": 0, "depreciationAndAmortization": 27300000, "ebitda": 143800000, "ebitdaratio": 0.1990035981, "operatingIncome": 108000000, "operatingIncomeRatio": 0.1494602823, "totalOtherIncomeExpensesNet": -4600000, "incomeBeforeTax": 107300000, "incomeBeforeTaxRatio": 0.1484915583, "incomeTaxExpense": 39200000, "netIncome": 68200000, "netIncomeRatio": 0.0943814005, "eps": 0.9, "epsdiluted": 0.84, "weightedAverageShsOut": 47728095, "weightedAverageShsOutDil": 47728095, "link": "https://www.sec.gov/Archives/edgar/data/897723/000089161898005435/0000891618-98-005435-index.html", "finalLink": "https://www.sec.gov/Archives/edgar/data/897723/", "calculatedOtherExpenses": 6900000, "calculatedOperatingExpenses": 50700000, "calculatedNetInterest": 0, "calculatedOtherIncome": -700000, "calculatedIncomeNonControlling": -100000, "calculatedEbitda": 135300000}, {"date": "1997-09-30", "symbol": "SANM", "reportedCurrency": "USD", "cik": "0000897723", "fillingDate": "1997-12-22", "acceptedDate": "1997-12-22 00:00:00", "calendarYear": "1997", "period": "FY", "revenue": 405200000, "costOfRevenue": 310400000, "grossProfit": 94800000, "grossProfitRatio": 0.233958539, "researchAndDevelopmentExpenses": 0, "generalAndAdministrativeExpenses": 0, "sellingAndMarketingExpenses": 0, "sellingGeneralAndAdministrativeExpenses": 25500000, "otherExpenses": 2000000, "operatingExpenses": 27500000, "costAndExpenses": 337900000, "interestIncome": 0, "interestExpense": 0, "depreciationAndAmortization": 12900000, "ebitda": 80200000, "ebitdaratio": 0.1979269497, "operatingIncome": 67300000, "operatingIncomeRatio": 0.1660908193, "totalOtherIncomeExpensesNet": -200000, "incomeBeforeTax": 67100000, "incomeBeforeTaxRatio": 0.1655972359, "incomeTaxExpense": 26200000, "netIncome": 40900000, "netIncomeRatio": 0.1009378085, "eps": 1.56, "epsdiluted": 1.38, "weightedAverageShsOut": 24285381, "weightedAverageShsOutDil": 28482723, "link": "https://www.sec.gov/Archives/edgar/data/897723/000089161897005030/0000891618-97-005030-index.html", "finalLink": "https://www.sec.gov/Archives/edgar/data/897723/", "calculatedOtherExpenses": 2000000, "calculatedOperatingExpenses": 27500000, "calculatedNetInterest": 0, "calculatedOtherIncome": -200000, "calculatedIncomeNonControlling": 0, "calculatedEbitda": 80200000}, {"date": "1996-09-30", "symbol": "SANM", "reportedCurrency": "USD", "cik": "0000897723", "fillingDate": "1996-12-24", "acceptedDate": "1996-12-24 00:00:00", "calendarYear": "1996", "period": "FY", "revenue": 265100000, "costOfRevenue": 201500000, "grossProfit": 63600000, "grossProfitRatio": 0.2399094681, "researchAndDevelopmentExpenses": 0, "generalAndAdministrativeExpenses": 0, "sellingAndMarketingExpenses": 0, "sellingGeneralAndAdministrativeExpenses": 16600000, "otherExpenses": 1700000, "operatingExpenses": 18300000, "costAndExpenses": 219800000, "interestIncome": 0, "interestExpense": 0, "depreciationAndAmortization": 8100000, "ebitda": 53400000, "ebitdaratio": 0.2014334214, "operatingIncome": 45200000, "operatingIncomeRatio": 0.1705016975, "totalOtherIncomeExpensesNet": 100000, "incomeBeforeTax": 45300000, "incomeBeforeTaxRatio": 0.1708789136, "incomeTaxExpense": 17200000, "netIncome": 28100000, "netIncomeRatio": 0.1059977367, "eps": 1.44, "epsdiluted": 1.26, "weightedAverageShsOut": 25416718, "weightedAverageShsOutDil": 29047677, "link": "https://www.sec.gov/Archives/edgar/data/897723/000089161896003169/0000891618-96-003169-index.html", "finalLink": "https://www.sec.gov/Archives/edgar/data/897723/", "calculatedOtherExpenses": 1800000, "calculatedOperatingExpenses": 18400000, "calculatedNetInterest": 0, "calculatedOtherIncome": 100000, "calculatedIncomeNonControlling": 0, "calculatedEbitda": 53300000}, {"date": "1995-09-30", "symbol": "SANM", "reportedCurrency": "USD", "cik": "0000897723", "fillingDate": "1995-09-30", "acceptedDate": "1995-09-29 20:00:00", "calendarYear": "1995", "period": "FY", "revenue": 167800000, "costOfRevenue": 124200000, "grossProfit": 43600000, "grossProfitRatio": 0.2598331347, "researchAndDevelopmentExpenses": 0, "generalAndAdministrativeExpenses": 0, "sellingAndMarketingExpenses": 0, "sellingGeneralAndAdministrativeExpenses": 11800000, "otherExpenses": 4700000, "operatingExpenses": 16500000, "costAndExpenses": 140700000, "interestIncome": 0, "interestExpense": 0, "depreciationAndAmortization": 4700000, "ebitda": 30200000, "ebitdaratio": 0.1799761621, "operatingIncome": 27100000, "operatingIncomeRatio": 0.1615017878, "totalOtherIncomeExpensesNet": 1600000, "incomeBeforeTax": 28000000, "incomeBeforeTaxRatio": 0.1668653159, "incomeTaxExpense": 11000000, "netIncome": 17000000, "netIncomeRatio": 0.1013110846, "eps": 0.78, "epsdiluted": 0.78, "weightedAverageShsOut": 21794915, "weightedAverageShsOutDil": 21794915, "link": "", "finalLink": "", "calculatedOtherExpenses": 4700000, "calculatedOperatingExpenses": 16500000, "calculatedNetInterest": 0, "calculatedOtherIncome": 900000, "calculatedIncomeNonControlling": 0, "calculatedEbitda": 31800000}, {"date": "1994-09-30", "symbol": "SANM", "reportedCurrency": "USD", "cik": "0000897723", "fillingDate": "1994-09-30", "acceptedDate": "1994-09-29 20:00:00", "calendarYear": "1994", "period": "FY", "revenue": 115100000, "costOfRevenue": 82800000, "grossProfit": 32300000, "grossProfitRatio": 0.280625543, "researchAndDevelopmentExpenses": 0, "generalAndAdministrativeExpenses": 0, "sellingAndMarketingExpenses": 0, "sellingGeneralAndAdministrativeExpenses": 9200000, "otherExpenses": 5100000, "operatingExpenses": 14300000, "costAndExpenses": 97100000, "interestIncome": 0, "interestExpense": 0, "depreciationAndAmortization": 5100000, "ebitda": 37400000, "ebitdaratio": 0.3249348393, "operatingIncome": 18000000, "operatingIncomeRatio": 0.1563857515, "totalOtherIncomeExpensesNet": -14300000, "incomeBeforeTax": 3600000, "incomeBeforeTaxRatio": 0.0312771503, "incomeTaxExpense": 6700000, "netIncome": -3100000, "netIncomeRatio": -0.0269331017, "eps": -0.18, "epsdiluted": -0.18, "weightedAverageShsOut": 17222257, "weightedAverageShsOutDil": 17222257, "link": "", "finalLink": "", "calculatedOtherExpenses": 5100000, "calculatedOperatingExpenses": 14300000, "calculatedNetInterest": 0, "calculatedOtherIncome": -14400000, "calculatedIncomeNonControlling": 0, "calculatedEbitda": 23100000}, {"date": "1993-09-30", "symbol": "SANM", "reportedCurrency": "USD", "cik": "0000897723", "fillingDate": "1993-09-30", "acceptedDate": "1993-09-29 20:00:00", "calendarYear": "1993", "period": "FY", "revenue": 88500000, "costOfRevenue": 64100000, "grossProfit": 24400000, "grossProfitRatio": 0.2757062147, "researchAndDevelopmentExpenses": 0, "generalAndAdministrativeExpenses": 0, "sellingAndMarketingExpenses": 0, "sellingGeneralAndAdministrativeExpenses": 7800000, "otherExpenses": 4100000, "operatingExpenses": 11900000, "costAndExpenses": 76000000, "interestIncome": 0, "interestExpense": 0, "depreciationAndAmortization": 4100000, "ebitda": 16600000, "ebitdaratio": 0.1875706215, "operatingIncome": 12500000, "operatingIncomeRatio": 0.1412429379, "totalOtherIncomeExpensesNet": -2700000, "incomeBeforeTax": 9800000, "incomeBeforeTaxRatio": 0.1107344633, "incomeTaxExpense": 3900000, "netIncome": 5100000, "netIncomeRatio": 0.0576271186, "eps": 0.36, "epsdiluted": 0.36, "weightedAverageShsOut": 14166695, "weightedAverageShsOutDil": 14166695, "link": "", "finalLink": "", "calculatedOtherExpenses": 4100000, "calculatedOperatingExpenses": 11900000, "calculatedNetInterest": 0, "calculatedOtherIncome": -2700000, "calculatedIncomeNonControlling": 800000, "calculatedEbitda": 16600000}, {"date": "1992-09-30", "symbol": "SANM", "reportedCurrency": "USD", "cik": "0000897723", "fillingDate": "1992-09-30", "acceptedDate": "1992-09-29 20:00:00", "calendarYear": "1992", "period": "FY", "revenue": 65100000, "costOfRevenue": 50700000, "grossProfit": 14400000, "grossProfitRatio": 0.2211981567, "researchAndDevelopmentExpenses": 0, "generalAndAdministrativeExpenses": 0, "sellingAndMarketingExpenses": 0, "sellingGeneralAndAdministrativeExpenses": 5900000, "otherExpenses": 4300000, "operatingExpenses": 10200000, "costAndExpenses": 60900000, "interestIncome": 0, "interestExpense": 0, "depreciationAndAmortization": 4300000, "ebitda": 10100000, "ebitdaratio": 0.1551459293, "operatingIncome": 4200000, "operatingIncomeRatio": 0.064516129, "totalOtherIncomeExpensesNet": -1600000, "incomeBeforeTax": -1300000, "incomeBeforeTaxRatio": -0.019969278, "incomeTaxExpense": 200000, "netIncome": -1500000, "netIncomeRatio": -0.0230414747, "eps": -0.12, "epsdiluted": -0.12, "weightedAverageShsOut": 12500025, "weightedAverageShsOutDil": 12500025, "link": "", "finalLink": "", "calculatedOtherExpenses": 4300000, "calculatedOperatingExpenses": 10200000, "calculatedNetInterest": 0, "calculatedOtherIncome": -5500000, "calculatedIncomeNonControlling": 0, "calculatedEbitda": 8500000}, {"date": "1991-09-30", "symbol": "SANM", "reportedCurrency": "USD", "cik": "0000897723", "fillingDate": "1991-09-30", "acceptedDate": "1991-09-29 20:00:00", "calendarYear": "1991", "period": "FY", "revenue": 58900000, "costOfRevenue": 43500000, "grossProfit": 15400000, "grossProfitRatio": 0.2614601019, "researchAndDevelopmentExpenses": 0, "generalAndAdministrativeExpenses": 0, "sellingAndMarketingExpenses": 0, "sellingGeneralAndAdministrativeExpenses": 6100000, "otherExpenses": 4300000, "operatingExpenses": 10400000, "costAndExpenses": 53900000, "interestIncome": 0, "interestExpense": 0, "depreciationAndAmortization": 4300000, "ebitda": 10000000, "ebitdaratio": 0.1697792869, "operatingIncome": 5000000, "operatingIncomeRatio": 0.0848896435, "totalOtherIncomeExpensesNet": -700000, "incomeBeforeTax": -400000, "incomeBeforeTaxRatio": -0.0067911715, "incomeTaxExpense": 300000, "netIncome": -2000000, "netIncomeRatio": -0.0339558574, "eps": -0.18, "epsdiluted": -0.18, "weightedAverageShsOut": 11111133, "weightedAverageShsOutDil": 11111133, "link": "", "finalLink": "", "calculatedOtherExpenses": 4300000, "calculatedOperatingExpenses": 10400000, "calculatedNetInterest": 0, "calculatedOtherIncome": -5400000, "calculatedIncomeNonControlling": 1300000, "calculatedEbitda": 9300000}]}