{"originalCurrency": "USD", "convertedCurrency": "USD", "report": [{"date": "2023-12-31", "symbol": "SBAC", "reportedCurrency": "USD", "cik": "0001034054", "fillingDate": "2024-02-28", "acceptedDate": "2024-02-28 17:26:56", "calendarYear": "2023", "period": "FY", "revenue": 2711584000, "costOfRevenue": 1341668000, "grossProfit": 1369916000, "grossProfitRatio": 0.5052087636, "researchAndDevelopmentExpenses": 0, "generalAndAdministrativeExpenses": 0, "sellingAndMarketingExpenses": 0, "sellingGeneralAndAdministrativeExpenses": 267936000, "otherExpenses": -270805000, "operatingExpenses": 270805000, "costAndExpenses": 1614773000, "interestIncome": 18305000, "interestExpense": 426887000, "depreciationAndAmortization": 736515000, "ebitda": 1835626000, "ebitdaratio": 0.6769570849, "operatingIncome": 1099111000, "operatingIncomeRatio": 0.4053390933, "totalOtherIncomeExpensesNet": -550608000, "incomeBeforeTax": 548503000, "incomeBeforeTaxRatio": 0.2022813971, "incomeTaxExpense": 51088000, "netIncome": 501812000, "netIncomeRatio": 0.1850623104, "eps": 4.64, "epsdiluted": 4.61, "weightedAverageShsOut": 108204000, "weightedAverageShsOutDil": 108907000, "link": "https://www.sec.gov/Archives/edgar/data/1034054/000103405424000002/0001034054-24-000002-index.htm", "finalLink": "https://www.sec.gov/Archives/edgar/data/1034054/000103405424000002/sbac-20231231x10k.htm", "calculatedOtherExpenses": 2869000, "calculatedOperatingExpenses": 270805000, "calculatedNetInterest": -408582000, "calculatedOtherIncome": -142026000, "calculatedIncomeNonControlling": -4397000, "calculatedEbitda": 1835626000}, {"date": "2022-12-31", "symbol": "SBAC", "reportedCurrency": "USD", "cik": "0001034054", "fillingDate": "2023-03-01", "acceptedDate": "2023-02-28 17:37:46", "calendarYear": "2022", "period": "FY", "revenue": 2633454000, "costOfRevenue": 668650000, "grossProfit": 1964804000, "grossProfitRatio": 0.7460939132, "researchAndDevelopmentExpenses": 0, "generalAndAdministrativeExpenses": 0, "sellingAndMarketingExpenses": 0, "sellingGeneralAndAdministrativeExpenses": 261853000, "otherExpenses": 707576000, "operatingExpenses": 969429000, "costAndExpenses": 1638079000, "interestIncome": 10133000, "interestExpense": 399893000, "depreciationAndAmortization": 778308000, "ebitda": 1703716000, "ebitdaratio": 0.6469511144, "operatingIncome": 925408000, "operatingIncomeRatio": 0.3514046572, "totalOtherIncomeExpensesNet": -399565000, "incomeBeforeTax": 525843000, "incomeBeforeTaxRatio": 0.1996780654, "incomeTaxExpense": 66044000, "netIncome": 461429000, "netIncomeRatio": 0.1752181735, "eps": 4.27, "epsdiluted": 4.22, "weightedAverageShsOut": 107957000, "weightedAverageShsOutDil": 109386000, "link": "https://www.sec.gov/Archives/edgar/data/1034054/000103405423000002/0001034054-23-000002-index.htm", "finalLink": "https://www.sec.gov/Archives/edgar/data/1034054/000103405423000002/sbac-20221231x10k.htm", "calculatedOtherExpenses": 777543000, "calculatedOperatingExpenses": 1039396000, "calculatedNetInterest": -389760000, "calculatedOtherIncome": -9805000, "calculatedIncomeNonControlling": -1630000, "calculatedEbitda": 1703716000}, {"date": "2021-12-31", "symbol": "SBAC", "reportedCurrency": "USD", "cik": "0001034054", "fillingDate": "2022-03-01", "acceptedDate": "2022-03-01 15:58:55", "calendarYear": "2021", "period": "FY", "revenue": 2308834000, "costOfRevenue": 545484000, "grossProfit": 1763350000, "grossProfitRatio": 0.7637404855, "researchAndDevelopmentExpenses": 0, "generalAndAdministrativeExpenses": 0, "sellingAndMarketingExpenses": 0, "sellingGeneralAndAdministrativeExpenses": 220029000, "otherExpenses": 700161000, "operatingExpenses": 920190000, "costAndExpenses": 1465674000, "interestIncome": 3448000, "interestExpense": 400004000, "depreciationAndAmortization": 670401000, "ebitda": 1452896000, "ebitdaratio": 0.6292769424, "operatingIncome": 782495000, "operatingIncomeRatio": 0.3389134949, "totalOtherIncomeExpensesNet": -529931000, "incomeBeforeTax": 252564000, "incomeBeforeTaxRatio": 0.109390281, "incomeTaxExpense": 14940000, "netIncome": 237624000, "netIncomeRatio": 0.1029194823, "eps": 2.17, "epsdiluted": 2.14, "weightedAverageShsOut": 109328000, "weightedAverageShsOutDil": 111177000, "link": "https://www.sec.gov/Archives/edgar/data/1034054/000103405422000002/0001034054-22-000002-index.htm", "finalLink": "https://www.sec.gov/Archives/edgar/data/1034054/000103405422000002/sbac-20211231x10k.htm", "calculatedOtherExpenses": 760826000, "calculatedOperatingExpenses": 980855000, "calculatedNetInterest": -396556000, "calculatedOtherIncome": -133375000, "calculatedIncomeNonControlling": 0, "calculatedEbitda": 1452896000}, {"date": "2020-12-31", "symbol": "SBAC", "reportedCurrency": "USD", "cik": "0001034054", "fillingDate": "2021-02-25", "acceptedDate": "2021-02-25 16:36:03", "calendarYear": "2020", "period": "FY", "revenue": 2083138000, "costOfRevenue": 476528000, "grossProfit": 1606610000, "grossProfitRatio": 0.7712451119, "researchAndDevelopmentExpenses": 0, "generalAndAdministrativeExpenses": 0, "sellingAndMarketingExpenses": 0, "sellingGeneralAndAdministrativeExpenses": 194267000, "otherExpenses": 721970000, "operatingExpenses": 916237000, "costAndExpenses": 1392765000, "interestIncome": 2981000, "interestExpense": 392744000, "depreciationAndAmortization": 721970000, "ebitda": 1173107000, "ebitdaratio": 0.5631441604, "operatingIncome": 451137000, "operatingIncomeRatio": 0.2165660652, "totalOtherIncomeExpensesNet": -468886000, "incomeBeforeTax": -17749000, "incomeBeforeTaxRatio": -0.0085203189, "incomeTaxExpense": -41796000, "netIncome": 24104000, "netIncomeRatio": 0.0115710049, "eps": 0.22, "epsdiluted": 0.21, "weightedAverageShsOut": 111532000, "weightedAverageShsOutDil": 113465000, "link": "https://www.sec.gov/Archives/edgar/data/1034054/000103405421000003/0001034054-21-000003-index.htm", "finalLink": "https://www.sec.gov/Archives/edgar/data/1034054/000103405421000003/sbac-20201231x10k.htm", "calculatedOtherExpenses": 961206000, "calculatedOperatingExpenses": 1155473000, "calculatedNetInterest": -389763000, "calculatedOtherIncome": -79123000, "calculatedIncomeNonControlling": -57000, "calculatedEbitda": 1173107000}, {"date": "2019-12-31", "symbol": "SBAC", "reportedCurrency": "USD", "cik": "0001034054", "fillingDate": "2020-02-24", "acceptedDate": "2020-02-24 15:56:25", "calendarYear": "2019", "period": "FY", "revenue": 2014645000, "costOfRevenue": 493031000, "grossProfit": 1521614000, "grossProfitRatio": 0.7552764879, "researchAndDevelopmentExpenses": 0, "generalAndAdministrativeExpenses": 0, "sellingAndMarketingExpenses": 0, "sellingGeneralAndAdministrativeExpenses": 192717000, "otherExpenses": 697078000, "operatingExpenses": 889795000, "costAndExpenses": 1382826000, "interestIncome": 5500000, "interestExpense": 393229000, "depreciationAndAmortization": 742496000, "ebitda": 1325984000, "ebitdaratio": 0.6581725316, "operatingIncome": 583488000, "operatingIncomeRatio": 0.2896232339, "totalOtherIncomeExpensesNet": -396599000, "incomeBeforeTax": 186889000, "incomeBeforeTaxRatio": 0.0927652266, "incomeTaxExpense": 39605000, "netIncome": 146991000, "netIncomeRatio": 0.0729612413, "eps": 1.3, "epsdiluted": 1.28, "weightedAverageShsOut": 112809000, "weightedAverageShsOutDil": 114693000, "link": "https://www.sec.gov/Archives/edgar/data/1034054/000103405420000003/0001034054-20-000003-index.htm", "finalLink": "https://www.sec.gov/Archives/edgar/data/1034054/000103405420000003/sbac-20191231x10k.htm", "calculatedOtherExpenses": 745409000, "calculatedOperatingExpenses": 938126000, "calculatedNetInterest": -387729000, "calculatedOtherIncome": -8870000, "calculatedIncomeNonControlling": 293000, "calculatedEbitda": 1325984000}, {"date": "2018-12-31", "symbol": "SBAC", "reportedCurrency": "USD", "cik": "0001034054", "fillingDate": "2019-02-28", "acceptedDate": "2019-02-28 16:54:16", "calendarYear": "2018", "period": "FY", "revenue": 1865695000, "costOfRevenue": 468795000, "grossProfit": 1396900000, "grossProfitRatio": 0.7487290259, "researchAndDevelopmentExpenses": 0, "generalAndAdministrativeExpenses": 142526000, "sellingAndMarketingExpenses": 0, "sellingGeneralAndAdministrativeExpenses": 142526000, "otherExpenses": -85624000, "operatingExpenses": 814639000, "costAndExpenses": 1283434000, "interestIncome": 6731000, "interestExpense": 378857000, "depreciationAndAmortization": 672113000, "ebitda": 1155192000, "ebitdaratio": 0.6191751599, "operatingIncome": 544166000, "operatingIncomeRatio": 0.2916693243, "totalOtherIncomeExpensesNet": -138162000, "incomeBeforeTax": 51684000, "incomeBeforeTaxRatio": 0.0277022772, "incomeTaxExpense": 4233000, "netIncome": 47451000, "netIncomeRatio": 0.0254334176, "eps": 0.41, "epsdiluted": 0.41, "weightedAverageShsOut": 114909000, "weightedAverageShsOutDil": 116515000, "link": "https://www.sec.gov/Archives/edgar/data/1034054/000103405419000002/0001034054-19-000002-index.htm", "finalLink": "https://www.sec.gov/Archives/edgar/data/1034054/000103405419000002/sbac-20181231x10k.htm", "calculatedOtherExpenses": 710208000, "calculatedOperatingExpenses": 852734000, "calculatedNetInterest": -372126000, "calculatedOtherIncome": -120356000, "calculatedIncomeNonControlling": 0, "calculatedEbitda": 1216279000}, {"date": "2017-12-31", "symbol": "SBAC", "reportedCurrency": "USD", "cik": "0001034054", "fillingDate": "2018-03-01", "acceptedDate": "2018-03-01 12:56:25", "calendarYear": "2017", "period": "FY", "revenue": 1727674000, "costOfRevenue": 446312000, "grossProfit": 1281362000, "grossProfitRatio": 0.7416688565, "researchAndDevelopmentExpenses": 0, "generalAndAdministrativeExpenses": 130697000, "sellingAndMarketingExpenses": 0, "sellingGeneralAndAdministrativeExpenses": 130697000, "otherExpenses": -2418000, "operatingExpenses": 773797000, "costAndExpenses": 1220109000, "interestIncome": 11337000, "interestExpense": 326628000, "depreciationAndAmortization": 643101000, "ebitda": 1137645000, "ebitdaratio": 0.6584836028, "operatingIncome": 458501000, "operatingIncomeRatio": 0.2653862939, "totalOtherIncomeExpensesNet": -53443000, "incomeBeforeTax": 116891000, "incomeBeforeTaxRatio": 0.0676580188, "incomeTaxExpense": 13237000, "netIncome": 103654000, "netIncomeRatio": 0.0599962724, "eps": 0.86, "epsdiluted": 0.86, "weightedAverageShsOut": 119860000, "weightedAverageShsOutDil": 121022000, "link": "https://www.sec.gov/Archives/edgar/data/1034054/000103405418000003/0001034054-18-000003-index.htm", "finalLink": "https://www.sec.gov/Archives/edgar/data/1034054/000103405418000003/sbac-20171231x10k.htm", "calculatedOtherExpenses": 692164000, "calculatedOperatingExpenses": 822861000, "calculatedNetInterest": -315291000, "calculatedOtherIncome": -26319000, "calculatedIncomeNonControlling": 0, "calculatedEbitda": 1101602000}, {"date": "2016-12-31", "symbol": "SBAC", "reportedCurrency": "USD", "cik": "0001034054", "fillingDate": "2017-03-01", "acceptedDate": "2017-03-01 14:05:19", "calendarYear": "2016", "period": "FY", "revenue": 1633125000, "costOfRevenue": 420897000, "grossProfit": 1212228000, "grossProfitRatio": 0.7422750861, "researchAndDevelopmentExpenses": 0, "generalAndAdministrativeExpenses": 143349000, "sellingAndMarketingExpenses": 0, "sellingGeneralAndAdministrativeExpenses": 143349000, "otherExpenses": 94278000, "operatingExpenses": 781538000, "costAndExpenses": 1202435000, "interestIncome": 10928000, "interestExpense": 331374000, "depreciationAndAmortization": 638189000, "ebitda": 1152949000, "ebitdaratio": 0.705977191, "operatingIncome": 387308000, "operatingIncomeRatio": 0.2371575966, "totalOtherIncomeExpensesNet": -1805000, "incomeBeforeTax": 87303000, "incomeBeforeTaxRatio": 0.0534576349, "incomeTaxExpense": 11065000, "netIncome": 76238000, "netIncomeRatio": 0.0466822809, "eps": 0.61, "epsdiluted": 0.61, "weightedAverageShsOut": 124448000, "weightedAverageShsOutDil": 125144000, "link": "https://www.sec.gov/Archives/edgar/data/1034054/000103405417000003/0001034054-17-000003-index.htm", "finalLink": "https://www.sec.gov/Archives/edgar/data/1034054/000103405417000003/sbac-20161231x10k.htm", "calculatedOtherExpenses": 681571000, "calculatedOperatingExpenses": 824920000, "calculatedNetInterest": -320446000, "calculatedOtherIncome": 20441000, "calculatedIncomeNonControlling": 0, "calculatedEbitda": 1025497000}, {"date": "2015-12-31", "symbol": "SBAC", "reportedCurrency": "USD", "cik": "0001034054", "fillingDate": "2016-02-26", "acceptedDate": "2016-02-26 12:05:00", "calendarYear": "2015", "period": "FY", "revenue": 1638474000, "costOfRevenue": 444399000, "grossProfit": 1194075000, "grossProfitRatio": 0.7287726262, "researchAndDevelopmentExpenses": 0, "generalAndAdministrativeExpenses": 114951000, "sellingAndMarketingExpenses": 0, "sellingGeneralAndAdministrativeExpenses": 114951000, "otherExpenses": -139137000, "operatingExpenses": 774972000, "costAndExpenses": 1219371000, "interestIncome": 3894000, "interestExpense": 323871000, "depreciationAndAmortization": 660021000, "ebitda": 924727000, "ebitdaratio": 0.5643830784, "operatingIncome": 312456000, "operatingIncomeRatio": 0.1906993947, "totalOtherIncomeExpensesNet": -246567000, "incomeBeforeTax": -166595000, "incomeBeforeTaxRatio": -0.1016769262, "incomeTaxExpense": 9061000, "netIncome": -175656000, "netIncomeRatio": -0.1072070719, "eps": -1.37, "epsdiluted": -1.37, "weightedAverageShsOut": 127794000, "weightedAverageShsOutDil": 127794000, "link": "https://www.sec.gov/Archives/edgar/data/1034054/000103405416000018/0001034054-16-000018-index.htm", "finalLink": "https://www.sec.gov/Archives/edgar/data/1034054/000103405416000018/sbac-20151231x10k.htm", "calculatedOtherExpenses": 766668000, "calculatedOperatingExpenses": 881619000, "calculatedNetInterest": -319977000, "calculatedOtherIncome": -159074000, "calculatedIncomeNonControlling": 0, "calculatedEbitda": 972477000}, {"date": "2014-12-31", "symbol": "SBAC", "reportedCurrency": "USD", "cik": "0001034054", "fillingDate": "2015-03-02", "acceptedDate": "2015-03-02 14:09:56", "calendarYear": "2014", "period": "FY", "revenue": 1526996000, "costOfRevenue": 428485000, "grossProfit": 1098511000, "grossProfitRatio": 0.719393502, "researchAndDevelopmentExpenses": 0, "generalAndAdministrativeExpenses": 103317000, "sellingAndMarketingExpenses": 0, "sellingGeneralAndAdministrativeExpenses": 103317000, "otherExpenses": 10628000, "operatingExpenses": 730389000, "costAndExpenses": 1158874000, "interestIncome": 677000, "interestExpense": 319712000, "depreciationAndAmortization": 627071000, "ebitda": 988927000, "ebitdaratio": 0.6476290704, "operatingIncome": 336523000, "operatingIncomeRatio": 0.2203823717, "totalOtherIncomeExpensesNet": -47175000, "incomeBeforeTax": -15660000, "incomeBeforeTaxRatio": -0.0102554296, "incomeTaxExpense": 8635000, "netIncome": -24295000, "netIncomeRatio": -0.0159103233, "eps": -0.19, "epsdiluted": -0.19, "weightedAverageShsOut": 127868421, "weightedAverageShsOutDil": 128919000, "link": "https://www.sec.gov/Archives/edgar/data/1034054/000103405415000004/0001034054-15-000004-index.htm", "finalLink": "https://www.sec.gov/Archives/edgar/data/1034054/000103405415000004/sbac-20141231x10k.htm", "calculatedOtherExpenses": 658671000, "calculatedOperatingExpenses": 761988000, "calculatedNetInterest": -319035000, "calculatedOtherIncome": -33148000, "calculatedIncomeNonControlling": 0, "calculatedEbitda": 963594000}, {"date": "2013-12-31", "symbol": "SBAC", "reportedCurrency": "USD", "cik": "0001034054", "fillingDate": "2014-02-27", "acceptedDate": "2014-02-26 19:14:09", "calendarYear": "2013", "period": "FY", "revenue": 1304866000, "costOfRevenue": 408253000, "grossProfit": 896613000, "grossProfitRatio": 0.687130326, "researchAndDevelopmentExpenses": 0, "generalAndAdministrativeExpenses": 85476000, "sellingAndMarketingExpenses": 0, "sellingGeneralAndAdministrativeExpenses": 85476000, "otherExpenses": 31138000, "operatingExpenses": 618810000, "costAndExpenses": 1027063000, "interestIncome": 1794000, "interestExpense": 298136000, "depreciationAndAmortization": 533334000, "ebitda": 828509000, "ebitdaratio": 0.6349379936, "operatingIncome": 229645000, "operatingIncomeRatio": 0.1759912512, "totalOtherIncomeExpensesNet": -23119000, "incomeBeforeTax": -57218000, "incomeBeforeTaxRatio": -0.0438497133, "incomeTaxExpense": -1309000, "netIncome": -55909000, "netIncomeRatio": -0.0428465452, "eps": -0.44, "epsdiluted": -0.44, "weightedAverageShsOut": 127769000, "weightedAverageShsOutDil": 127769000, "link": "https://www.sec.gov/Archives/edgar/data/1034054/000103405414000004/0001034054-14-000004-index.htm", "finalLink": "https://www.sec.gov/Archives/edgar/data/1034054/000103405414000004/sbac-20131231x10k.htm", "calculatedOtherExpenses": 581492000, "calculatedOperatingExpenses": 666968000, "calculatedNetInterest": -296342000, "calculatedOtherIncome": 9479000, "calculatedIncomeNonControlling": 0, "calculatedEbitda": 762979000}, {"date": "2012-12-31", "symbol": "SBAC", "reportedCurrency": "USD", "cik": "0001034054", "fillingDate": "2013-02-27", "acceptedDate": "2013-02-27 16:24:41", "calendarYear": "2012", "period": "FY", "revenue": 954084000, "costOfRevenue": 279507000, "grossProfit": 674577000, "grossProfitRatio": 0.7070415184, "researchAndDevelopmentExpenses": 0, "generalAndAdministrativeExpenses": 72148000, "sellingAndMarketingExpenses": 0, "sellingGeneralAndAdministrativeExpenses": 72148000, "otherExpenses": 5654000, "operatingExpenses": 480615000, "costAndExpenses": 760122000, "interestIncome": 1128000, "interestExpense": 266351000, "depreciationAndAmortization": 408467000, "ebitda": 596341000, "ebitdaratio": 0.6250403528, "operatingIncome": 147146000, "operatingIncomeRatio": 0.1542275104, "totalOtherIncomeExpensesNet": -92961000, "incomeBeforeTax": -177092000, "incomeBeforeTaxRatio": -0.1856146838, "incomeTaxExpense": 6594000, "netIncome": -181037000, "netIncomeRatio": -0.1897495399, "eps": -1.51, "epsdiluted": -1.51, "weightedAverageShsOut": 120280000, "weightedAverageShsOutDil": 120280000, "link": "https://www.sec.gov/Archives/edgar/data/1034054/000119312513080059/0001193125-13-080059-index.htm", "finalLink": "https://www.sec.gov/Archives/edgar/data/1034054/000119312513080059/d450617d10k.htm", "calculatedOtherExpenses": 455283000, "calculatedOperatingExpenses": 527431000, "calculatedNetInterest": -265223000, "calculatedOtherIncome": -59015000, "calculatedIncomeNonControlling": -2649000, "calculatedEbitda": 555613000}, {"date": "2011-12-31", "symbol": "SBAC", "reportedCurrency": "USD", "cik": "0001034054", "fillingDate": "2012-02-27", "acceptedDate": "2012-02-27 14:52:12", "calendarYear": "2011", "period": "FY", "revenue": 698170000, "costOfRevenue": 202921000, "grossProfit": 495249000, "grossProfitRatio": 0.7093530229, "researchAndDevelopmentExpenses": 0, "generalAndAdministrativeExpenses": 62828000, "sellingAndMarketingExpenses": 0, "sellingGeneralAndAdministrativeExpenses": 62828000, "otherExpenses": 309146000, "operatingExpenses": 371974000, "costAndExpenses": 574895000, "interestIncome": 136000, "interestExpense": 224525000, "depreciationAndAmortization": 309146000, "ebitda": 432557000, "ebitdaratio": 0.6195582738, "operatingIncome": 110659000, "operatingIncomeRatio": 0.1584986465, "totalOtherIncomeExpensesNet": -23665000, "incomeBeforeTax": -124779000, "incomeBeforeTaxRatio": -0.1787229471, "incomeTaxExpense": 2113000, "netIncome": -126456000, "netIncomeRatio": -0.1811249409, "eps": -1.13, "epsdiluted": -1.13, "weightedAverageShsOut": 111595000, "weightedAverageShsOutDil": 111595000, "link": "https://www.sec.gov/Archives/edgar/data/1034054/000119312512081211/0001193125-12-081211-index.htm", "finalLink": "https://www.sec.gov/Archives/edgar/data/1034054/000119312512081211/d261091d10k.htm", "calculatedOtherExpenses": 321762000, "calculatedOperatingExpenses": 384590000, "calculatedNetInterest": -224389000, "calculatedOtherIncome": -11049000, "calculatedIncomeNonControlling": -436000, "calculatedEbitda": 419805000}, {"date": "2010-12-31", "symbol": "SBAC", "reportedCurrency": "USD", "cik": "0001034054", "fillingDate": "2011-02-25", "acceptedDate": "2011-02-25 14:36:10", "calendarYear": "2010", "period": "FY", "revenue": 626619000, "costOfRevenue": 199442000, "grossProfit": 427177000, "grossProfitRatio": 0.6817172796, "researchAndDevelopmentExpenses": 0, "generalAndAdministrativeExpenses": 58209000, "sellingAndMarketingExpenses": 0, "sellingGeneralAndAdministrativeExpenses": 58209000, "otherExpenses": 278727000, "operatingExpenses": 336936000, "costAndExpenses": 536378000, "interestIncome": 432000, "interestExpense": 209991000, "depreciationAndAmortization": 278727000, "ebitda": 369400000, "ebitdaratio": 0.5895129257, "operatingIncome": 74273000, "operatingIncomeRatio": 0.1185297605, "totalOtherIncomeExpensesNet": -74098000, "incomeBeforeTax": -193416000, "incomeBeforeTaxRatio": -0.3086660315, "incomeTaxExpense": 1005000, "netIncome": -194674000, "netIncomeRatio": -0.310673631, "eps": -1.68, "epsdiluted": -1.68, "weightedAverageShsOut": 115591000, "weightedAverageShsOutDil": 115591000, "link": "https://www.sec.gov/Archives/edgar/data/1034054/000119312511047174/0001193125-11-047174-index.htm", "finalLink": "https://www.sec.gov/Archives/edgar/data/1034054/000119312511047174/d10k.htm", "calculatedOtherExpenses": 294695000, "calculatedOperatingExpenses": 352904000, "calculatedNetInterest": -209559000, "calculatedOtherIncome": -58130000, "calculatedIncomeNonControlling": 253000, "calculatedEbitda": 353000000}, {"date": "2009-12-31", "symbol": "SBAC", "reportedCurrency": "USD", "cik": "0001034054", "fillingDate": "2010-03-01", "acceptedDate": "2010-02-26 21:57:06", "calendarYear": "2009", "period": "FY", "revenue": 555513000, "costOfRevenue": 180543000, "grossProfit": 374970000, "grossProfitRatio": 0.6749977048, "researchAndDevelopmentExpenses": 0, "generalAndAdministrativeExpenses": 52785000, "sellingAndMarketingExpenses": 0, "sellingGeneralAndAdministrativeExpenses": 52785000, "otherExpenses": 258537000, "operatingExpenses": 311322000, "costAndExpenses": 491865000, "interestIncome": 1123000, "interestExpense": 180750000, "depreciationAndAmortization": 258537000, "ebitda": 323308000, "ebitdaratio": 0.5819989811, "operatingIncome": 54954000, "operatingIncomeRatio": 0.0989247776, "totalOtherIncomeExpensesNet": -24648000, "incomeBeforeTax": -140627000, "incomeBeforeTaxRatio": -0.2531479911, "incomeTaxExpense": 492000, "netIncome": -140871000, "netIncomeRatio": -0.2535872248, "eps": -1.2, "epsdiluted": -1.2, "weightedAverageShsOut": 117165000, "weightedAverageShsOutDil": 117165000, "link": "https://www.sec.gov/Archives/edgar/data/1034054/000119312510043426/0001193125-10-043426-index.htm", "finalLink": "https://www.sec.gov/Archives/edgar/data/1034054/000119312510043426/d10k.htm", "calculatedOtherExpenses": 267231000, "calculatedOperatingExpenses": 320016000, "calculatedNetInterest": -179627000, "calculatedOtherIncome": -15954000, "calculatedIncomeNonControlling": -248000, "calculatedEbitda": 313491000}, {"date": "2008-12-31", "symbol": "SBAC", "reportedCurrency": "USD", "cik": "0001034054", "fillingDate": "2009-02-27", "acceptedDate": "2009-02-27 16:43:15", "calendarYear": "2008", "period": "FY", "revenue": 474954000, "costOfRevenue": 168165000, "grossProfit": 306789000, "grossProfitRatio": 0.6459341326, "researchAndDevelopmentExpenses": 0, "generalAndAdministrativeExpenses": 48841000, "sellingAndMarketingExpenses": 0, "sellingGeneralAndAdministrativeExpenses": 48841000, "otherExpenses": 211445000, "operatingExpenses": 260286000, "costAndExpenses": 428451000, "interestIncome": 6883000, "interestExpense": 104665000, "depreciationAndAmortization": 211445000, "ebitda": 264831000, "ebitdaratio": 0.5575929458, "operatingIncome": 45582000, "operatingIncomeRatio": 0.0959713993, "totalOtherIncomeExpensesNet": 5553000, "incomeBeforeTax": -45726000, "incomeBeforeTaxRatio": -0.0962745866, "incomeTaxExpense": 1037000, "netIncome": -46763000, "netIncomeRatio": -0.0984579559, "eps": -0.43, "epsdiluted": -0.43, "weightedAverageShsOut": 109882000, "weightedAverageShsOutDil": 109882000, "link": "https://www.sec.gov/Archives/edgar/data/1034054/000119312509041076/0001193125-09-041076-index.htm", "finalLink": "https://www.sec.gov/Archives/edgar/data/1034054/000119312509041076/d10k.htm", "calculatedOtherExpenses": 212366000, "calculatedOperatingExpenses": 261207000, "calculatedNetInterest": -97782000, "calculatedOtherIncome": 6474000, "calculatedIncomeNonControlling": 0, "calculatedEbitda": 257027000}, {"date": "2007-12-31", "symbol": "SBAC", "reportedCurrency": "USD", "cik": "0001034054", "fillingDate": "2008-02-28", "acceptedDate": "2008-02-27 18:02:20", "calendarYear": "2007", "period": "FY", "revenue": 408201000, "costOfRevenue": 163353000, "grossProfit": 244848000, "grossProfitRatio": 0.5998221464, "researchAndDevelopmentExpenses": 0, "generalAndAdministrativeExpenses": 45569000, "sellingAndMarketingExpenses": 0, "sellingGeneralAndAdministrativeExpenses": 45569000, "otherExpenses": 169232000, "operatingExpenses": 214801000, "costAndExpenses": 378154000, "interestIncome": 10182000, "interestExpense": -92498000, "depreciationAndAmortization": 177201000, "ebitda": 224021000, "ebitdaratio": 0.5488007134, "operatingIncome": 30047000, "operatingIncomeRatio": 0.0736083449, "totalOtherIncomeExpensesNet": -16208000, "incomeBeforeTax": -77011000, "incomeBeforeTaxRatio": -0.1886595084, "incomeTaxExpense": 868000, "netIncome": -77879000, "netIncomeRatio": -0.1907859118, "eps": -0.74, "epsdiluted": -0.74, "weightedAverageShsOut": 104743000, "weightedAverageShsOutDil": 104743000, "link": "https://www.sec.gov/Archives/edgar/data/1034054/000119312508040304/0001193125-08-040304-index.htm", "finalLink": "https://www.sec.gov/Archives/edgar/data/1034054/000119312508040304/d10k.htm", "calculatedOtherExpenses": 169232000, "calculatedOperatingExpenses": 214801000, "calculatedNetInterest": 102680000, "calculatedOtherIncome": -209738000, "calculatedIncomeNonControlling": 0, "calculatedEbitda": 207248000}, {"date": "2006-12-31", "symbol": "SBAC", "reportedCurrency": "USD", "cik": "0001034054", "fillingDate": "2007-03-01", "acceptedDate": "2007-03-01 12:54:28", "calendarYear": "2006", "period": "FY", "revenue": 351102000, "costOfRevenue": 156586000, "grossProfit": 194516000, "grossProfitRatio": 0.5540156422, "researchAndDevelopmentExpenses": 0, "generalAndAdministrativeExpenses": 42277000, "sellingAndMarketingExpenses": 0, "sellingGeneralAndAdministrativeExpenses": 42277000, "otherExpenses": 132731000, "operatingExpenses": 175008000, "costAndExpenses": 331594000, "interestIncome": 3814000, "interestExpense": -81283000, "depreciationAndAmortization": 149147000, "ebitda": 224839000, "ebitdaratio": 0.640380858, "operatingIncome": 19508000, "operatingIncomeRatio": 0.0555622013, "totalOtherIncomeExpensesNet": -56184000, "incomeBeforeTax": -132931000, "incomeBeforeTaxRatio": -0.3786107741, "incomeTaxExpense": 517000, "netIncome": -133448000, "netIncomeRatio": -0.3800832806, "eps": -1.36, "epsdiluted": -1.36, "weightedAverageShsOut": 98193000, "weightedAverageShsOutDil": 98193000, "link": "https://www.sec.gov/Archives/edgar/data/1034054/000119312507043928/0001193125-07-043928-index.htm", "finalLink": "https://www.sec.gov/Archives/edgar/data/1034054/000119312507043928/d10k.htm", "calculatedOtherExpenses": 132731000, "calculatedOperatingExpenses": 175008000, "calculatedNetInterest": 85097000, "calculatedOtherIncome": -237536000, "calculatedIncomeNonControlling": 0, "calculatedEbitda": 168655000}, {"date": "2005-12-31", "symbol": "SBAC", "reportedCurrency": "USD", "cik": "0001034054", "fillingDate": "2006-03-10", "acceptedDate": "2006-03-10 06:14:08", "calendarYear": "2005", "period": "FY", "revenue": 259991000, "costOfRevenue": 139952000, "grossProfit": 120039000, "grossProfitRatio": 0.4617044436, "researchAndDevelopmentExpenses": 0, "generalAndAdministrativeExpenses": 28178000, "sellingAndMarketingExpenses": 0, "sellingGeneralAndAdministrativeExpenses": 28178000, "otherExpenses": 87616000, "operatingExpenses": 115794000, "costAndExpenses": 255746000, "interestIncome": 2096000, "interestExpense": -40511000, "depreciationAndAmortization": 115956000, "ebitda": 149889000, "ebitdaratio": 0.5765161102, "operatingIncome": 4195000, "operatingIncomeRatio": 0.0161351739, "totalOtherIncomeExpensesNet": -29688000, "incomeBeforeTax": -92544000, "incomeBeforeTaxRatio": -0.3559507829, "incomeTaxExpense": 2104000, "netIncome": -94709000, "netIncomeRatio": -0.3642779942, "eps": -1.28, "epsdiluted": -1.28, "weightedAverageShsOut": 73823000, "weightedAverageShsOutDil": 73823000, "link": "https://www.sec.gov/Archives/edgar/data/1034054/000119312506050160/0001193125-06-050160-index.htm", "finalLink": "https://www.sec.gov/Archives/edgar/data/1034054/000119312506050160/d10k.htm", "calculatedOtherExpenses": 87666000, "calculatedOperatingExpenses": 115844000, "calculatedNetInterest": 42607000, "calculatedOtherIncome": -139346000, "calculatedIncomeNonControlling": 61000, "calculatedEbitda": 120151000}, {"date": "2004-12-31", "symbol": "SBAC", "reportedCurrency": "USD", "cik": "0001034054", "fillingDate": "2005-03-16", "acceptedDate": "2005-03-16 17:05:11", "calendarYear": "2004", "period": "FY", "revenue": 231482000, "costOfRevenue": 128681000, "grossProfit": 102801000, "grossProfitRatio": 0.4440993252, "researchAndDevelopmentExpenses": 0, "generalAndAdministrativeExpenses": 35979000, "sellingAndMarketingExpenses": 0, "sellingGeneralAndAdministrativeExpenses": 35979000, "otherExpenses": 90453000, "operatingExpenses": 126432000, "costAndExpenses": 255113000, "interestIncome": 516000, "interestExpense": -47460000, "depreciationAndAmortization": 120701000, "ebitda": 138281000, "ebitdaratio": 0.5973725819, "operatingIncome": -23881000, "operatingIncomeRatio": -0.1031656889, "totalOtherIncomeExpensesNet": -41211000, "incomeBeforeTax": -143313000, "incomeBeforeTaxRatio": -0.6191107732, "incomeTaxExpense": 710000, "netIncome": -147280000, "netIncomeRatio": -0.6362481748, "eps": -2.52, "epsdiluted": -2.52, "weightedAverageShsOut": 58420000, "weightedAverageShsOutDil": 58420000, "link": "https://www.sec.gov/Archives/edgar/data/1034054/000119312505052876/0001193125-05-052876-index.htm", "finalLink": "https://www.sec.gov/Archives/edgar/data/1034054/000119312505052876/d10k.htm", "calculatedOtherExpenses": 90703000, "calculatedOperatingExpenses": 126682000, "calculatedNetInterest": 47976000, "calculatedOtherIncome": -167408000, "calculatedIncomeNonControlling": 3257000, "calculatedEbitda": 96820000}, {"date": "2003-12-31", "symbol": "SBAC", "reportedCurrency": "USD", "cik": "0001034054", "fillingDate": "2004-03-12", "acceptedDate": "2004-03-11 21:50:12", "calendarYear": "2003", "period": "FY", "revenue": 212060000, "costOfRevenue": 119831000, "grossProfit": 92229000, "grossProfitRatio": 0.4349193624, "researchAndDevelopmentExpenses": 0, "generalAndAdministrativeExpenses": 31244000, "sellingAndMarketingExpenses": 0, "sellingGeneralAndAdministrativeExpenses": 31244000, "otherExpenses": 101345000, "operatingExpenses": 132589000, "costAndExpenses": 252420000, "interestIncome": 692000, "interestExpense": -81501000, "depreciationAndAmortization": 94715000, "ebitda": 97875000, "ebitdaratio": 0.4615439027, "operatingIncome": -42865000, "operatingIncomeRatio": -0.2021361879, "totalOtherIncomeExpensesNet": -43520000, "incomeBeforeTax": -162116000, "incomeBeforeTaxRatio": -0.7644817504, "incomeTaxExpense": 1820000, "netIncome": -172171000, "netIncomeRatio": -0.8118975762, "eps": -3.3, "epsdiluted": -3.3, "weightedAverageShsOut": 52204000, "weightedAverageShsOutDil": 52204000, "link": "https://www.sec.gov/Archives/edgar/data/1034054/000119312504039482/0001193125-04-039482-index.htm", "finalLink": "https://www.sec.gov/Archives/edgar/data/1034054/000119312504039482/d10k.htm", "calculatedOtherExpenses": 103850000, "calculatedOperatingExpenses": 135094000, "calculatedNetInterest": 82193000, "calculatedOtherIncome": -201444000, "calculatedIncomeNonControlling": 8235000, "calculatedEbitda": 51850000}, {"date": "2002-12-31", "symbol": "SBAC", "reportedCurrency": "USD", "cik": "0001034054", "fillingDate": "2003-03-31", "acceptedDate": "2003-03-31 14:29:26", "calendarYear": "2002", "period": "FY", "revenue": 264674000, "costOfRevenue": 152114000, "grossProfit": 112560000, "grossProfitRatio": 0.425277889, "researchAndDevelopmentExpenses": 0, "generalAndAdministrativeExpenses": 35605000, "sellingAndMarketingExpenses": 0, "sellingGeneralAndAdministrativeExpenses": 35605000, "otherExpenses": 102328000, "operatingExpenses": 137933000, "costAndExpenses": 290047000, "interestIncome": 601000, "interestExpense": -56171000, "depreciationAndAmortization": 135713000, "ebitda": 188202000, "ebitdaratio": 0.7110709779, "operatingIncome": -102933000, "operatingIncomeRatio": -0.3889048414, "totalOtherIncomeExpensesNet": -77729000, "incomeBeforeTax": -192190000, "incomeBeforeTaxRatio": -0.7261385705, "incomeTaxExpense": 383000, "netIncome": -273165000, "netIncomeRatio": -1.0320809751, "eps": -5.41, "epsdiluted": -5.41, "weightedAverageShsOut": 50491000, "weightedAverageShsOutDil": 50491000, "link": "https://www.sec.gov/Archives/edgar/data/1034054/000091664103000889/0000916641-03-000889-index.htm", "finalLink": "https://www.sec.gov/Archives/edgar/data/1034054/000091664103000889/d10k.htm", "calculatedOtherExpenses": 179888000, "calculatedOperatingExpenses": 215493000, "calculatedNetInterest": 56772000, "calculatedOtherIncome": -146029000, "calculatedIncomeNonControlling": 80592000, "calculatedEbitda": 32780000}, {"date": "2001-12-31", "symbol": "SBAC", "reportedCurrency": "USD", "cik": "0001034054", "fillingDate": "2002-03-21", "acceptedDate": "2002-03-21 00:00:00", "calendarYear": "2001", "period": "FY", "revenue": 242894000, "costOfRevenue": 144654000, "grossProfit": 98240000, "grossProfitRatio": 0.4044562649, "researchAndDevelopmentExpenses": 0, "generalAndAdministrativeExpenses": 41342000, "sellingAndMarketingExpenses": 0, "sellingGeneralAndAdministrativeExpenses": 41342000, "otherExpenses": 80465000, "operatingExpenses": 121807000, "costAndExpenses": 266461000, "interestIncome": 7059000, "interestExpense": -47709000, "depreciationAndAmortization": 80465000, "ebitda": 111103000, "ebitdaratio": 0.4574135219, "operatingIncome": -47966000, "operatingIncomeRatio": -0.1974770888, "totalOtherIncomeExpensesNet": -54205000, "incomeBeforeTax": -118422000, "incomeBeforeTaxRatio": -0.4875460077, "incomeTaxExpense": 1654000, "netIncome": -125145000, "netIncomeRatio": -0.5152247482, "eps": -2.64, "epsdiluted": -2.64, "weightedAverageShsOut": 47321000, "weightedAverageShsOutDil": 47321000, "link": "https://www.sec.gov/Archives/edgar/data/1034054/000091664102000492/0000916641-02-000492-index.htm", "finalLink": "https://www.sec.gov/Archives/edgar/data/1034054/000091664102000492/d10k.htm", "calculatedOtherExpenses": 104864000, "calculatedOperatingExpenses": 146206000, "calculatedNetInterest": 54768000, "calculatedOtherIncome": -125224000, "calculatedIncomeNonControlling": 5069000, "calculatedEbitda": 32499000}, {"date": "2000-12-31", "symbol": "SBAC", "reportedCurrency": "USD", "cik": "0001034054", "fillingDate": "2001-04-02", "acceptedDate": "2001-04-02 00:00:00", "calendarYear": "2000", "period": "FY", "revenue": 167905669, "costOfRevenue": 134400605, "grossProfit": 33505064, "grossProfitRatio": 0.1995469492, "researchAndDevelopmentExpenses": 0, "generalAndAdministrativeExpenses": 27798589, "sellingAndMarketingExpenses": 0, "sellingGeneralAndAdministrativeExpenses": 27798589, "otherExpenses": 34831394, "operatingExpenses": 62629983, "costAndExpenses": 197030588, "interestIncome": 0, "interestExpense": 0, "depreciationAndAmortization": 34831394, "ebitda": 5638284, "ebitdaratio": 0.0335800693, "operatingIncome": -29124919, "operatingIncomeRatio": -0.1734600099, "totalOtherIncomeExpensesNet": 68191, "incomeBeforeTax": -27682040, "incomeBeforeTaxRatio": -0.1648666192, "incomeTaxExpense": 1233265, "netIncome": -28915305, "netIncomeRatio": -0.1722116065, "eps": -0.7, "epsdiluted": -0.7, "weightedAverageShsOut": 41156312, "weightedAverageShsOutDil": 41156312, "link": "https://www.sec.gov/Archives/edgar/data/1034054/000095010901500417/0000950109-01-500417-index.htm", "finalLink": "https://www.sec.gov/Archives/edgar/data/1034054/000095010901500417/d10k.txt", "calculatedOtherExpenses": 34831394, "calculatedOperatingExpenses": 62629983, "calculatedNetInterest": 0, "calculatedOtherIncome": 1442879, "calculatedIncomeNonControlling": 0, "calculatedEbitda": 5706475}, {"date": "1999-12-31", "symbol": "SBAC", "reportedCurrency": "USD", "cik": "0001034054", "fillingDate": "2000-03-30", "acceptedDate": "2000-03-30 00:00:00", "calendarYear": "1999", "period": "FY", "revenue": 87000000, "costOfRevenue": 58400000, "grossProfit": 28600000, "grossProfitRatio": 0.3287356322, "researchAndDevelopmentExpenses": 0, "generalAndAdministrativeExpenses": 19300000, "sellingAndMarketingExpenses": 0, "sellingGeneralAndAdministrativeExpenses": 19300000, "otherExpenses": 38600000, "operatingExpenses": 57900000, "costAndExpenses": 116300000, "interestIncome": 0, "interestExpense": 0, "depreciationAndAmortization": 38600000, "ebitda": 9300000, "ebitdaratio": 0.1068965517, "operatingIncome": -29300000, "operatingIncomeRatio": -0.3367816092, "totalOtherIncomeExpensesNet": -4400000, "incomeBeforeTax": -33700000, "incomeBeforeTaxRatio": -0.3873563218, "incomeTaxExpense": -300000, "netIncome": -34500000, "netIncomeRatio": -0.3965517241, "eps": -2, "epsdiluted": -2, "weightedAverageShsOut": 17248322, "weightedAverageShsOutDil": 17248322, "link": "https://www.sec.gov/Archives/edgar/data/1034054/000091664100000391/0000916641-00-000391-index.html", "finalLink": "https://www.sec.gov/Archives/edgar/data/1034054/000091664100000391/", "calculatedOtherExpenses": 38600000, "calculatedOperatingExpenses": 57900000, "calculatedNetInterest": 0, "calculatedOtherIncome": -4400000, "calculatedIncomeNonControlling": 1100000, "calculatedEbitda": 9300000}, {"date": "1998-12-31", "symbol": "SBAC", "reportedCurrency": "USD", "cik": "0001034054", "fillingDate": "1999-03-31", "acceptedDate": "1999-03-31 00:00:00", "calendarYear": "1998", "period": "FY", "revenue": 59100000, "costOfRevenue": 42500000, "grossProfit": 16600000, "grossProfitRatio": 0.2808798646, "researchAndDevelopmentExpenses": 0, "generalAndAdministrativeExpenses": 18300000, "sellingAndMarketingExpenses": 0, "sellingGeneralAndAdministrativeExpenses": 18300000, "otherExpenses": 21600000, "operatingExpenses": 39900000, "costAndExpenses": 82400000, "interestIncome": 0, "interestExpense": 0, "depreciationAndAmortization": 21600000, "ebitda": -6000000, "ebitdaratio": -0.1015228426, "operatingIncome": -23300000, "operatingIncomeRatio": -0.3942470389, "totalOtherIncomeExpensesNet": 4300000, "incomeBeforeTax": -21400000, "incomeBeforeTaxRatio": -0.3620981387, "incomeTaxExpense": -1500000, "netIncome": -19900000, "netIncomeRatio": -0.3367174281, "eps": -2.33, "epsdiluted": -2.33, "weightedAverageShsOut": 8526052, "weightedAverageShsOutDil": 8526052, "link": "https://www.sec.gov/Archives/edgar/data/1034054/000095010999001231/0000950109-99-001231-index.html", "finalLink": "https://www.sec.gov/Archives/edgar/data/1034054/", "calculatedOtherExpenses": 21600000, "calculatedOperatingExpenses": 39900000, "calculatedNetInterest": 0, "calculatedOtherIncome": 1900000, "calculatedIncomeNonControlling": 0, "calculatedEbitda": -1700000}]}