{"originalCurrency": "USD", "convertedCurrency": "USD", "report": [{"date": "2023-12-31", "symbol": "SBCF", "reportedCurrency": "USD", "cik": "0000730708", "fillingDate": "2024-02-27", "acceptedDate": "2024-02-27 16:51:22", "calendarYear": "2023", "period": "FY", "revenue": 767142000, "costOfRevenue": 0, "grossProfit": 767142000, "grossProfitRatio": 1, "researchAndDevelopmentExpenses": 0, "generalAndAdministrativeExpenses": 216185000, "sellingAndMarketingExpenses": 9156000, "sellingGeneralAndAdministrativeExpenses": 225341000, "otherExpenses": -150483000, "operatingExpenses": 150483000, "costAndExpenses": 632890000, "interestIncome": 688975000, "interestExpense": 13623000, "depreciationAndAmortization": 28726000, "ebitda": 28726000, "ebitdaratio": 0.0374454795, "operatingIncome": 207976000, "operatingIncomeRatio": 0.2711049584, "totalOtherIncomeExpensesNet": 134252000, "incomeBeforeTax": 134252000, "incomeBeforeTaxRatio": 0.1750028026, "incomeTaxExpense": 30219000, "netIncome": 104033000, "netIncomeRatio": 0.1356111385, "eps": 1.24, "epsdiluted": 1.23, "weightedAverageShsOut": 83800000, "weightedAverageShsOutDil": 84329000, "link": "https://www.sec.gov/Archives/edgar/data/730708/000073070824000070/0000730708-24-000070-index.htm", "finalLink": "https://www.sec.gov/Archives/edgar/data/730708/000073070824000070/sbcf-20231231.htm", "calculatedOtherExpenses": 333825000, "calculatedOperatingExpenses": 559166000, "calculatedNetInterest": 675352000, "calculatedOtherIncome": -749076000, "calculatedIncomeNonControlling": 0, "calculatedEbitda": 236702000}, {"date": "2022-12-31", "symbol": "SBCF", "reportedCurrency": "USD", "cik": "0000730708", "fillingDate": "2023-03-01", "acceptedDate": "2023-02-28 19:33:10", "calendarYear": "2022", "period": "FY", "revenue": 432253000, "costOfRevenue": 0, "grossProfit": 432253000, "grossProfitRatio": 1, "researchAndDevelopmentExpenses": 0, "generalAndAdministrativeExpenses": 152263000, "sellingAndMarketingExpenses": 6286000, "sellingGeneralAndAdministrativeExpenses": 158549000, "otherExpenses": -133237000, "operatingExpenses": 25312000, "costAndExpenses": 25312000, "interestIncome": 378123000, "interestExpense": 14332000, "depreciationAndAmortization": 9101000, "ebitda": 161569000, "ebitdaratio": 0.3737834093, "operatingIncome": 152468000, "operatingIncomeRatio": 0.3527286103, "totalOtherIncomeExpensesNet": -14332000, "incomeBeforeTax": 138136000, "incomeBeforeTaxRatio": 0.3195721024, "incomeTaxExpense": 31629000, "netIncome": 106507000, "netIncomeRatio": 0.246399678, "eps": 1.67, "epsdiluted": 1.66, "weightedAverageShsOut": 63707000, "weightedAverageShsOutDil": 64263999, "link": "https://www.sec.gov/Archives/edgar/data/730708/000073070823000017/0000730708-23-000017-index.htm", "finalLink": "https://www.sec.gov/Archives/edgar/data/730708/000073070823000017/sbcf-20221231.htm", "calculatedOtherExpenses": 121236000, "calculatedOperatingExpenses": 279785000, "calculatedNetInterest": 363791000, "calculatedOtherIncome": -378123000, "calculatedIncomeNonControlling": 0, "calculatedEbitda": 161569000}, {"date": "2021-12-31", "symbol": "SBCF", "reportedCurrency": "USD", "cik": "0000730708", "fillingDate": "2022-02-28", "acceptedDate": "2022-02-25 17:43:44", "calendarYear": "2021", "period": "FY", "revenue": 346752000, "costOfRevenue": 0, "grossProfit": 346752000, "grossProfitRatio": 1, "researchAndDevelopmentExpenses": 0, "generalAndAdministrativeExpenses": 117561000, "sellingAndMarketingExpenses": 4583000, "sellingGeneralAndAdministrativeExpenses": 122144000, "otherExpenses": -310158000, "operatingExpenses": -188014000, "costAndExpenses": -188014000, "interestIncome": 266748000, "interestExpense": 8219000, "depreciationAndAmortization": 5033000, "ebitda": 163771000, "ebitdaratio": 0.4723000877, "operatingIncome": 158738000, "operatingIncomeRatio": 0.4577853913, "totalOtherIncomeExpensesNet": 158738000, "incomeBeforeTax": 158738000, "incomeBeforeTaxRatio": 0.4577853913, "incomeTaxExpense": 34335000, "netIncome": 124403000, "netIncomeRatio": 0.3587664959, "eps": 2.2, "epsdiluted": 2.18, "weightedAverageShsOut": 56586000, "weightedAverageShsOutDil": 57088000, "link": "https://www.sec.gov/Archives/edgar/data/730708/000073070822000019/0000730708-22-000019-index.htm", "finalLink": "https://www.sec.gov/Archives/edgar/data/730708/000073070822000019/sbcf-20211231.htm", "calculatedOtherExpenses": 65870000, "calculatedOperatingExpenses": 188014000, "calculatedNetInterest": 258529000, "calculatedOtherIncome": -258529000, "calculatedIncomeNonControlling": 0, "calculatedEbitda": 163771000}, {"date": "2020-12-31", "symbol": "SBCF", "reportedCurrency": "USD", "cik": "0000730708", "fillingDate": "2021-03-01", "acceptedDate": "2021-02-26 19:58:58", "calendarYear": "2020", "period": "FY", "revenue": 324313000, "costOfRevenue": 0, "grossProfit": 324313000, "grossProfitRatio": 1, "researchAndDevelopmentExpenses": 0, "generalAndAdministrativeExpenses": 105351000, "sellingAndMarketingExpenses": 4833000, "sellingGeneralAndAdministrativeExpenses": 110184000, "otherExpenses": -333915000, "operatingExpenses": -223731000, "costAndExpenses": -223731000, "interestIncome": 279261000, "interestExpense": 24292000, "depreciationAndAmortization": 5857000, "ebitda": 106439000, "ebitdaratio": 0.3281983763, "operatingIncome": 100582000, "operatingIncomeRatio": 0.3101386623, "totalOtherIncomeExpensesNet": 100582000, "incomeBeforeTax": 100582000, "incomeBeforeTaxRatio": 0.3101386623, "incomeTaxExpense": 22818000, "netIncome": 77764000, "netIncomeRatio": 0.2397807057, "eps": 1.45, "epsdiluted": 1.44, "weightedAverageShsOut": 53502000, "weightedAverageShsOutDil": 53930000, "link": "https://www.sec.gov/Archives/edgar/data/730708/000073070821000016/0000730708-21-000016-index.htm", "finalLink": "https://www.sec.gov/Archives/edgar/data/730708/000073070821000016/sbcf-20201231.htm", "calculatedOtherExpenses": 113547000, "calculatedOperatingExpenses": 223731000, "calculatedNetInterest": 254969000, "calculatedOtherIncome": -254969000, "calculatedIncomeNonControlling": 0, "calculatedEbitda": 106439000}, {"date": "2019-12-31", "symbol": "SBCF", "reportedCurrency": "USD", "cik": "0000730708", "fillingDate": "2020-02-27", "acceptedDate": "2020-02-27 16:09:07", "calendarYear": "2019", "period": "FY", "revenue": 300350000, "costOfRevenue": 0, "grossProfit": 300350000, "grossProfitRatio": 1, "researchAndDevelopmentExpenses": 0, "generalAndAdministrativeExpenses": 106442000, "sellingAndMarketingExpenses": 4161000, "sellingGeneralAndAdministrativeExpenses": 110603000, "otherExpenses": -282341000, "operatingExpenses": -171738000, "costAndExpenses": -171738000, "interestIncome": 289823000, "interestExpense": 46205000, "depreciationAndAmortization": 5826000, "ebitda": 134438000, "ebitdaratio": 0.4476044615, "operatingIncome": 128612000, "operatingIncomeRatio": 0.4282070917, "totalOtherIncomeExpensesNet": 128612000, "incomeBeforeTax": 128612000, "incomeBeforeTaxRatio": 0.4282070917, "incomeTaxExpense": 29873000, "netIncome": 98739000, "netIncomeRatio": 0.3287464625, "eps": 1.92, "epsdiluted": 1.9, "weightedAverageShsOut": 51449000, "weightedAverageShsOutDil": 52029000, "link": "https://www.sec.gov/Archives/edgar/data/730708/000073070820000015/0000730708-20-000015-index.htm", "finalLink": "https://www.sec.gov/Archives/edgar/data/730708/000073070820000015/sbcf2019123110k.htm", "calculatedOtherExpenses": 61135000, "calculatedOperatingExpenses": 171738000, "calculatedNetInterest": 243618000, "calculatedOtherIncome": -243618000, "calculatedIncomeNonControlling": 0, "calculatedEbitda": 134438000}, {"date": "2018-12-31", "symbol": "SBCF", "reportedCurrency": "USD", "cik": "0000730708", "fillingDate": "2019-02-26", "acceptedDate": "2019-02-26 16:36:45", "calendarYear": "2018", "period": "FY", "revenue": 261537000, "costOfRevenue": 0, "grossProfit": 261537000, "grossProfitRatio": 1, "researchAndDevelopmentExpenses": 0, "generalAndAdministrativeExpenses": 105106000, "sellingAndMarketingExpenses": 5085000, "sellingGeneralAndAdministrativeExpenses": 110191000, "otherExpenses": -254311000, "operatingExpenses": -144120000, "costAndExpenses": -144120000, "interestIncome": 241398000, "interestExpense": 29883000, "depreciationAndAmortization": 4300000, "ebitda": 122612000, "ebitdaratio": 0.4688132081, "operatingIncome": 117417000, "operatingIncomeRatio": 0.4489498618, "totalOtherIncomeExpensesNet": -29883000, "incomeBeforeTax": 87534000, "incomeBeforeTaxRatio": 0.3346906939, "incomeTaxExpense": 20259000, "netIncome": 67275000, "netIncomeRatio": 0.2572293786, "eps": 1.4, "epsdiluted": 1.38, "weightedAverageShsOut": 47969000, "weightedAverageShsOutDil": 48748000, "link": "https://www.sec.gov/Archives/edgar/data/730708/000162828019001975/0001628280-19-001975-index.htm", "finalLink": "https://www.sec.gov/Archives/edgar/data/730708/000162828019001975/sbcf2018123110k.htm", "calculatedOtherExpenses": 33929000, "calculatedOperatingExpenses": 144120000, "calculatedNetInterest": 211515000, "calculatedOtherIncome": -241398000, "calculatedIncomeNonControlling": 0, "calculatedEbitda": 121717000}, {"date": "2017-12-31", "symbol": "SBCF", "reportedCurrency": "USD", "cik": "0000730708", "fillingDate": "2018-02-28", "acceptedDate": "2018-02-28 16:03:09", "calendarYear": "2017", "period": "FY", "revenue": 235476000, "costOfRevenue": 0, "grossProfit": 235476000, "grossProfitRatio": 1, "researchAndDevelopmentExpenses": 0, "generalAndAdministrativeExpenses": 96157000, "sellingAndMarketingExpenses": 4784000, "sellingGeneralAndAdministrativeExpenses": 100941000, "otherExpenses": -240360000, "operatingExpenses": -139419000, "costAndExpenses": -139419000, "interestIncome": 191596000, "interestExpense": 15300000, "depreciationAndAmortization": 3361000, "ebitda": 99418000, "ebitdaratio": 0.4222001393, "operatingIncome": 96057000, "operatingIncomeRatio": 0.4079269225, "totalOtherIncomeExpensesNet": -16856000, "incomeBeforeTax": 79201000, "incomeBeforeTaxRatio": 0.3363442559, "incomeTaxExpense": 36336000, "netIncome": 42865000, "netIncomeRatio": 0.1820355365, "eps": 1.01, "epsdiluted": 0.99, "weightedAverageShsOut": 42613086, "weightedAverageShsOutDil": 43350314, "link": "https://www.sec.gov/Archives/edgar/data/730708/000114420418011744/0001144204-18-011744-index.htm", "finalLink": "https://www.sec.gov/Archives/edgar/data/730708/000114420418011744/tv484852_10k.htm", "calculatedOtherExpenses": 38478000, "calculatedOperatingExpenses": 139419000, "calculatedNetInterest": 176296000, "calculatedOtherIncome": -193152000, "calculatedIncomeNonControlling": 0, "calculatedEbitda": 99418000}, {"date": "2016-12-31", "symbol": "SBCF", "reportedCurrency": "USD", "cik": "0000730708", "fillingDate": "2017-03-16", "acceptedDate": "2017-03-15 18:51:12", "calendarYear": "2016", "period": "FY", "revenue": 177892000, "costOfRevenue": 0, "grossProfit": 177892000, "grossProfitRatio": 1, "researchAndDevelopmentExpenses": 0, "generalAndAdministrativeExpenses": 81988000, "sellingAndMarketingExpenses": 3633000, "sellingGeneralAndAdministrativeExpenses": 85621000, "otherExpenses": -210603000, "operatingExpenses": -124982000, "costAndExpenses": -124982000, "interestIncome": 148055000, "interestExpense": 8467000, "depreciationAndAmortization": 2486000, "ebitda": 55396000, "ebitdaratio": 0.3114024239, "operatingIncome": 52910000, "operatingIncomeRatio": 0.2974276527, "totalOtherIncomeExpensesNet": -8819000, "incomeBeforeTax": 44091000, "incomeBeforeTaxRatio": 0.2478526297, "incomeTaxExpense": 14889000, "netIncome": 29202000, "netIncomeRatio": 0.1641557799, "eps": 0.79, "epsdiluted": 0.78, "weightedAverageShsOut": 36872007, "weightedAverageShsOutDil": 37508046, "link": "https://www.sec.gov/Archives/edgar/data/730708/000114420417014827/0001144204-17-014827-index.htm", "finalLink": "https://www.sec.gov/Archives/edgar/data/730708/000114420417014827/v460816_10k.htm", "calculatedOtherExpenses": 39361000, "calculatedOperatingExpenses": 124982000, "calculatedNetInterest": 139588000, "calculatedOtherIncome": -148407000, "calculatedIncomeNonControlling": 0, "calculatedEbitda": 55396000}, {"date": "2015-12-31", "symbol": "SBCF", "reportedCurrency": "USD", "cik": "0000730708", "fillingDate": "2016-03-14", "acceptedDate": "2016-03-14 15:59:33", "calendarYear": "2015", "period": "FY", "revenue": 141427000, "costOfRevenue": 0, "grossProfit": 141427000, "grossProfitRatio": 1, "researchAndDevelopmentExpenses": 0, "generalAndAdministrativeExpenses": 64798000, "sellingAndMarketingExpenses": 4428000, "sellingGeneralAndAdministrativeExpenses": 69226000, "otherExpenses": -168497000, "operatingExpenses": -99271000, "costAndExpenses": -99271000, "interestIncome": 116417000, "interestExpense": 6930000, "depreciationAndAmortization": 1424000, "ebitda": 43580000, "ebitdaratio": 0.308144838, "operatingIncome": 42156000, "operatingIncomeRatio": 0.2980760392, "totalOtherIncomeExpensesNet": -6488000, "incomeBeforeTax": 35668000, "incomeBeforeTaxRatio": 0.252200782, "incomeTaxExpense": 13527000, "netIncome": 22141000, "netIncomeRatio": 0.1565542647, "eps": 0.66, "epsdiluted": 0.66, "weightedAverageShsOut": 33495827, "weightedAverageShsOutDil": 33744171, "link": "https://www.sec.gov/Archives/edgar/data/730708/000114420416087817/0001144204-16-087817-index.htm", "finalLink": "https://www.sec.gov/Archives/edgar/data/730708/000114420416087817/v433074_10k.htm", "calculatedOtherExpenses": 30045000, "calculatedOperatingExpenses": 99271000, "calculatedNetInterest": 109487000, "calculatedOtherIncome": -115975000, "calculatedIncomeNonControlling": 0, "calculatedEbitda": 43580000}, {"date": "2014-12-31", "symbol": "SBCF", "reportedCurrency": "USD", "cik": "0000730708", "fillingDate": "2015-03-16", "acceptedDate": "2015-03-16 17:26:19", "calendarYear": "2014", "period": "FY", "revenue": 99810000, "costOfRevenue": 0, "grossProfit": 99810000, "grossProfitRatio": 1, "researchAndDevelopmentExpenses": 0, "generalAndAdministrativeExpenses": 55677000, "sellingAndMarketingExpenses": 3974000, "sellingGeneralAndAdministrativeExpenses": 59651000, "otherExpenses": -141137000, "operatingExpenses": -81486000, "costAndExpenses": -81486000, "interestIncome": 80262000, "interestExpense": 5355000, "depreciationAndAmortization": 1033000, "ebitda": 19357000, "ebitdaratio": 0.1939384831, "operatingIncome": 18324000, "operatingIncomeRatio": 0.1835888188, "totalOtherIncomeExpensesNet": -8084000, "incomeBeforeTax": 10240000, "incomeBeforeTaxRatio": 0.1025949304, "incomeTaxExpense": 4544000, "netIncome": 5696000, "netIncomeRatio": 0.05706843, "eps": 0.21, "epsdiluted": 0.21, "weightedAverageShsOut": 27538955, "weightedAverageShsOutDil": 27716895, "link": "https://www.sec.gov/Archives/edgar/data/730708/000114420415016465/0001144204-15-016465-index.htm", "finalLink": "https://www.sec.gov/Archives/edgar/data/730708/000114420415016465/v401586_10k.htm", "calculatedOtherExpenses": 21835000, "calculatedOperatingExpenses": 81486000, "calculatedNetInterest": 74907000, "calculatedOtherIncome": -82991000, "calculatedIncomeNonControlling": 0, "calculatedEbitda": 19357000}, {"date": "2013-12-31", "symbol": "SBCF", "reportedCurrency": "USD", "cik": "0000730708", "fillingDate": "2014-03-17", "acceptedDate": "2014-03-17 16:03:21", "calendarYear": "2013", "period": "FY", "revenue": 88655000, "costOfRevenue": 0, "grossProfit": 88655000, "grossProfitRatio": 1, "researchAndDevelopmentExpenses": 0, "generalAndAdministrativeExpenses": 48559000, "sellingAndMarketingExpenses": 2339000, "sellingGeneralAndAdministrativeExpenses": 50898000, "otherExpenses": -120571000, "operatingExpenses": -69673000, "costAndExpenses": -69673000, "interestIncome": 70763000, "interestExpense": 5557000, "depreciationAndAmortization": 783000, "ebitda": 19765000, "ebitdaratio": 0.2229428684, "operatingIncome": 18982000, "operatingIncomeRatio": 0.2141108793, "totalOtherIncomeExpensesNet": -7378000, "incomeBeforeTax": 11604000, "incomeBeforeTaxRatio": 0.1308894027, "incomeTaxExpense": -40385000, "netIncome": 51989000, "netIncomeRatio": 0.5864192657, "eps": 2.46, "epsdiluted": 2.44, "weightedAverageShsOut": 19449560, "weightedAverageShsOutDil": 19650005, "link": "https://www.sec.gov/Archives/edgar/data/730708/000119312514102267/0001193125-14-102267-index.htm", "finalLink": "https://www.sec.gov/Archives/edgar/data/730708/000119312514102267/d659860d10k.htm", "calculatedOtherExpenses": 18775000, "calculatedOperatingExpenses": 69673000, "calculatedNetInterest": 65206000, "calculatedOtherIncome": -72584000, "calculatedIncomeNonControlling": 0, "calculatedEbitda": 19765000}, {"date": "2012-12-31", "symbol": "SBCF", "reportedCurrency": "USD", "cik": "0000730708", "fillingDate": "2013-03-13", "acceptedDate": "2013-03-13 16:55:34", "calendarYear": "2012", "period": "FY", "revenue": 89167000, "costOfRevenue": 0, "grossProfit": 89167000, "grossProfitRatio": 1, "researchAndDevelopmentExpenses": 0, "generalAndAdministrativeExpenses": 49010000, "sellingAndMarketingExpenses": 3095000, "sellingGeneralAndAdministrativeExpenses": 52105000, "otherExpenses": -131445000, "operatingExpenses": -79340000, "costAndExpenses": -79340000, "interestIncome": 73287000, "interestExpense": 8478000, "depreciationAndAmortization": 788000, "ebitda": 10615000, "ebitdaratio": 0.1190462839, "operatingIncome": 9827000, "operatingIncomeRatio": 0.1102089338, "totalOtherIncomeExpensesNet": -10537000, "incomeBeforeTax": -710000, "incomeBeforeTaxRatio": -0.0079625871, "incomeTaxExpense": 0, "netIncome": -710000, "netIncomeRatio": -0.0079625871, "eps": -0.0379, "epsdiluted": -0.0376, "weightedAverageShsOut": 18748757, "weightedAverageShsOutDil": 18901161, "link": "https://www.sec.gov/Archives/edgar/data/730708/000119312513105380/0001193125-13-105380-index.htm", "finalLink": "https://www.sec.gov/Archives/edgar/data/730708/000119312513105380/d444434d10k.htm", "calculatedOtherExpenses": 27235000, "calculatedOperatingExpenses": 79340000, "calculatedNetInterest": 64809000, "calculatedOtherIncome": -75346000, "calculatedIncomeNonControlling": 0, "calculatedEbitda": 10615000}, {"date": "2011-12-31", "symbol": "SBCF", "reportedCurrency": "USD", "cik": "0000730708", "fillingDate": "2012-03-14", "acceptedDate": "2012-03-14 17:07:01", "calendarYear": "2011", "period": "FY", "revenue": 86404000, "costOfRevenue": 0, "grossProfit": 86404000, "grossProfitRatio": 1, "researchAndDevelopmentExpenses": 0, "generalAndAdministrativeExpenses": 43938000, "sellingAndMarketingExpenses": 2917000, "sellingGeneralAndAdministrativeExpenses": 46855000, "otherExpenses": -110691000, "operatingExpenses": -63836000, "costAndExpenses": -63836000, "interestIncome": 80792000, "interestExpense": 13953000, "depreciationAndAmortization": 847000, "ebitda": 23415000, "ebitdaratio": 0.2709943984, "operatingIncome": 22568000, "operatingIncomeRatio": 0.2611916115, "totalOtherIncomeExpensesNet": -15901000, "incomeBeforeTax": 6667000, "incomeBeforeTaxRatio": 0.0771607796, "incomeTaxExpense": 0, "netIncome": 6667000, "netIncomeRatio": 0.0771607796, "eps": 0.15, "epsdiluted": 0.15, "weightedAverageShsOut": 18702396, "weightedAverageShsOutDil": 18760214, "link": "https://www.sec.gov/Archives/edgar/data/730708/000119312512115105/0001193125-12-115105-index.htm", "finalLink": "https://www.sec.gov/Archives/edgar/data/730708/000119312512115105/d264302d10k.htm", "calculatedOtherExpenses": 16981000, "calculatedOperatingExpenses": 63836000, "calculatedNetInterest": 66839000, "calculatedOtherIncome": -82740000, "calculatedIncomeNonControlling": 0, "calculatedEbitda": 23415000}, {"date": "2010-12-31", "symbol": "SBCF", "reportedCurrency": "USD", "cik": "0000730708", "fillingDate": "2011-03-15", "acceptedDate": "2011-03-15 07:04:12", "calendarYear": "2010", "period": "FY", "revenue": 89144000, "costOfRevenue": 0, "grossProfit": 89144000, "grossProfitRatio": 1, "researchAndDevelopmentExpenses": 0, "generalAndAdministrativeExpenses": 40722000, "sellingAndMarketingExpenses": 2910000, "sellingGeneralAndAdministrativeExpenses": 43632000, "otherExpenses": -145256000, "operatingExpenses": -101624000, "costAndExpenses": -101624000, "interestIncome": 84541000, "interestExpense": 18329000, "depreciationAndAmortization": 985000, "ebitda": -11495000, "ebitdaratio": -0.1289486673, "operatingIncome": -12480000, "operatingIncomeRatio": -0.1399982052, "totalOtherIncomeExpensesNet": -20723000, "incomeBeforeTax": -33203000, "incomeBeforeTaxRatio": -0.3724647761, "incomeTaxExpense": 0, "netIncome": -33203000, "netIncomeRatio": -0.3724647761, "eps": -2.17, "epsdiluted": -2.17, "weightedAverageShsOut": 15312338, "weightedAverageShsOutDil": 15312338, "link": "https://www.sec.gov/Archives/edgar/data/730708/000095012311025387/0000950123-11-025387-index.htm", "finalLink": "https://www.sec.gov/Archives/edgar/data/730708/000095012311025387/g26250e10vk.htm", "calculatedOtherExpenses": 57992000, "calculatedOperatingExpenses": 101624000, "calculatedNetInterest": 66212000, "calculatedOtherIncome": -86935000, "calculatedIncomeNonControlling": 0, "calculatedEbitda": -11495000}, {"date": "2009-12-31", "symbol": "SBCF", "reportedCurrency": "USD", "cik": "0000730708", "fillingDate": "2010-03-23", "acceptedDate": "2010-03-23 17:18:08", "calendarYear": "2009", "period": "FY", "revenue": 98003000, "costOfRevenue": 0, "grossProfit": 98003000, "grossProfitRatio": 1, "researchAndDevelopmentExpenses": 0, "generalAndAdministrativeExpenses": 48764000, "sellingAndMarketingExpenses": 2067000, "sellingGeneralAndAdministrativeExpenses": 50831000, "otherExpenses": -275330000, "operatingExpenses": -224499000, "costAndExpenses": -224499000, "interestIncome": 102205000, "interestExpense": 28616000, "depreciationAndAmortization": 1259000, "ebitda": -125237000, "ebitdaratio": -1.2778894524, "operatingIncome": -126496000, "operatingIncomeRatio": -1.2907359979, "totalOtherIncomeExpensesNet": -30015000, "incomeBeforeTax": -156511000, "incomeBeforeTaxRatio": -1.5970021326, "incomeTaxExpense": -11825000, "netIncome": -144686000, "netIncomeRatio": -1.4763425609, "eps": -22.8, "epsdiluted": -22.8, "weightedAverageShsOut": 6346652, "weightedAverageShsOutDil": 6346652, "link": "https://www.sec.gov/Archives/edgar/data/730708/000095012310027286/0000950123-10-027286-index.htm", "finalLink": "https://www.sec.gov/Archives/edgar/data/730708/000095012310027286/g22396e10vk.htm", "calculatedOtherExpenses": 173668000, "calculatedOperatingExpenses": 224499000, "calculatedNetInterest": 73589000, "calculatedOtherIncome": -103604000, "calculatedIncomeNonControlling": 0, "calculatedEbitda": -125237000}, {"date": "2008-12-31", "symbol": "SBCF", "reportedCurrency": "USD", "cik": "0000730708", "fillingDate": "2009-03-10", "acceptedDate": "2009-03-10 16:35:48", "calendarYear": "2008", "period": "FY", "revenue": 99151000, "costOfRevenue": 0, "grossProfit": 99151000, "grossProfitRatio": 1, "researchAndDevelopmentExpenses": 0, "generalAndAdministrativeExpenses": 37332000, "sellingAndMarketingExpenses": 2614000, "sellingGeneralAndAdministrativeExpenses": 39946000, "otherExpenses": -156941000, "operatingExpenses": -116995000, "costAndExpenses": -116995000, "interestIncome": 127084000, "interestExpense": 49853000, "depreciationAndAmortization": 3539000, "ebitda": -14305000, "ebitdaratio": -0.1442748938, "operatingIncome": -17844000, "operatingIncomeRatio": -0.1799679277, "totalOtherIncomeExpensesNet": -49853000, "incomeBeforeTax": -67697000, "incomeBeforeTaxRatio": -0.6827666892, "incomeTaxExpense": -22100000, "netIncome": -45597000, "netIncomeRatio": -0.4598743331, "eps": -12, "epsdiluted": -12, "weightedAverageShsOut": 3799551, "weightedAverageShsOutDil": 3799551, "link": "https://www.sec.gov/Archives/edgar/data/730708/000095014409002053/0000950144-09-002053-index.htm", "finalLink": "https://www.sec.gov/Archives/edgar/data/730708/000095014409002053/g17839e10vk.htm", "calculatedOtherExpenses": 77049000, "calculatedOperatingExpenses": 116995000, "calculatedNetInterest": 77231000, "calculatedOtherIncome": -127084000, "calculatedIncomeNonControlling": 0, "calculatedEbitda": -14305000}, {"date": "2007-12-31", "symbol": "SBCF", "reportedCurrency": "USD", "cik": "0000730708", "fillingDate": "2008-03-17", "acceptedDate": "2008-03-17 16:57:51", "calendarYear": "2007", "period": "FY", "revenue": 104331000, "costOfRevenue": 0, "grossProfit": 104331000, "grossProfitRatio": 1, "researchAndDevelopmentExpenses": 0, "generalAndAdministrativeExpenses": 38912000, "sellingAndMarketingExpenses": 3075000, "sellingGeneralAndAdministrativeExpenses": 41987000, "otherExpenses": -66518000, "operatingExpenses": -24531000, "costAndExpenses": -24531000, "interestIncome": 150106000, "interestExpense": 65637000, "depreciationAndAmortization": 2082000, "ebitda": 81882000, "ebitdaratio": 0.7848290537, "operatingIncome": 79800000, "operatingIncomeRatio": 0.7648733358, "totalOtherIncomeExpensesNet": -65637000, "incomeBeforeTax": 14163000, "incomeBeforeTaxRatio": 0.1357506398, "incomeTaxExpense": 4398000, "netIncome": 9765000, "netIncomeRatio": 0.0935963424, "eps": 2.6, "epsdiluted": 2.55, "weightedAverageShsOut": 3787308, "weightedAverageShsOutDil": 3831519, "link": "https://www.sec.gov/Archives/edgar/data/730708/000095014408002025/0000950144-08-002025-index.htm", "finalLink": "https://www.sec.gov/Archives/edgar/data/730708/000095014408002025/g11942e10vk.htm", "calculatedOtherExpenses": -17456000, "calculatedOperatingExpenses": 24531000, "calculatedNetInterest": 84469000, "calculatedOtherIncome": -150106000, "calculatedIncomeNonControlling": 0, "calculatedEbitda": 81882000}, {"date": "2006-12-31", "symbol": "SBCF", "reportedCurrency": "USD", "cik": "0000730708", "fillingDate": "2007-03-15", "acceptedDate": "2007-03-14 17:41:48", "calendarYear": "2006", "period": "FY", "revenue": 113143000, "costOfRevenue": 0, "grossProfit": 113143000, "grossProfitRatio": 1, "researchAndDevelopmentExpenses": 0, "generalAndAdministrativeExpenses": 36468000, "sellingAndMarketingExpenses": 0, "sellingGeneralAndAdministrativeExpenses": 36468000, "otherExpenses": -62011000, "operatingExpenses": -25543000, "costAndExpenses": -25543000, "interestIncome": 139827000, "interestExpense": 50787000, "depreciationAndAmortization": 2774000, "ebitda": 90374000, "ebitdaratio": 0.7987590925, "operatingIncome": 87600000, "operatingIncomeRatio": 0.7742414467, "totalOtherIncomeExpensesNet": -50787000, "incomeBeforeTax": 36813000, "incomeBeforeTaxRatio": 0.3253670134, "incomeTaxExpense": 12959000, "netIncome": 23854000, "netIncomeRatio": 0.2108305419, "eps": 6.5, "epsdiluted": 6.4, "weightedAverageShsOut": 3661051, "weightedAverageShsOutDil": 3734350, "link": "https://www.sec.gov/Archives/edgar/data/730708/000095014407002196/0000950144-07-002196-index.htm", "finalLink": "https://www.sec.gov/Archives/edgar/data/730708/000095014407002196/g05657e10vk.htm", "calculatedOtherExpenses": -10925000, "calculatedOperatingExpenses": 25543000, "calculatedNetInterest": 89040000, "calculatedOtherIncome": -139827000, "calculatedIncomeNonControlling": 0, "calculatedEbitda": 90374000}, {"date": "2005-12-31", "symbol": "SBCF", "reportedCurrency": "USD", "cik": "0000730708", "fillingDate": "2006-03-15", "acceptedDate": "2006-03-15 15:23:21", "calendarYear": "2005", "period": "FY", "revenue": 92830000, "costOfRevenue": 0, "grossProfit": 92830000, "grossProfitRatio": 1, "researchAndDevelopmentExpenses": 0, "generalAndAdministrativeExpenses": 30096000, "sellingAndMarketingExpenses": 3194000, "sellingGeneralAndAdministrativeExpenses": 33290000, "otherExpenses": -67492000, "operatingExpenses": -34202000, "costAndExpenses": -34202000, "interestIncome": 98400000, "interestExpense": 26215000, "depreciationAndAmortization": 3720000, "ebitda": 62348000, "ebitdaratio": 0.6716363245, "operatingIncome": 58628000, "operatingIncomeRatio": 0.6315630723, "totalOtherIncomeExpensesNet": -26215000, "incomeBeforeTax": 32413000, "incomeBeforeTaxRatio": 0.3491651406, "incomeTaxExpense": 11654000, "netIncome": 20759000, "netIncomeRatio": 0.2236238285, "eps": 6.35, "epsdiluted": 6.2, "weightedAverageShsOut": 3272239, "weightedAverageShsOutDil": 3349877, "link": "https://www.sec.gov/Archives/edgar/data/730708/000095014406002298/0000950144-06-002298-index.htm", "finalLink": "https://www.sec.gov/Archives/edgar/data/730708/000095014406002298/g99914e10vk.htm", "calculatedOtherExpenses": 912000, "calculatedOperatingExpenses": 34202000, "calculatedNetInterest": 72185000, "calculatedOtherIncome": -98400000, "calculatedIncomeNonControlling": 0, "calculatedEbitda": 62348000}, {"date": "2004-12-31", "symbol": "SBCF", "reportedCurrency": "USD", "cik": "0000730708", "fillingDate": "2005-03-17", "acceptedDate": "2005-03-16 21:46:16", "calendarYear": "2004", "period": "FY", "revenue": 71280000, "costOfRevenue": 0, "grossProfit": 71280000, "grossProfitRatio": 1, "researchAndDevelopmentExpenses": 0, "generalAndAdministrativeExpenses": 0, "sellingAndMarketingExpenses": 0, "sellingGeneralAndAdministrativeExpenses": 0, "otherExpenses": -34003000, "operatingExpenses": -34003000, "costAndExpenses": -34003000, "interestIncome": 67052000, "interestExpense": 14278000, "depreciationAndAmortization": 5204000, "ebitda": 42481000, "ebitdaratio": 0.5959736251, "operatingIncome": 37277000, "operatingIncomeRatio": 0.5229657688, "totalOtherIncomeExpensesNet": -14278000, "incomeBeforeTax": 22999000, "incomeBeforeTaxRatio": 0.3226571268, "incomeTaxExpense": 8077000, "netIncome": 14922000, "netIncomeRatio": 0.2093434343, "eps": 4.85, "epsdiluted": 4.75, "weightedAverageShsOut": 3067146, "weightedAverageShsOutDil": 3149089, "link": "https://www.sec.gov/Archives/edgar/data/730708/000095014405002692/0000950144-05-002692-index.htm", "finalLink": "https://www.sec.gov/Archives/edgar/data/730708/000095014405002692/g92439e10vk.htm", "calculatedOtherExpenses": 34003000, "calculatedOperatingExpenses": 34003000, "calculatedNetInterest": 52774000, "calculatedOtherIncome": -67052000, "calculatedIncomeNonControlling": 0, "calculatedEbitda": 42481000}, {"date": "2003-12-31", "symbol": "SBCF", "reportedCurrency": "USD", "cik": "0000730708", "fillingDate": "2004-03-12", "acceptedDate": "2004-03-12 16:10:00", "calendarYear": "2003", "period": "FY", "revenue": 63890000, "costOfRevenue": 0, "grossProfit": 63890000, "grossProfitRatio": 1, "researchAndDevelopmentExpenses": 0, "generalAndAdministrativeExpenses": 21236000, "sellingAndMarketingExpenses": 2119000, "sellingGeneralAndAdministrativeExpenses": 23355000, "otherExpenses": -49381000, "operatingExpenses": -26026000, "costAndExpenses": -26026000, "interestIncome": 62212000, "interestExpense": 16437000, "depreciationAndAmortization": 10718000, "ebitda": 48582000, "ebitdaratio": 0.7604006887, "operatingIncome": 37864000, "operatingIncomeRatio": 0.5926436062, "totalOtherIncomeExpensesNet": -16437000, "incomeBeforeTax": 21427000, "incomeBeforeTaxRatio": 0.3353732979, "incomeTaxExpense": 7411000, "netIncome": 14016000, "netIncomeRatio": 0.2193770543, "eps": 4.55, "epsdiluted": 4.45, "weightedAverageShsOut": 3066953, "weightedAverageShsOutDil": 3133403, "link": "https://www.sec.gov/Archives/edgar/data/730708/000095014404002409/0000950144-04-002409-index.htm", "finalLink": "https://www.sec.gov/Archives/edgar/data/730708/000095014404002409/g86414e10vk.htm", "calculatedOtherExpenses": 2671000, "calculatedOperatingExpenses": 26026000, "calculatedNetInterest": 45775000, "calculatedOtherIncome": -62212000, "calculatedIncomeNonControlling": 0, "calculatedEbitda": 48582000}, {"date": "2002-12-31", "symbol": "SBCF", "reportedCurrency": "USD", "cik": "0000730708", "fillingDate": "2003-03-28", "acceptedDate": "2003-03-28 10:07:35", "calendarYear": "2002", "period": "FY", "revenue": 64753000, "costOfRevenue": 0, "grossProfit": 64753000, "grossProfitRatio": 1, "researchAndDevelopmentExpenses": 0, "generalAndAdministrativeExpenses": 20065000, "sellingAndMarketingExpenses": 2036000, "sellingGeneralAndAdministrativeExpenses": 22101000, "otherExpenses": -38856000, "operatingExpenses": -16755000, "costAndExpenses": -16755000, "interestIncome": 70457000, "interestExpense": 23035000, "depreciationAndAmortization": 8187000, "ebitda": 56185000, "ebitdaratio": 0.8676818062, "operatingIncome": 47998000, "operatingIncomeRatio": 0.7412475098, "totalOtherIncomeExpensesNet": -23035000, "incomeBeforeTax": 24963000, "incomeBeforeTaxRatio": 0.385511096, "incomeTaxExpense": 9677000, "netIncome": 15286000, "netIncomeRatio": 0.2360662826, "eps": 4.55, "epsdiluted": 4.41, "weightedAverageShsOut": 3377077, "weightedAverageShsOutDil": 3457936, "link": "https://www.sec.gov/Archives/edgar/data/730708/000073070803000014/0000730708-03-000014-index.htm", "finalLink": "https://www.sec.gov/Archives/edgar/data/730708/000073070803000014/form10k2002.txt", "calculatedOtherExpenses": -5346000, "calculatedOperatingExpenses": 16755000, "calculatedNetInterest": 47422000, "calculatedOtherIncome": -70457000, "calculatedIncomeNonControlling": 0, "calculatedEbitda": 56185000}, {"date": "2001-12-31", "symbol": "SBCF", "reportedCurrency": "USD", "cik": "0000730708", "fillingDate": "2002-03-29", "acceptedDate": "2002-03-29 00:00:00", "calendarYear": "2001", "period": "FY", "revenue": 61516000, "costOfRevenue": 0, "grossProfit": 61516000, "grossProfitRatio": 1, "researchAndDevelopmentExpenses": 0, "generalAndAdministrativeExpenses": 18642000, "sellingAndMarketingExpenses": 1908000, "sellingGeneralAndAdministrativeExpenses": 20550000, "otherExpenses": -23208000, "operatingExpenses": -2658000, "costAndExpenses": -2658000, "interestIncome": 80895000, "interestExpense": 35402000, "depreciationAndAmortization": 3565000, "ebitda": 62423000, "ebitdaratio": 1.0147441316, "operatingIncome": 58858000, "operatingIncomeRatio": 0.956791729, "totalOtherIncomeExpensesNet": -35402000, "incomeBeforeTax": 23456000, "incomeBeforeTaxRatio": 0.3812991742, "incomeTaxExpense": 9326000, "netIncome": 14130000, "netIncomeRatio": 0.2296963392, "eps": 4.55, "epsdiluted": 4.48, "weightedAverageShsOut": 3104253, "weightedAverageShsOutDil": 3151396, "link": "https://www.sec.gov/Archives/edgar/data/730708/000073070802000013/0000730708-02-000013-index.htm", "finalLink": "https://www.sec.gov/Archives/edgar/data/730708/000073070802000013/form10k2001.txt", "calculatedOtherExpenses": -17892000, "calculatedOperatingExpenses": 2658000, "calculatedNetInterest": 45493000, "calculatedOtherIncome": -80895000, "calculatedIncomeNonControlling": 0, "calculatedEbitda": 62423000}, {"date": "2000-12-31", "symbol": "SBCF", "reportedCurrency": "USD", "cik": "0000730708", "fillingDate": "2001-03-30", "acceptedDate": "2001-03-30 00:00:00", "calendarYear": "2000", "period": "FY", "revenue": 55233000, "costOfRevenue": 0, "grossProfit": 55233000, "grossProfitRatio": 1, "researchAndDevelopmentExpenses": 0, "generalAndAdministrativeExpenses": 16254000, "sellingAndMarketingExpenses": 1717000, "sellingGeneralAndAdministrativeExpenses": 17971000, "otherExpenses": -15813000, "operatingExpenses": 2158000, "costAndExpenses": 2158000, "interestIncome": 79730000, "interestExpense": 37635000, "depreciationAndAmortization": 2559000, "ebitda": 59950000, "ebitdaratio": 1.0854018431, "operatingIncome": 57391000, "operatingIncomeRatio": 1.0390708453, "totalOtherIncomeExpensesNet": -37635000, "incomeBeforeTax": 19756000, "incomeBeforeTaxRatio": 0.3576847175, "incomeTaxExpense": 7668000, "netIncome": 12088000, "netIncomeRatio": 0.2188546702, "eps": 3.83, "epsdiluted": 3.8, "weightedAverageShsOut": 3155601, "weightedAverageShsOutDil": 3177630, "link": "https://www.sec.gov/Archives/edgar/data/730708/000073070801000011/0000730708-01-000011-index.htm", "finalLink": "https://www.sec.gov/Archives/edgar/data/730708/000073070801000011/0000730708-01-000011-0001.txt", "calculatedOtherExpenses": -20129000, "calculatedOperatingExpenses": -2158000, "calculatedNetInterest": 42095000, "calculatedOtherIncome": -79730000, "calculatedIncomeNonControlling": 0, "calculatedEbitda": 59950000}, {"date": "1999-12-31", "symbol": "SBCF", "reportedCurrency": "USD", "cik": "0000730708", "fillingDate": "2000-03-30", "acceptedDate": "2000-03-30 00:00:00", "calendarYear": "1999", "period": "FY", "revenue": 55500000, "costOfRevenue": 0, "grossProfit": 55500000, "grossProfitRatio": 1, "researchAndDevelopmentExpenses": 0, "generalAndAdministrativeExpenses": 17700000, "sellingAndMarketingExpenses": 1700000, "sellingGeneralAndAdministrativeExpenses": 19400000, "otherExpenses": -25600000, "operatingExpenses": -6200000, "costAndExpenses": -6200000, "interestIncome": 73600000, "interestExpense": 30500000, "depreciationAndAmortization": 2900000, "ebitda": 52200000, "ebitdaratio": 0.9405405405, "operatingIncome": 49300000, "operatingIncomeRatio": 0.8882882883, "totalOtherIncomeExpensesNet": -30500000, "incomeBeforeTax": 18800000, "incomeBeforeTaxRatio": 0.3387387387, "incomeTaxExpense": 7100000, "netIncome": 11700000, "netIncomeRatio": 0.2108108108, "eps": 3.68, "epsdiluted": 3.64, "weightedAverageShsOut": 3197662, "weightedAverageShsOutDil": 3240041, "link": "https://www.sec.gov/Archives/edgar/data/730708/000073070800000003/0000730708-00-000003-index.html", "finalLink": "https://www.sec.gov/Archives/edgar/data/730708/000073070800000003/0000730708-00-000003.txt", "calculatedOtherExpenses": -13200000, "calculatedOperatingExpenses": 6200000, "calculatedNetInterest": 43100000, "calculatedOtherIncome": -73600000, "calculatedIncomeNonControlling": 0, "calculatedEbitda": 52200000}, {"date": "1998-12-31", "symbol": "SBCF", "reportedCurrency": "USD", "cik": "0000730708", "fillingDate": "1999-03-31", "acceptedDate": "1999-03-31 00:00:00", "calendarYear": "1998", "period": "FY", "revenue": 52600000, "costOfRevenue": 0, "grossProfit": 52600000, "grossProfitRatio": 1, "researchAndDevelopmentExpenses": 0, "generalAndAdministrativeExpenses": 17200000, "sellingAndMarketingExpenses": 2000000, "sellingGeneralAndAdministrativeExpenses": 19200000, "otherExpenses": -27000000, "operatingExpenses": -7800000, "costAndExpenses": -7800000, "interestIncome": 69800000, "interestExpense": 29600000, "depreciationAndAmortization": 3000000, "ebitda": 47800000, "ebitdaratio": 0.9087452471, "operatingIncome": 44800000, "operatingIncomeRatio": 0.8517110266, "totalOtherIncomeExpensesNet": -29600000, "incomeBeforeTax": 15200000, "incomeBeforeTaxRatio": 0.288973384, "incomeTaxExpense": 5600000, "netIncome": 9600000, "netIncomeRatio": 0.1825095057, "eps": 2.85, "epsdiluted": 2.79, "weightedAverageShsOut": 3361401, "weightedAverageShsOutDil": 3426995, "link": "https://www.sec.gov/Archives/edgar/data/730708/000073070899000004/0000730708-99-000004-index.html", "finalLink": "https://www.sec.gov/Archives/edgar/data/730708/0000730708-99-000004.txt", "calculatedOtherExpenses": -11400000, "calculatedOperatingExpenses": 7800000, "calculatedNetInterest": 40200000, "calculatedOtherIncome": -69800000, "calculatedIncomeNonControlling": 0, "calculatedEbitda": 47800000}, {"date": "1997-12-31", "symbol": "SBCF", "reportedCurrency": "USD", "cik": "0000730708", "fillingDate": "1998-03-31", "acceptedDate": "1998-03-31 00:00:00", "calendarYear": "1997", "period": "FY", "revenue": 49000000, "costOfRevenue": 0, "grossProfit": 49000000, "grossProfitRatio": 1, "researchAndDevelopmentExpenses": 0, "generalAndAdministrativeExpenses": 0, "sellingAndMarketingExpenses": 0, "sellingGeneralAndAdministrativeExpenses": 0, "otherExpenses": -10700000, "operatingExpenses": -10700000, "costAndExpenses": -10700000, "interestIncome": 64700000, "interestExpense": 26600000, "depreciationAndAmortization": 2700000, "ebitda": 41000000, "ebitdaratio": 0.8367346939, "operatingIncome": 38300000, "operatingIncomeRatio": 0.7816326531, "totalOtherIncomeExpensesNet": -26600000, "incomeBeforeTax": 11700000, "incomeBeforeTaxRatio": 0.2387755102, "incomeTaxExpense": 4300000, "netIncome": 7400000, "netIncomeRatio": 0.1510204082, "eps": 0.67, "epsdiluted": 0.65, "weightedAverageShsOut": 3397020, "weightedAverageShsOutDil": 3397020, "link": "https://www.sec.gov/Archives/edgar/data/730708/000073070898000004/0000730708-98-000004-index.html", "finalLink": "https://www.sec.gov/Archives/edgar/data/730708/0000730708-98-000004.txt", "calculatedOtherExpenses": 10700000, "calculatedOperatingExpenses": 10700000, "calculatedNetInterest": 38100000, "calculatedOtherIncome": -64700000, "calculatedIncomeNonControlling": 0, "calculatedEbitda": 41000000}, {"date": "1996-12-31", "symbol": "SBCF", "reportedCurrency": "USD", "cik": "0000730708", "fillingDate": "1997-03-28", "acceptedDate": "1997-03-28 00:00:00", "calendarYear": "1996", "period": "FY", "revenue": 39900000, "costOfRevenue": 0, "grossProfit": 39900000, "grossProfitRatio": 1, "researchAndDevelopmentExpenses": 0, "generalAndAdministrativeExpenses": 0, "sellingAndMarketingExpenses": 0, "sellingGeneralAndAdministrativeExpenses": 0, "otherExpenses": -7300000, "operatingExpenses": -7300000, "costAndExpenses": -7300000, "interestIncome": 51800000, "interestExpense": 20700000, "depreciationAndAmortization": 2400000, "ebitda": 35000000, "ebitdaratio": 0.8771929825, "operatingIncome": 32600000, "operatingIncomeRatio": 0.8170426065, "totalOtherIncomeExpensesNet": -20700000, "incomeBeforeTax": 11900000, "incomeBeforeTaxRatio": 0.298245614, "incomeTaxExpense": 4300000, "netIncome": 7600000, "netIncomeRatio": 0.1904761905, "eps": 0.79, "epsdiluted": 0.78, "weightedAverageShsOut": 2810280, "weightedAverageShsOutDil": 2810280, "link": "https://www.sec.gov/Archives/edgar/data/730708/000095014497003090/0000950144-97-003090-index.html", "finalLink": "https://www.sec.gov/Archives/edgar/data/730708/0000950144-97-003090.txt", "calculatedOtherExpenses": 7300000, "calculatedOperatingExpenses": 7300000, "calculatedNetInterest": 31100000, "calculatedOtherIncome": -51800000, "calculatedIncomeNonControlling": 0, "calculatedEbitda": 35000000}, {"date": "1995-12-31", "symbol": "SBCF", "reportedCurrency": "USD", "cik": "0000730708", "fillingDate": "1996-03-29", "acceptedDate": "1996-03-29 00:00:00", "calendarYear": "1995", "period": "FY", "revenue": 35100000, "costOfRevenue": 0, "grossProfit": 35100000, "grossProfitRatio": 1, "researchAndDevelopmentExpenses": 0, "generalAndAdministrativeExpenses": 11700000, "sellingAndMarketingExpenses": 1400000, "sellingGeneralAndAdministrativeExpenses": 13100000, "otherExpenses": -16500000, "operatingExpenses": -3400000, "costAndExpenses": -3400000, "interestIncome": 48200000, "interestExpense": 21100000, "depreciationAndAmortization": 2600000, "ebitda": 34300000, "ebitdaratio": 0.9772079772, "operatingIncome": 31700000, "operatingIncomeRatio": 0.9031339031, "totalOtherIncomeExpensesNet": -21100000, "incomeBeforeTax": 10600000, "incomeBeforeTaxRatio": 0.301994302, "incomeTaxExpense": 3800000, "netIncome": 6800000, "netIncomeRatio": 0.1937321937, "eps": 0.7, "epsdiluted": 0.69, "weightedAverageShsOut": 2786284, "weightedAverageShsOutDil": 2786284, "link": "https://www.sec.gov/Archives/edgar/data/730708/000095014496001359/0000950144-96-001359-index.html", "finalLink": "https://www.sec.gov/Archives/edgar/data/730708/0000950144-96-001359.txt", "calculatedOtherExpenses": -9700000, "calculatedOperatingExpenses": 3400000, "calculatedNetInterest": 27100000, "calculatedOtherIncome": -48200000, "calculatedIncomeNonControlling": 0, "calculatedEbitda": 34300000}, {"date": "1994-12-31", "symbol": "SBCF", "reportedCurrency": "USD", "cik": "0000730708", "fillingDate": "1994-12-31", "acceptedDate": "1994-12-30 19:00:00", "calendarYear": "1994", "period": "FY", "revenue": 32500000, "costOfRevenue": 0, "grossProfit": 32500000, "grossProfitRatio": 1, "researchAndDevelopmentExpenses": 0, "generalAndAdministrativeExpenses": 0, "sellingAndMarketingExpenses": 0, "sellingGeneralAndAdministrativeExpenses": 0, "otherExpenses": -9400000, "operatingExpenses": -9400000, "costAndExpenses": -9400000, "interestIncome": 39000000, "interestExpense": 13800000, "depreciationAndAmortization": 600000, "ebitda": 23700000, "ebitdaratio": 0.7292307692, "operatingIncome": 23100000, "operatingIncomeRatio": 0.7107692308, "totalOtherIncomeExpensesNet": -13800000, "incomeBeforeTax": 9300000, "incomeBeforeTaxRatio": 0.2861538462, "incomeTaxExpense": 3100000, "netIncome": 6200000, "netIncomeRatio": 0.1907692308, "eps": 0.66, "epsdiluted": 0.66, "weightedAverageShsOut": 2828571, "weightedAverageShsOutDil": 2828571, "link": "", "finalLink": "", "calculatedOtherExpenses": 9400000, "calculatedOperatingExpenses": 9400000, "calculatedNetInterest": 25200000, "calculatedOtherIncome": -39000000, "calculatedIncomeNonControlling": 0, "calculatedEbitda": 23700000}, {"date": "1993-12-31", "symbol": "SBCF", "reportedCurrency": "USD", "cik": "0000730708", "fillingDate": "1993-12-31", "acceptedDate": "1993-12-30 19:00:00", "calendarYear": "1993", "period": "FY", "revenue": 34900000, "costOfRevenue": 0, "grossProfit": 34900000, "grossProfitRatio": 1, "researchAndDevelopmentExpenses": 0, "generalAndAdministrativeExpenses": 0, "sellingAndMarketingExpenses": 0, "sellingGeneralAndAdministrativeExpenses": 0, "otherExpenses": -10600000, "operatingExpenses": -10600000, "costAndExpenses": -10600000, "interestIncome": 39700000, "interestExpense": 13600000, "depreciationAndAmortization": 3000000, "ebitda": 27300000, "ebitdaratio": 0.782234957, "operatingIncome": 24300000, "operatingIncomeRatio": 0.6962750716, "totalOtherIncomeExpensesNet": -13900000, "incomeBeforeTax": 10400000, "incomeBeforeTaxRatio": 0.2979942693, "incomeTaxExpense": 3500000, "netIncome": 7200000, "netIncomeRatio": 0.2063037249, "eps": 0.76, "epsdiluted": 0.76, "weightedAverageShsOut": 2816678, "weightedAverageShsOutDil": 2816678, "link": "", "finalLink": "", "calculatedOtherExpenses": 10600000, "calculatedOperatingExpenses": 10600000, "calculatedNetInterest": 26100000, "calculatedOtherIncome": -40000000, "calculatedIncomeNonControlling": -300000, "calculatedEbitda": 27300000}, {"date": "1992-12-31", "symbol": "SBCF", "reportedCurrency": "USD", "cik": "0000730708", "fillingDate": "1992-12-31", "acceptedDate": "1992-12-30 19:00:00", "calendarYear": "1992", "period": "FY", "revenue": 37000000, "costOfRevenue": 0, "grossProfit": 37000000, "grossProfitRatio": 1, "researchAndDevelopmentExpenses": 0, "generalAndAdministrativeExpenses": 0, "sellingAndMarketingExpenses": 0, "sellingGeneralAndAdministrativeExpenses": 0, "otherExpenses": -10600000, "operatingExpenses": -10600000, "costAndExpenses": -10600000, "interestIncome": 44800000, "interestExpense": 17300000, "depreciationAndAmortization": 2800000, "ebitda": 29200000, "ebitdaratio": 0.7891891892, "operatingIncome": 26400000, "operatingIncomeRatio": 0.7135135135, "totalOtherIncomeExpensesNet": -17300000, "incomeBeforeTax": 9100000, "incomeBeforeTaxRatio": 0.2459459459, "incomeTaxExpense": 3000000, "netIncome": 6100000, "netIncomeRatio": 0.1648648649, "eps": 0.67, "epsdiluted": 0.67, "weightedAverageShsOut": 2804785, "weightedAverageShsOutDil": 2804785, "link": "", "finalLink": "", "calculatedOtherExpenses": 10600000, "calculatedOperatingExpenses": 10600000, "calculatedNetInterest": 27500000, "calculatedOtherIncome": -44800000, "calculatedIncomeNonControlling": 0, "calculatedEbitda": 29200000}, {"date": "1991-12-31", "symbol": "SBCF", "reportedCurrency": "USD", "cik": "0000730708", "fillingDate": "1991-12-31", "acceptedDate": "1991-12-30 19:00:00", "calendarYear": "1991", "period": "FY", "revenue": 29400000, "costOfRevenue": 0, "grossProfit": 29400000, "grossProfitRatio": 1, "researchAndDevelopmentExpenses": 0, "generalAndAdministrativeExpenses": 10000000, "sellingAndMarketingExpenses": 1100000, "sellingGeneralAndAdministrativeExpenses": 11100000, "otherExpenses": -11100000, "operatingExpenses": 0, "costAndExpenses": 0, "interestIncome": 46700000, "interestExpense": 24800000, "depreciationAndAmortization": 2200000, "ebitda": 31600000, "ebitdaratio": 1.074829932, "operatingIncome": 29400000, "operatingIncomeRatio": 1, "totalOtherIncomeExpensesNet": -24800000, "incomeBeforeTax": 4600000, "incomeBeforeTaxRatio": 0.156462585, "incomeTaxExpense": 1300000, "netIncome": 3300000, "netIncomeRatio": 0.112244898, "eps": 0.42, "epsdiluted": 0.42, "weightedAverageShsOut": 2795534, "weightedAverageShsOutDil": 2795534, "link": "", "finalLink": "", "calculatedOtherExpenses": -11100000, "calculatedOperatingExpenses": 0, "calculatedNetInterest": 21900000, "calculatedOtherIncome": -46700000, "calculatedIncomeNonControlling": 0, "calculatedEbitda": 31600000}, {"date": "1990-12-31", "symbol": "SBCF", "reportedCurrency": "USD", "cik": "0000730708", "fillingDate": "1990-12-31", "acceptedDate": "1990-12-30 19:00:00", "calendarYear": "1990", "period": "FY", "revenue": 0, "costOfRevenue": 0, "grossProfit": 0, "grossProfitRatio": 0, "researchAndDevelopmentExpenses": 0, "generalAndAdministrativeExpenses": 0, "sellingAndMarketingExpenses": 0, "sellingGeneralAndAdministrativeExpenses": 0, "otherExpenses": 3600000, "operatingExpenses": 3600000, "costAndExpenses": 3600000, "interestIncome": 0, "interestExpense": 0, "depreciationAndAmortization": 0, "ebitda": 3600000, "ebitdaratio": 0, "operatingIncome": 3600000, "operatingIncomeRatio": 0, "totalOtherIncomeExpensesNet": 0, "incomeBeforeTax": 0, "incomeBeforeTaxRatio": 0, "incomeTaxExpense": -3600000, "netIncome": 3600000, "netIncomeRatio": 0, "eps": 1.54, "epsdiluted": 1.54, "weightedAverageShsOut": 2331704, "weightedAverageShsOutDil": 2331704, "link": "", "finalLink": "", "calculatedOtherExpenses": -3600000, "calculatedOperatingExpenses": -3600000, "calculatedNetInterest": 0, "calculatedOtherIncome": -3600000, "calculatedIncomeNonControlling": 0, "calculatedEbitda": 3600000}, {"date": "1989-12-31", "symbol": "SBCF", "reportedCurrency": "USD", "cik": "0000730708", "fillingDate": "1989-12-31", "acceptedDate": "1989-12-30 19:00:00", "calendarYear": "1989", "period": "FY", "revenue": 0, "costOfRevenue": 0, "grossProfit": 0, "grossProfitRatio": 0, "researchAndDevelopmentExpenses": 0, "generalAndAdministrativeExpenses": 0, "sellingAndMarketingExpenses": 0, "sellingGeneralAndAdministrativeExpenses": 0, "otherExpenses": 4500000, "operatingExpenses": 4500000, "costAndExpenses": 4500000, "interestIncome": 0, "interestExpense": 0, "depreciationAndAmortization": 0, "ebitda": 4500000, "ebitdaratio": 0, "operatingIncome": 4500000, "operatingIncomeRatio": 0, "totalOtherIncomeExpensesNet": 0, "incomeBeforeTax": 0, "incomeBeforeTaxRatio": 0, "incomeTaxExpense": -4500000, "netIncome": 4500000, "netIncomeRatio": 0, "eps": 1.94, "epsdiluted": 1.94, "weightedAverageShsOut": 2319151, "weightedAverageShsOutDil": 2319151, "link": "", "finalLink": "", "calculatedOtherExpenses": -4500000, "calculatedOperatingExpenses": -4500000, "calculatedNetInterest": 0, "calculatedOtherIncome": -4500000, "calculatedIncomeNonControlling": 0, "calculatedEbitda": 4500000}, {"date": "1988-12-31", "symbol": "SBCF", "reportedCurrency": "USD", "cik": "0000730708", "fillingDate": "1988-12-31", "acceptedDate": "1988-12-30 19:00:00", "calendarYear": "1988", "period": "FY", "revenue": 0, "costOfRevenue": 0, "grossProfit": 0, "grossProfitRatio": 0, "researchAndDevelopmentExpenses": 0, "generalAndAdministrativeExpenses": 0, "sellingAndMarketingExpenses": 0, "sellingGeneralAndAdministrativeExpenses": 0, "otherExpenses": 4500000, "operatingExpenses": 4500000, "costAndExpenses": 4500000, "interestIncome": 0, "interestExpense": 0, "depreciationAndAmortization": 0, "ebitda": 4500000, "ebitdaratio": 0, "operatingIncome": 4500000, "operatingIncomeRatio": 0, "totalOtherIncomeExpensesNet": 0, "incomeBeforeTax": 0, "incomeBeforeTaxRatio": 0, "incomeTaxExpense": -4500000, "netIncome": 4500000, "netIncomeRatio": 0, "eps": 1.94, "epsdiluted": 1.94, "weightedAverageShsOut": 2313865, "weightedAverageShsOutDil": 2313865, "link": "", "finalLink": "", "calculatedOtherExpenses": -4500000, "calculatedOperatingExpenses": -4500000, "calculatedNetInterest": 0, "calculatedOtherIncome": -4500000, "calculatedIncomeNonControlling": 0, "calculatedEbitda": 4500000}, {"date": "1987-12-31", "symbol": "SBCF", "reportedCurrency": "USD", "cik": "0000730708", "fillingDate": "1987-12-31", "acceptedDate": "1987-12-30 19:00:00", "calendarYear": "1987", "period": "FY", "revenue": 0, "costOfRevenue": 0, "grossProfit": 0, "grossProfitRatio": 0, "researchAndDevelopmentExpenses": 0, "generalAndAdministrativeExpenses": 0, "sellingAndMarketingExpenses": 0, "sellingGeneralAndAdministrativeExpenses": 0, "otherExpenses": 4100000, "operatingExpenses": 4100000, "costAndExpenses": 4100000, "interestIncome": 0, "interestExpense": 0, "depreciationAndAmortization": 0, "ebitda": 4100000, "ebitdaratio": 0, "operatingIncome": 4100000, "operatingIncomeRatio": 0, "totalOtherIncomeExpensesNet": 0, "incomeBeforeTax": 0, "incomeBeforeTaxRatio": 0, "incomeTaxExpense": -4100000, "netIncome": 4100000, "netIncomeRatio": 0, "eps": 1.77, "epsdiluted": 1.77, "weightedAverageShsOut": 2313204, "weightedAverageShsOutDil": 2313204, "link": "", "finalLink": "", "calculatedOtherExpenses": -4100000, "calculatedOperatingExpenses": -4100000, "calculatedNetInterest": 0, "calculatedOtherIncome": -4100000, "calculatedIncomeNonControlling": 0, "calculatedEbitda": 4100000}, {"date": "1986-12-31", "symbol": "SBCF", "reportedCurrency": "USD", "cik": "0000730708", "fillingDate": "1986-12-31", "acceptedDate": "1986-12-30 19:00:00", "calendarYear": "1986", "period": "FY", "revenue": 0, "costOfRevenue": 0, "grossProfit": 0, "grossProfitRatio": 0, "researchAndDevelopmentExpenses": 0, "generalAndAdministrativeExpenses": 0, "sellingAndMarketingExpenses": 0, "sellingGeneralAndAdministrativeExpenses": 0, "otherExpenses": 3400000, "operatingExpenses": 3400000, "costAndExpenses": 3400000, "interestIncome": 0, "interestExpense": 0, "depreciationAndAmortization": 0, "ebitda": 3400000, "ebitdaratio": 0, "operatingIncome": 3400000, "operatingIncomeRatio": 0, "totalOtherIncomeExpensesNet": 0, "incomeBeforeTax": 0, "incomeBeforeTaxRatio": 0, "incomeTaxExpense": -3400000, "netIncome": 3400000, "netIncomeRatio": 0, "eps": 1.47, "epsdiluted": 1.47, "weightedAverageShsOut": 2313204, "weightedAverageShsOutDil": 2313204, "link": "", "finalLink": "", "calculatedOtherExpenses": -3400000, "calculatedOperatingExpenses": -3400000, "calculatedNetInterest": 0, "calculatedOtherIncome": -3400000, "calculatedIncomeNonControlling": 0, "calculatedEbitda": 3400000}, {"date": "1985-12-31", "symbol": "SBCF", "reportedCurrency": "USD", "cik": "0000730708", "fillingDate": "1985-12-31", "acceptedDate": "1985-12-30 19:00:00", "calendarYear": "1985", "period": "FY", "revenue": 0, "costOfRevenue": 0, "grossProfit": 0, "grossProfitRatio": 0, "researchAndDevelopmentExpenses": 0, "generalAndAdministrativeExpenses": 0, "sellingAndMarketingExpenses": 0, "sellingGeneralAndAdministrativeExpenses": 0, "otherExpenses": 2700000, "operatingExpenses": 2700000, "costAndExpenses": 2700000, "interestIncome": 0, "interestExpense": 0, "depreciationAndAmortization": 0, "ebitda": 2700000, "ebitdaratio": 0, "operatingIncome": 2700000, "operatingIncomeRatio": 0, "totalOtherIncomeExpensesNet": 0, "incomeBeforeTax": 0, "incomeBeforeTaxRatio": 0, "incomeTaxExpense": -2700000, "netIncome": 2700000, "netIncomeRatio": 0, "eps": 1.17, "epsdiluted": 1.17, "weightedAverageShsOut": 2313204, "weightedAverageShsOutDil": 2313204, "link": "", "finalLink": "", "calculatedOtherExpenses": -2700000, "calculatedOperatingExpenses": -2700000, "calculatedNetInterest": 0, "calculatedOtherIncome": -2700000, "calculatedIncomeNonControlling": 0, "calculatedEbitda": 2700000}]}