{"originalCurrency": "USD", "convertedCurrency": "USD", "report": [{"date": "2023-12-31", "symbol": "SBRA", "reportedCurrency": "USD", "cik": "0001492298", "fillingDate": "2024-02-27", "acceptedDate": "2024-02-27 16:08:44", "calendarYear": "2023", "period": "FY", "revenue": 655846000, "costOfRevenue": 378332000, "grossProfit": 277514000, "grossProfitRatio": 0.4231389686, "researchAndDevelopmentExpenses": 0, "generalAndAdministrativeExpenses": 47472000, "sellingAndMarketingExpenses": 0, "sellingGeneralAndAdministrativeExpenses": 47472000, "otherExpenses": -42446000, "operatingExpenses": 42446000, "costAndExpenses": 420778000, "interestIncome": 0, "interestExpense": 134412000, "depreciationAndAmortization": 183087000, "ebitda": 418155000, "ebitdaratio": 0.6375810785, "operatingIncome": 235068000, "operatingIncomeRatio": 0.358419507, "totalOtherIncomeExpensesNet": -227227000, "incomeBeforeTax": 7841000, "incomeBeforeTaxRatio": 0.0119555505, "incomeTaxExpense": 2001999, "netIncome": 13756000, "netIncomeRatio": 0.0209744361, "eps": 0.0595, "epsdiluted": 0.0591, "weightedAverageShsOut": 231203391, "weightedAverageShsOutDil": 232792778, "link": "https://www.sec.gov/Archives/edgar/data/1492298/000149229824000008/0001492298-24-000008-index.htm", "finalLink": "https://www.sec.gov/Archives/edgar/data/1492298/000149229824000008/sbra-20231231.htm", "calculatedOtherExpenses": -5026000, "calculatedOperatingExpenses": 42446000, "calculatedNetInterest": -134412000, "calculatedOtherIncome": -92815000, "calculatedIncomeNonControlling": -7916999, "calculatedEbitda": 418155000}, {"date": "2022-12-31", "symbol": "SBRA", "reportedCurrency": "USD", "cik": "0001492298", "fillingDate": "2023-02-21", "acceptedDate": "2023-02-21 16:09:57", "calendarYear": "2022", "period": "FY", "revenue": 624811000, "costOfRevenue": 162613000, "grossProfit": 462198000, "grossProfitRatio": 0.7397404975, "researchAndDevelopmentExpenses": 0, "generalAndAdministrativeExpenses": 39574000, "sellingAndMarketingExpenses": 0, "sellingGeneralAndAdministrativeExpenses": 39574000, "otherExpenses": 187923000, "operatingExpenses": 227497000, "costAndExpenses": 390110000, "interestIncome": 105571000, "interestExpense": 105471000, "depreciationAndAmortization": 187782000, "ebitda": 323354000, "ebitdaratio": 0.5175228989, "operatingIncome": 135572000, "operatingIncomeRatio": 0.216980815, "totalOtherIncomeExpensesNet": -211935000, "incomeBeforeTax": -76363000, "incomeBeforeTaxRatio": -0.1222177587, "incomeTaxExpense": 1242000, "netIncome": -77605000, "netIncomeRatio": -0.1242055598, "eps": -0.34, "epsdiluted": -0.34, "weightedAverageShsOut": 230947895, "weightedAverageShsOutDil": 230947895, "link": "https://www.sec.gov/Archives/edgar/data/1492298/000149229823000006/0001492298-23-000006-index.htm", "finalLink": "https://www.sec.gov/Archives/edgar/data/1492298/000149229823000006/sbra-20221231.htm", "calculatedOtherExpenses": 287052000, "calculatedOperatingExpenses": 326626000, "calculatedNetInterest": 100000, "calculatedOtherIncome": -212035000, "calculatedIncomeNonControlling": 0, "calculatedEbitda": 323354000}, {"date": "2021-12-31", "symbol": "SBRA", "reportedCurrency": "USD", "cik": "0001492298", "fillingDate": "2022-02-22", "acceptedDate": "2022-02-22 09:03:17", "calendarYear": "2021", "period": "FY", "revenue": 569545000, "costOfRevenue": 141201000, "grossProfit": 428344000, "grossProfitRatio": 0.7520810472, "researchAndDevelopmentExpenses": 0, "generalAndAdministrativeExpenses": 34669000, "sellingAndMarketingExpenses": 0, "sellingGeneralAndAdministrativeExpenses": 34669000, "otherExpenses": 182926000, "operatingExpenses": 217595000, "costAndExpenses": 358796000, "interestIncome": 98654000, "interestExpense": 98632000, "depreciationAndAmortization": 178991000, "ebitda": 198032000, "ebitdaratio": 0.3477021131, "operatingIncome": 19041000, "operatingIncomeRatio": 0.0334319501, "totalOtherIncomeExpensesNet": -130452000, "incomeBeforeTax": -111411000, "incomeBeforeTaxRatio": -0.1956140428, "incomeTaxExpense": 1845000, "netIncome": -113256000, "netIncomeRatio": -0.1988534708, "eps": -0.52, "epsdiluted": -0.52, "weightedAverageShsOut": 219073027, "weightedAverageShsOutDil": 219073027, "link": "https://www.sec.gov/Archives/edgar/data/1492298/000149229822000014/0001492298-22-000014-index.htm", "finalLink": "https://www.sec.gov/Archives/edgar/data/1492298/000149229822000014/sbra-20211231.htm", "calculatedOtherExpenses": 374634000, "calculatedOperatingExpenses": 409303000, "calculatedNetInterest": 22000, "calculatedOtherIncome": -130474000, "calculatedIncomeNonControlling": 0, "calculatedEbitda": 198032000}, {"date": "2020-12-31", "symbol": "SBRA", "reportedCurrency": "USD", "cik": "0001492298", "fillingDate": "2021-02-22", "acceptedDate": "2021-02-22 16:09:45", "calendarYear": "2020", "period": "FY", "revenue": 598569000, "costOfRevenue": 131553000, "grossProfit": 467016000, "grossProfitRatio": 0.7802208267, "researchAndDevelopmentExpenses": 0, "generalAndAdministrativeExpenses": 32755000, "sellingAndMarketingExpenses": 0, "sellingGeneralAndAdministrativeExpenses": 32755000, "otherExpenses": 178592000, "operatingExpenses": 211347000, "costAndExpenses": 342900000, "interestIncome": 100524000, "interestExpense": 100424000, "depreciationAndAmortization": 176737000, "ebitda": 417961000, "ebitdaratio": 0.6982670335, "operatingIncome": 241224000, "operatingIncomeRatio": 0.4030011578, "totalOtherIncomeExpensesNet": -102097000, "incomeBeforeTax": 139127000, "incomeBeforeTaxRatio": 0.2324326853, "incomeTaxExpense": 710000, "netIncome": 138417000, "netIncomeRatio": 0.231246523, "eps": 0.67, "epsdiluted": 0.67, "weightedAverageShsOut": 206223503, "weightedAverageShsOutDil": 207252830, "link": "https://www.sec.gov/Archives/edgar/data/1492298/000149229821000014/0001492298-21-000014-index.htm", "finalLink": "https://www.sec.gov/Archives/edgar/data/1492298/000149229821000014/sbra-20201231.htm", "calculatedOtherExpenses": 193037000, "calculatedOperatingExpenses": 225792000, "calculatedNetInterest": 100000, "calculatedOtherIncome": -102197000, "calculatedIncomeNonControlling": 0, "calculatedEbitda": 417961000}, {"date": "2019-12-31", "symbol": "SBRA", "reportedCurrency": "USD", "cik": "0001492298", "fillingDate": "2020-02-24", "acceptedDate": "2020-02-24 09:19:31", "calendarYear": "2019", "period": "FY", "revenue": 661736000, "costOfRevenue": 108472000, "grossProfit": 553264000, "grossProfitRatio": 0.8360796451, "researchAndDevelopmentExpenses": 0, "generalAndAdministrativeExpenses": 30462000, "sellingAndMarketingExpenses": 0, "sellingGeneralAndAdministrativeExpenses": 30462000, "otherExpenses": 182787000, "operatingExpenses": 213249000, "costAndExpenses": 321721000, "interestIncome": 126605000, "interestExpense": 126610000, "depreciationAndAmortization": 181549000, "ebitda": 516862000, "ebitdaratio": 0.7810697922, "operatingIncome": 335313000, "operatingIncomeRatio": 0.5067171803, "totalOtherIncomeExpensesNet": -262893000, "incomeBeforeTax": 72420000, "incomeBeforeTaxRatio": 0.1094394139, "incomeTaxExpense": 3402000, "netIncome": 68996000, "netIncomeRatio": 0.104265145, "eps": 0.37, "epsdiluted": 0.37, "weightedAverageShsOut": 187172210, "weightedAverageShsOutDil": 188127092, "link": "https://www.sec.gov/Archives/edgar/data/1492298/000149229820000007/0001492298-20-000007-index.htm", "finalLink": "https://www.sec.gov/Archives/edgar/data/1492298/000149229820000007/sbra10k2019.htm", "calculatedOtherExpenses": 187489000, "calculatedOperatingExpenses": 217951000, "calculatedNetInterest": -5000, "calculatedOtherIncome": -262888000, "calculatedIncomeNonControlling": 22000, "calculatedEbitda": 516862000}, {"date": "2018-12-31", "symbol": "SBRA", "reportedCurrency": "USD", "cik": "0001492298", "fillingDate": "2019-02-25", "acceptedDate": "2019-02-25 08:12:12", "calendarYear": "2018", "period": "FY", "revenue": 623409000, "costOfRevenue": 49546000, "grossProfit": 573863000, "grossProfitRatio": 0.9205240861, "researchAndDevelopmentExpenses": 0, "generalAndAdministrativeExpenses": 36458000, "sellingAndMarketingExpenses": 0, "sellingGeneralAndAdministrativeExpenses": 36458000, "otherExpenses": 4480000, "operatingExpenses": 266912000, "costAndExpenses": 316458000, "interestIncome": 0, "interestExpense": 147106000, "depreciationAndAmortization": 199080000, "ebitda": 505080000, "ebitdaratio": 0.8101904207, "operatingIncome": 306951000, "operatingIncomeRatio": 0.4923749898, "totalOtherIncomeExpensesNet": 122281000, "incomeBeforeTax": 282126000, "incomeBeforeTaxRatio": 0.4525536205, "incomeTaxExpense": 3011000, "netIncome": 279082000, "netIncomeRatio": 0.4476707908, "eps": 1.57, "epsdiluted": 1.56, "weightedAverageShsOut": 178305738, "weightedAverageShsOutDil": 178721744, "link": "https://www.sec.gov/Archives/edgar/data/1492298/000149229819000006/0001492298-19-000006-index.htm", "finalLink": "https://www.sec.gov/Archives/edgar/data/1492298/000149229819000006/sbra10k2018.htm", "calculatedOtherExpenses": 230454000, "calculatedOperatingExpenses": 266912000, "calculatedNetInterest": -147106000, "calculatedOtherIncome": 122281000, "calculatedIncomeNonControlling": 33000, "calculatedEbitda": 506031000}, {"date": "2017-12-31", "symbol": "SBRA", "reportedCurrency": "USD", "cik": "0001492298", "fillingDate": "2018-02-21", "acceptedDate": "2018-02-21 16:27:14", "calendarYear": "2017", "period": "FY", "revenue": 405647000, "costOfRevenue": 17860000, "grossProfit": 387787000, "grossProfitRatio": 0.9559715713, "researchAndDevelopmentExpenses": 0, "generalAndAdministrativeExpenses": 32401000, "sellingAndMarketingExpenses": 0, "sellingGeneralAndAdministrativeExpenses": 32401000, "otherExpenses": 3170000, "operatingExpenses": 163396000, "costAndExpenses": 181256000, "interestIncome": 0, "interestExpense": 88440000, "depreciationAndAmortization": 112970000, "ebitda": 341443000, "ebitdaratio": 0.841724455, "operatingIncome": 224391000, "operatingIncomeRatio": 0.5531681487, "totalOtherIncomeExpensesNet": 23065000, "incomeBeforeTax": 159016000, "incomeBeforeTaxRatio": 0.3920058573, "incomeTaxExpense": 651000, "netIncome": 158383000, "netIncomeRatio": 0.3904453872, "eps": 1.4, "epsdiluted": 1.4, "weightedAverageShsOut": 105621242, "weightedAverageShsOutDil": 105842434, "link": "https://www.sec.gov/Archives/edgar/data/1492298/000149229818000008/0001492298-18-000008-index.htm", "finalLink": "https://www.sec.gov/Archives/edgar/data/1492298/000149229818000008/sbra10k2017.htm", "calculatedOtherExpenses": 130995000, "calculatedOperatingExpenses": 163396000, "calculatedNetInterest": -88440000, "calculatedOtherIncome": 23065000, "calculatedIncomeNonControlling": -18000, "calculatedEbitda": 337361000}, {"date": "2016-12-31", "symbol": "SBRA", "reportedCurrency": "USD", "cik": "0001492298", "fillingDate": "2017-02-22", "acceptedDate": "2017-02-22 16:20:00", "calendarYear": "2016", "period": "FY", "revenue": 260526000, "costOfRevenue": 5703000, "grossProfit": 254823000, "grossProfitRatio": 0.9781096704, "researchAndDevelopmentExpenses": 0, "generalAndAdministrativeExpenses": 19918000, "sellingAndMarketingExpenses": 0, "sellingGeneralAndAdministrativeExpenses": 19918000, "otherExpenses": 10677000, "operatingExpenses": 93933000, "costAndExpenses": 99636000, "interestIncome": 0, "interestExpense": 64873000, "depreciationAndAmortization": 68472000, "ebitda": 240039000, "ebitdaratio": 0.921362935, "operatingIncome": 160890000, "operatingIncomeRatio": 0.6175583243, "totalOtherIncomeExpensesNet": -25812000, "incomeBeforeTax": 70205000, "incomeBeforeTaxRatio": 0.269474064, "incomeTaxExpense": 75479000, "netIncome": 70276000, "netIncomeRatio": 0.2697465896, "eps": 0.92, "epsdiluted": 0.92, "weightedAverageShsOut": 65284251, "weightedAverageShsOutDil": 65520672, "link": "https://www.sec.gov/Archives/edgar/data/1492298/000149229817000006/0001492298-17-000006-index.htm", "finalLink": "https://www.sec.gov/Archives/edgar/data/1492298/000149229817000006/sbra10k2016.htm", "calculatedOtherExpenses": 74015000, "calculatedOperatingExpenses": 93933000, "calculatedNetInterest": -64873000, "calculatedOtherIncome": -25812000, "calculatedIncomeNonControlling": -75550000, "calculatedEbitda": 229362000}, {"date": "2015-12-31", "symbol": "SBRA", "reportedCurrency": "USD", "cik": "0001492298", "fillingDate": "2016-02-22", "acceptedDate": "2016-02-22 16:12:03", "calendarYear": "2015", "period": "FY", "revenue": 238864000, "costOfRevenue": 2576000, "grossProfit": 236288000, "grossProfitRatio": 0.9892156206, "researchAndDevelopmentExpenses": 0, "generalAndAdministrativeExpenses": 23865000, "sellingAndMarketingExpenses": 0, "sellingGeneralAndAdministrativeExpenses": 23865000, "otherExpenses": 2260000, "operatingExpenses": 99786000, "costAndExpenses": 102362000, "interestIncome": 0, "interestExpense": 59218000, "depreciationAndAmortization": 63079000, "ebitda": 201841000, "ebitdaratio": 0.8450038516, "operatingIncome": 136502000, "operatingIncomeRatio": 0.5714632594, "totalOtherIncomeExpensesNet": 2099000, "incomeBeforeTax": 79383000, "incomeBeforeTaxRatio": 0.332335555, "incomeTaxExpense": 61448000, "netIncome": 79413000, "netIncomeRatio": 0.3324611494, "eps": 1.11, "epsdiluted": 1.11, "weightedAverageShsOut": 62235014, "weightedAverageShsOutDil": 62460239, "link": "https://www.sec.gov/Archives/edgar/data/1492298/000149229816000054/0001492298-16-000054-index.htm", "finalLink": "https://www.sec.gov/Archives/edgar/data/1492298/000149229816000054/sbra10k2015.htm", "calculatedOtherExpenses": 75921000, "calculatedOperatingExpenses": 99786000, "calculatedNetInterest": -59218000, "calculatedOtherIncome": 2099000, "calculatedIncomeNonControlling": -61478000, "calculatedEbitda": 199581000}, {"date": "2014-12-31", "symbol": "SBRA", "reportedCurrency": "USD", "cik": "0001492298", "fillingDate": "2015-02-19", "acceptedDate": "2015-02-19 16:04:51", "calendarYear": "2014", "period": "FY", "revenue": 183518000, "costOfRevenue": 3914000, "grossProfit": 179604000, "grossProfitRatio": 0.9786723918, "researchAndDevelopmentExpenses": 0, "generalAndAdministrativeExpenses": 29339000, "sellingAndMarketingExpenses": 0, "sellingGeneralAndAdministrativeExpenses": 29339000, "otherExpenses": 1560000, "operatingExpenses": 72671000, "costAndExpenses": 72671000, "interestIncome": 0, "interestExpense": 46958000, "depreciationAndAmortization": 43332000, "ebitda": 155739000, "ebitdaratio": 0.848630652, "operatingIncome": 110847000, "operatingIncomeRatio": 0.6040115956, "totalOtherIncomeExpensesNet": -16980000, "incomeBeforeTax": 46909000, "incomeBeforeTaxRatio": 0.2556098039, "incomeTaxExpense": 48475000, "netIncome": 46952000, "netIncomeRatio": 0.2558441134, "eps": 0.79, "epsdiluted": 0.78, "weightedAverageShsOut": 46351544, "weightedAverageShsOutDil": 46889531, "link": "https://www.sec.gov/Archives/edgar/data/1492298/000149229815000010/0001492298-15-000010-index.htm", "finalLink": "https://www.sec.gov/Archives/edgar/data/1492298/000149229815000010/sbra10k2014.htm", "calculatedOtherExpenses": 39418000, "calculatedOperatingExpenses": 68757000, "calculatedNetInterest": -46958000, "calculatedOtherIncome": -16980000, "calculatedIncomeNonControlling": -48518000, "calculatedEbitda": 154179000}, {"date": "2013-12-31", "symbol": "SBRA", "reportedCurrency": "USD", "cik": "0001492298", "fillingDate": "2014-02-28", "acceptedDate": "2014-02-28 14:46:30", "calendarYear": "2013", "period": "FY", "revenue": 134780000, "costOfRevenue": 0, "grossProfit": 134780000, "grossProfitRatio": 1, "researchAndDevelopmentExpenses": 0, "generalAndAdministrativeExpenses": 16423000, "sellingAndMarketingExpenses": 0, "sellingGeneralAndAdministrativeExpenses": 16423000, "otherExpenses": -800000, "operatingExpenses": 49704000, "costAndExpenses": 49704000, "interestIncome": 0, "interestExpense": 40460000, "depreciationAndAmortization": 33281000, "ebitda": 117557000, "ebitdaratio": 0.8722139783, "operatingIncome": 85076000, "operatingIncomeRatio": 0.6312212494, "totalOtherIncomeExpensesNet": -10901000, "incomeBeforeTax": 33715000, "incomeBeforeTaxRatio": 0.25014839, "incomeTaxExpense": 39660000, "netIncome": 33715000, "netIncomeRatio": 0.25014839, "eps": 0.69, "epsdiluted": 0.68, "weightedAverageShsOut": 37514637, "weightedAverageShsOutDil": 38071926, "link": "https://www.sec.gov/Archives/edgar/data/1492298/000149229814000011/0001492298-14-000011-index.htm", "finalLink": "https://www.sec.gov/Archives/edgar/data/1492298/000149229814000011/sbra10k2013.htm", "calculatedOtherExpenses": 33281000, "calculatedOperatingExpenses": 49704000, "calculatedNetInterest": -40460000, "calculatedOtherIncome": -10901000, "calculatedIncomeNonControlling": -39660000, "calculatedEbitda": 118357000}, {"date": "2012-12-31", "symbol": "SBRA", "reportedCurrency": "USD", "cik": "0001492298", "fillingDate": "2013-03-14", "acceptedDate": "2013-03-13 18:04:47", "calendarYear": "2012", "period": "FY", "revenue": 103170000, "costOfRevenue": 0, "grossProfit": 103170000, "grossProfitRatio": 1, "researchAndDevelopmentExpenses": 0, "generalAndAdministrativeExpenses": 16104000, "sellingAndMarketingExpenses": 0, "sellingGeneralAndAdministrativeExpenses": 16104000, "otherExpenses": 2196000, "operatingExpenses": 46367000, "costAndExpenses": 46367000, "interestIncome": 1428000, "interestExpense": 37005000, "depreciationAndAmortization": 30263000, "ebitda": 89262000, "ebitdaratio": 0.8651933702, "operatingIncome": 56803000, "operatingIncomeRatio": 0.550576718, "totalOtherIncomeExpensesNet": -285000, "incomeBeforeTax": 19513000, "incomeBeforeTaxRatio": 0.1891344383, "incomeTaxExpense": 39201000, "netIncome": 19513000, "netIncomeRatio": 0.1891344383, "eps": 0.53, "epsdiluted": 0.52, "weightedAverageShsOut": 37061111, "weightedAverageShsOutDil": 37321517, "link": "https://www.sec.gov/Archives/edgar/data/1492298/000149229813000009/0001492298-13-000009-index.htm", "finalLink": "https://www.sec.gov/Archives/edgar/data/1492298/000149229813000009/sbra10k2012.htm", "calculatedOtherExpenses": 30263000, "calculatedOperatingExpenses": 46367000, "calculatedNetInterest": -35577000, "calculatedOtherIncome": -1713000, "calculatedIncomeNonControlling": -39201000, "calculatedEbitda": 87066000}, {"date": "2011-12-31", "symbol": "SBRA", "reportedCurrency": "USD", "cik": "0001492298", "fillingDate": "2012-03-01", "acceptedDate": "2012-03-01 17:14:36", "calendarYear": "2011", "period": "FY", "revenue": 84225000, "costOfRevenue": 0, "grossProfit": 84225000, "grossProfitRatio": 1, "researchAndDevelopmentExpenses": 0, "generalAndAdministrativeExpenses": 14473000, "sellingAndMarketingExpenses": 0, "sellingGeneralAndAdministrativeExpenses": 14473000, "otherExpenses": 26591000, "operatingExpenses": 41064000, "costAndExpenses": 41064000, "interestIncome": 3547000, "interestExpense": 30319000, "depreciationAndAmortization": 26591000, "ebitda": 69752000, "ebitdaratio": 0.8281626595, "operatingIncome": 43161000, "operatingIncomeRatio": 0.5124487979, "totalOtherIncomeExpensesNet": -30319000, "incomeBeforeTax": 12842000, "incomeBeforeTaxRatio": 0.1524725438, "incomeTaxExpense": 0, "netIncome": 12842000, "netIncomeRatio": 0.1524725438, "eps": 0.43, "epsdiluted": 0.43, "weightedAverageShsOut": 30109417, "weightedAverageShsOutDil": 30171225, "link": "https://www.sec.gov/Archives/edgar/data/1492298/000149229812000012/0001492298-12-000012-index.htm", "finalLink": "https://www.sec.gov/Archives/edgar/data/1492298/000149229812000012/sbra10k2011.htm", "calculatedOtherExpenses": 26591000, "calculatedOperatingExpenses": 41064000, "calculatedNetInterest": -26772000, "calculatedOtherIncome": -3547000, "calculatedIncomeNonControlling": 0, "calculatedEbitda": 69752000}, {"date": "2010-12-31", "symbol": "SBRA", "reportedCurrency": "USD", "cik": "0001492298", "fillingDate": "2011-03-03", "acceptedDate": "2011-03-03 17:27:54", "calendarYear": "2010", "period": "FY", "revenue": 8800000, "costOfRevenue": 0, "grossProfit": 8800000, "grossProfitRatio": 1, "researchAndDevelopmentExpenses": 0, "generalAndAdministrativeExpenses": 1600000, "sellingAndMarketingExpenses": 0, "sellingGeneralAndAdministrativeExpenses": 1600000, "otherExpenses": 6900000, "operatingExpenses": 8500000, "costAndExpenses": 8500000, "interestIncome": 14000, "interestExpense": 0, "depreciationAndAmortization": 3100000, "ebitda": 3300000, "ebitdaratio": 0.375, "operatingIncome": 200000, "operatingIncomeRatio": 0.0227272727, "totalOtherIncomeExpensesNet": 0, "incomeBeforeTax": 200000, "incomeBeforeTaxRatio": 0.0227272727, "incomeTaxExpense": 242000, "netIncome": 7378000, "netIncomeRatio": 0.8384090909, "eps": 0.29, "epsdiluted": 0.29, "weightedAverageShsOut": 25200000, "weightedAverageShsOutDil": 25200000, "link": "https://www.sec.gov/Archives/edgar/data/1492298/000119312511055171/0001193125-11-055171-index.htm", "finalLink": "https://www.sec.gov/Archives/edgar/data/1492298/000119312511055171/d10k.htm", "calculatedOtherExpenses": 7000000, "calculatedOperatingExpenses": 8600000, "calculatedNetInterest": 14000, "calculatedOtherIncome": -14000, "calculatedIncomeNonControlling": -7420000, "calculatedEbitda": 3300000}]}