{"originalCurrency": "USD", "convertedCurrency": "USD", "report": [{"date": "2023-12-31", "symbol": "SCCO", "reportedCurrency": "USD", "cik": "0001001838", "fillingDate": "2024-02-29", "acceptedDate": "2024-02-29 10:15:22", "calendarYear": "2023", "period": "FY", "revenue": 9895800000, "costOfRevenue": 5576300000, "grossProfit": 4319500000, "grossProfitRatio": 0.4364983124, "researchAndDevelopmentExpenses": 0, "generalAndAdministrativeExpenses": 0, "sellingAndMarketingExpenses": 0, "sellingGeneralAndAdministrativeExpenses": 127200000, "otherExpenses": 3600000, "operatingExpenses": 127200000, "costAndExpenses": 5703500000, "interestIncome": 86600000, "interestExpense": 376300000, "depreciationAndAmortization": 833600000, "ebitda": 5025900000, "ebitdaratio": 0.5078821318, "operatingIncome": 4192300000, "operatingIncomeRatio": 0.4236443744, "totalOtherIncomeExpensesNet": -236500000, "incomeBeforeTax": 3955800000, "incomeBeforeTaxRatio": 0.3997453465, "incomeTaxExpense": 1518900000, "netIncome": 2425200000, "netIncomeRatio": 0.2450736676, "eps": 3.14, "epsdiluted": 3.14, "weightedAverageShsOut": 773100000, "weightedAverageShsOutDil": 773100000, "link": "https://www.sec.gov/Archives/edgar/data/1001838/000155837024002119/0001558370-24-002119-index.htm", "finalLink": "https://www.sec.gov/Archives/edgar/data/1001838/000155837024002119/scco-20231231x10k.htm", "calculatedOtherExpenses": 0, "calculatedOperatingExpenses": 127200000, "calculatedNetInterest": -289700000, "calculatedOtherIncome": 53200000, "calculatedIncomeNonControlling": 11700000, "calculatedEbitda": 5025900000}, {"date": "2022-12-31", "symbol": "SCCO", "reportedCurrency": "USD", "cik": "0001001838", "fillingDate": "2023-02-28", "acceptedDate": "2023-02-28 15:39:20", "calendarYear": "2022", "period": "FY", "revenue": 10047900000, "costOfRevenue": 5445400000, "grossProfit": 4602500000, "grossProfitRatio": 0.4580559122, "researchAndDevelopmentExpenses": 0, "generalAndAdministrativeExpenses": 0, "sellingAndMarketingExpenses": 0, "sellingGeneralAndAdministrativeExpenses": 125000000, "otherExpenses": 41700000, "operatingExpenses": 166700000, "costAndExpenses": 5612100000, "interestIncome": 35000000, "interestExpense": 340100000, "depreciationAndAmortization": 964500000, "ebitda": 5400300000, "ebitdaratio": 0.5374555877, "operatingIncome": 4435800000, "operatingIncomeRatio": 0.4414653808, "totalOtherIncomeExpensesNet": -171900000, "incomeBeforeTax": 4263900000, "incomeBeforeTaxRatio": 0.4243573284, "incomeTaxExpense": 1612200000, "netIncome": 2638500000, "netIncomeRatio": 0.2625921834, "eps": 3.41, "epsdiluted": 3.41, "weightedAverageShsOut": 773100000, "weightedAverageShsOutDil": 773100000, "link": "https://www.sec.gov/Archives/edgar/data/1001838/000155837023002328/0001558370-23-002328-index.htm", "finalLink": "https://www.sec.gov/Archives/edgar/data/1001838/000155837023002328/scco-20221231x10k.htm", "calculatedOtherExpenses": 41700000, "calculatedOperatingExpenses": 166700000, "calculatedNetInterest": -305100000, "calculatedOtherIncome": 133200000, "calculatedIncomeNonControlling": 13200000, "calculatedEbitda": 5400300000}, {"date": "2021-12-31", "symbol": "SCCO", "reportedCurrency": "USD", "cik": "0001001838", "fillingDate": "2022-03-07", "acceptedDate": "2022-03-07 17:15:56", "calendarYear": "2021", "period": "FY", "revenue": 10934100000, "costOfRevenue": 4700400000, "grossProfit": 6233700000, "grossProfitRatio": 0.5701155102, "researchAndDevelopmentExpenses": 0, "generalAndAdministrativeExpenses": 0, "sellingAndMarketingExpenses": 0, "sellingGeneralAndAdministrativeExpenses": 125200000, "otherExpenses": 43400000, "operatingExpenses": 168600000, "costAndExpenses": 4869000000, "interestIncome": 7200000, "interestExpense": 357100000, "depreciationAndAmortization": 794800000, "ebitda": 6859900000, "ebitdaratio": 0.6273858845, "operatingIncome": 6065100000, "operatingIncomeRatio": 0.5546958597, "totalOtherIncomeExpensesNet": -368300000, "incomeBeforeTax": 5696800000, "incomeBeforeTaxRatio": 0.5210122461, "incomeTaxExpense": 2299200000, "netIncome": 3397100000, "netIncomeRatio": 0.3106885798, "eps": 4.39, "epsdiluted": 4.39, "weightedAverageShsOut": 773100000, "weightedAverageShsOutDil": 773100000, "link": "https://www.sec.gov/Archives/edgar/data/1001838/000155837022002968/0001558370-22-002968-index.htm", "finalLink": "https://www.sec.gov/Archives/edgar/data/1001838/000155837022002968/scco-20211231x10k.htm", "calculatedOtherExpenses": 43400000, "calculatedOperatingExpenses": 168600000, "calculatedNetInterest": -349900000, "calculatedOtherIncome": -18400000, "calculatedIncomeNonControlling": 500000, "calculatedEbitda": 6859900000}, {"date": "2020-12-31", "symbol": "SCCO", "reportedCurrency": "USD", "cik": "0001001838", "fillingDate": "2021-02-26", "acceptedDate": "2021-02-25 20:39:44", "calendarYear": "2020", "period": "FY", "revenue": 7984900000, "costOfRevenue": 4705400000, "grossProfit": 3279500000, "grossProfitRatio": 0.4107127203, "researchAndDevelopmentExpenses": 0, "generalAndAdministrativeExpenses": 0, "sellingAndMarketingExpenses": 0, "sellingGeneralAndAdministrativeExpenses": 126200000, "otherExpenses": 32600000, "operatingExpenses": 158800000, "costAndExpenses": 4864200000, "interestIncome": 19200000, "interestExpense": 366600000, "depreciationAndAmortization": 767300000, "ebitda": 3888000000, "ebitdaratio": 0.4869190597, "operatingIncome": 3120700000, "operatingIncomeRatio": 0.3908251825, "totalOtherIncomeExpensesNet": -374900000, "incomeBeforeTax": 2745800000, "incomeBeforeTaxRatio": 0.3438740623, "incomeTaxExpense": 1174400000, "netIncome": 1570400000, "netIncomeRatio": 0.1966712169, "eps": 2.03, "epsdiluted": 2.03, "weightedAverageShsOut": 773100000, "weightedAverageShsOutDil": 773100000, "link": "https://www.sec.gov/Archives/edgar/data/1001838/000155837021001894/0001558370-21-001894-index.htm", "finalLink": "https://www.sec.gov/Archives/edgar/data/1001838/000155837021001894/scco-20201231x10k.htm", "calculatedOtherExpenses": 32600000, "calculatedOperatingExpenses": 158800000, "calculatedNetInterest": -347400000, "calculatedOtherIncome": -27500000, "calculatedIncomeNonControlling": 1000000, "calculatedEbitda": 3888000000}, {"date": "2019-12-31", "symbol": "SCCO", "reportedCurrency": "USD", "cik": "0001001838", "fillingDate": "2020-02-28", "acceptedDate": "2020-02-28 16:24:56", "calendarYear": "2019", "period": "FY", "revenue": 7285600000, "costOfRevenue": 4370800000, "grossProfit": 2914800000, "grossProfitRatio": 0.400076864, "researchAndDevelopmentExpenses": 0, "generalAndAdministrativeExpenses": 0, "sellingAndMarketingExpenses": 0, "sellingGeneralAndAdministrativeExpenses": 131800000, "otherExpenses": 30000000, "operatingExpenses": 161800000, "costAndExpenses": 4532600000, "interestIncome": 21200000, "interestExpense": 340700000, "depreciationAndAmortization": 778600000, "ebitda": 3531600000, "ebitdaratio": 0.4847370155, "operatingIncome": 2753000000, "operatingIncomeRatio": 0.3778686724, "totalOtherIncomeExpensesNet": -326500000, "incomeBeforeTax": 2426500000, "incomeBeforeTaxRatio": 0.333054244, "incomeTaxExpense": 945300000, "netIncome": 1485800000, "netIncomeRatio": 0.2039365323, "eps": 1.92, "epsdiluted": 1.92, "weightedAverageShsOut": 773100000, "weightedAverageShsOutDil": 773100000, "link": "https://www.sec.gov/Archives/edgar/data/1001838/000155837020001781/0001558370-20-001781-index.htm", "finalLink": "https://www.sec.gov/Archives/edgar/data/1001838/000155837020001781/scco-20191231x10k32f1e0.htm", "calculatedOtherExpenses": 30000000, "calculatedOperatingExpenses": 161800000, "calculatedNetInterest": -319500000, "calculatedOtherIncome": -7000000, "calculatedIncomeNonControlling": -4600000, "calculatedEbitda": 3531600000}, {"date": "2018-12-31", "symbol": "SCCO", "reportedCurrency": "USD", "cik": "0001001838", "fillingDate": "2019-03-01", "acceptedDate": "2019-03-01 16:48:11", "calendarYear": "2018", "period": "FY", "revenue": 7096700000, "costOfRevenue": 4083300000, "grossProfit": 3013400000, "grossProfitRatio": 0.4246198938, "researchAndDevelopmentExpenses": 0, "generalAndAdministrativeExpenses": 0, "sellingAndMarketingExpenses": 0, "sellingGeneralAndAdministrativeExpenses": 102600000, "otherExpenses": -30700000, "operatingExpenses": 132200000, "costAndExpenses": 4215500000, "interestIncome": 16000000, "interestExpense": 277100000, "depreciationAndAmortization": 674300000, "ebitda": 3540800000, "ebitdaratio": 0.4989361252, "operatingIncome": 2881200000, "operatingIncomeRatio": 0.4059915172, "totalOtherIncomeExpensesNet": -30700000, "incomeBeforeTax": 2589400000, "incomeBeforeTaxRatio": 0.3648738146, "incomeTaxExpense": 1053500000, "netIncome": 1543000000, "netIncomeRatio": 0.2174250004, "eps": 2, "epsdiluted": 2, "weightedAverageShsOut": 773000000, "weightedAverageShsOutDil": 773000000, "link": "https://www.sec.gov/Archives/edgar/data/1001838/000104746919000845/0001047469-19-000845-index.htm", "finalLink": "https://www.sec.gov/Archives/edgar/data/1001838/000104746919000845/a2237832z10-k.htm", "calculatedOtherExpenses": 29600000, "calculatedOperatingExpenses": 132200000, "calculatedNetInterest": -261100000, "calculatedOtherIncome": -30700000, "calculatedIncomeNonControlling": -7100000, "calculatedEbitda": 3555500000}, {"date": "2017-12-31", "symbol": "SCCO", "reportedCurrency": "USD", "cik": "0001001838", "fillingDate": "2018-03-01", "acceptedDate": "2018-03-01 16:36:47", "calendarYear": "2017", "period": "FY", "revenue": 6654500000, "costOfRevenue": 3923900000, "grossProfit": 2730600000, "grossProfitRatio": 0.4103388684, "researchAndDevelopmentExpenses": 0, "generalAndAdministrativeExpenses": 0, "sellingAndMarketingExpenses": 0, "sellingGeneralAndAdministrativeExpenses": 93100000, "otherExpenses": -15600000, "operatingExpenses": 111700000, "costAndExpenses": 4035600000, "interestIncome": 5500000, "interestExpense": 306000000, "depreciationAndAmortization": 671100000, "ebitda": 3279900000, "ebitdaratio": 0.4928845142, "operatingIncome": 2618900000, "operatingIncomeRatio": 0.3935532347, "totalOtherIncomeExpensesNet": -15600000, "incomeBeforeTax": 2302800000, "incomeBeforeTaxRatio": 0.3460515441, "incomeTaxExpense": 1593500000, "netIncome": 728500000, "netIncomeRatio": 0.1094747915, "eps": 0.94, "epsdiluted": 0.94, "weightedAverageShsOut": 773000000, "weightedAverageShsOutDil": 773000000, "link": "https://www.sec.gov/Archives/edgar/data/1001838/000104746918001211/0001047469-18-001211-index.htm", "finalLink": "https://www.sec.gov/Archives/edgar/data/1001838/000104746918001211/a2234122z10-k.htm", "calculatedOtherExpenses": 18600000, "calculatedOperatingExpenses": 111700000, "calculatedNetInterest": -300500000, "calculatedOtherIncome": -15600000, "calculatedIncomeNonControlling": -19200000, "calculatedEbitda": 3290000000}, {"date": "2016-12-31", "symbol": "SCCO", "reportedCurrency": "USD", "cik": "0001001838", "fillingDate": "2017-03-01", "acceptedDate": "2017-03-01 17:22:54", "calendarYear": "2016", "period": "FY", "revenue": 5379800000, "costOfRevenue": 3681200000, "grossProfit": 1698600000, "grossProfitRatio": 0.3157366445, "researchAndDevelopmentExpenses": 0, "generalAndAdministrativeExpenses": 0, "sellingAndMarketingExpenses": 0, "sellingGeneralAndAdministrativeExpenses": 94300000, "otherExpenses": -24600000, "operatingExpenses": 134400000, "costAndExpenses": 3815600000, "interestIncome": 7100000, "interestExpense": 290700000, "depreciationAndAmortization": 647100000, "ebitda": 2193800000, "ebitdaratio": 0.407784676, "operatingIncome": 1564200000, "operatingIncomeRatio": 0.2907543031, "totalOtherIncomeExpensesNet": -24600000, "incomeBeforeTax": 1256000000, "incomeBeforeTaxRatio": 0.2334659281, "incomeTaxExpense": 501100000, "netIncome": 776500000, "netIncomeRatio": 0.1443362207, "eps": 1, "epsdiluted": 1, "weightedAverageShsOut": 773600000, "weightedAverageShsOutDil": 773600000, "link": "https://www.sec.gov/Archives/edgar/data/1001838/000104746917001143/0001047469-17-001143-index.htm", "finalLink": "https://www.sec.gov/Archives/edgar/data/1001838/000104746917001143/a2231031z10-k.htm", "calculatedOtherExpenses": 40100000, "calculatedOperatingExpenses": 134400000, "calculatedNetInterest": -283600000, "calculatedOtherIncome": -24600000, "calculatedIncomeNonControlling": -21600000, "calculatedEbitda": 2211300000}, {"date": "2015-12-31", "symbol": "SCCO", "reportedCurrency": "USD", "cik": "0001001838", "fillingDate": "2016-02-26", "acceptedDate": "2016-02-26 17:03:11", "calendarYear": "2015", "period": "FY", "revenue": 5045900000, "costOfRevenue": 3438300000, "grossProfit": 1607600000, "grossProfitRatio": 0.3185952952, "researchAndDevelopmentExpenses": 0, "generalAndAdministrativeExpenses": 0, "sellingAndMarketingExpenses": 0, "sellingGeneralAndAdministrativeExpenses": 99400000, "otherExpenses": -25300000, "operatingExpenses": 193200000, "costAndExpenses": 3631500000, "interestIncome": 10900000, "interestExpense": 210800000, "depreciationAndAmortization": 510700000, "ebitda": 1910700000, "ebitdaratio": 0.3786638657, "operatingIncome": 1414400000, "operatingIncomeRatio": 0.2803067837, "totalOtherIncomeExpensesNet": -25300000, "incomeBeforeTax": 1189200000, "incomeBeforeTaxRatio": 0.2356764898, "incomeTaxExpense": 464900000, "netIncome": 736400000, "netIncomeRatio": 0.1459402683, "eps": 0.93, "epsdiluted": 0.93, "weightedAverageShsOut": 794700000, "weightedAverageShsOutDil": 794700000, "link": "https://www.sec.gov/Archives/edgar/data/1001838/000110465916100568/0001104659-16-100568-index.htm", "finalLink": "https://www.sec.gov/Archives/edgar/data/1001838/000110465916100568/a15-23381_110k.htm", "calculatedOtherExpenses": 93800000, "calculatedOperatingExpenses": 193200000, "calculatedNetInterest": -199900000, "calculatedOtherIncome": -25300000, "calculatedIncomeNonControlling": -12100000, "calculatedEbitda": 1925100000}, {"date": "2014-12-31", "symbol": "SCCO", "reportedCurrency": "USD", "cik": "0001001838", "fillingDate": "2015-03-02", "acceptedDate": "2015-02-27 21:17:40", "calendarYear": "2014", "period": "FY", "revenue": 5787700000, "costOfRevenue": 3285500000, "grossProfit": 2502200000, "grossProfitRatio": 0.4323306322, "researchAndDevelopmentExpenses": 0, "generalAndAdministrativeExpenses": 0, "sellingAndMarketingExpenses": 0, "sellingGeneralAndAdministrativeExpenses": 103500000, "otherExpenses": -40800000, "operatingExpenses": 269500000, "costAndExpenses": 3555000000, "interestIncome": 15300000, "interestExpense": 138600000, "depreciationAndAmortization": 445000000, "ebitda": 2652200000, "ebitdaratio": 0.4582476631, "operatingIncome": 2232700000, "operatingIncomeRatio": 0.3857663666, "totalOtherIncomeExpensesNet": -40800000, "incomeBeforeTax": 2068600000, "incomeBeforeTaxRatio": 0.3574131348, "incomeTaxExpense": 754600000, "netIncome": 1333000000, "netIncomeRatio": 0.230316015, "eps": 1.61, "epsdiluted": 1.61, "weightedAverageShsOut": 828200000, "weightedAverageShsOutDil": 828200000, "link": "https://www.sec.gov/Archives/edgar/data/1001838/000110465915015406/0001104659-15-015406-index.htm", "finalLink": "https://www.sec.gov/Archives/edgar/data/1001838/000110465915015406/a14-26204_110k.htm", "calculatedOtherExpenses": 166000000, "calculatedOperatingExpenses": 269500000, "calculatedNetInterest": -123300000, "calculatedOtherIncome": -40800000, "calculatedIncomeNonControlling": -19000000, "calculatedEbitda": 2677700000}, {"date": "2013-12-31", "symbol": "SCCO", "reportedCurrency": "USD", "cik": "0001001838", "fillingDate": "2014-02-27", "acceptedDate": "2014-02-27 14:52:02", "calendarYear": "2013", "period": "FY", "revenue": 5952900000, "costOfRevenue": 3267200000, "grossProfit": 2685700000, "grossProfitRatio": 0.451158259, "researchAndDevelopmentExpenses": 0, "generalAndAdministrativeExpenses": 102600000, "sellingAndMarketingExpenses": -21000, "sellingGeneralAndAdministrativeExpenses": 102600000, "otherExpenses": 17100000, "operatingExpenses": 153600000, "costAndExpenses": 3420800000, "interestIncome": 20000000, "interestExpense": 196600000, "depreciationAndAmortization": 395900000, "ebitda": 2965100000, "ebitdaratio": 0.4980933663, "operatingIncome": 2532100000, "operatingIncomeRatio": 0.425355709, "totalOtherIncomeExpensesNet": 17100000, "incomeBeforeTax": 2372600000, "incomeBeforeTaxRatio": 0.3985620454, "incomeTaxExpense": 769300000, "netIncome": 1618500000, "netIncomeRatio": 0.2718842917, "eps": 1.92, "epsdiluted": 1.92, "weightedAverageShsOut": 842700000, "weightedAverageShsOutDil": 842700000, "link": "https://www.sec.gov/Archives/edgar/data/1001838/000110465914014124/0001104659-14-014124-index.htm", "finalLink": "https://www.sec.gov/Archives/edgar/data/1001838/000110465914014124/a13-26010_110k.htm", "calculatedOtherExpenses": 51000000, "calculatedOperatingExpenses": 153600000, "calculatedNetInterest": -176600000, "calculatedOtherIncome": 17100000, "calculatedIncomeNonControlling": -15200000, "calculatedEbitda": 2928000000}, {"date": "2012-12-31", "symbol": "SCCO", "reportedCurrency": "USD", "cik": "0001001838", "fillingDate": "2013-02-28", "acceptedDate": "2013-02-28 12:30:39", "calendarYear": "2012", "period": "FY", "revenue": 6669300000, "costOfRevenue": 3095000000, "grossProfit": 3574300000, "grossProfitRatio": 0.5359333063, "researchAndDevelopmentExpenses": 0, "generalAndAdministrativeExpenses": 0, "sellingAndMarketingExpenses": 0, "sellingGeneralAndAdministrativeExpenses": 101300000, "otherExpenses": 21800000, "operatingExpenses": 149200000, "costAndExpenses": 3244200000, "interestIncome": 15200000, "interestExpense": 172400000, "depreciationAndAmortization": 325700000, "ebitda": 3787800000, "ebitdaratio": 0.5679456615, "operatingIncome": 3425100000, "operatingIncomeRatio": 0.513562143, "totalOtherIncomeExpensesNet": -294400000, "incomeBeforeTax": 2973500000, "incomeBeforeTaxRatio": 0.4458488897, "incomeTaxExpense": 1080900000, "netIncome": 1934600000, "netIncomeRatio": 0.2900754202, "eps": 2.28, "epsdiluted": 2.28, "weightedAverageShsOut": 848346000, "weightedAverageShsOutDil": 848346000, "link": "https://www.sec.gov/Archives/edgar/data/1001838/000110465913015720/0001104659-13-015720-index.htm", "finalLink": "https://www.sec.gov/Archives/edgar/data/1001838/000110465913015720/a12-29460_110k.htm", "calculatedOtherExpenses": 47900000, "calculatedOperatingExpenses": 149200000, "calculatedNetInterest": -157200000, "calculatedOtherIncome": -294400000, "calculatedIncomeNonControlling": -42000000, "calculatedEbitda": 3750800000}, {"date": "2011-12-31", "symbol": "SCCO", "reportedCurrency": "USD", "cik": "0001001838", "fillingDate": "2012-02-27", "acceptedDate": "2012-02-27 14:32:19", "calendarYear": "2011", "period": "FY", "revenue": 6818700000, "costOfRevenue": 2800700000, "grossProfit": 4018000000, "grossProfitRatio": 0.5892618828, "researchAndDevelopmentExpenses": 0, "generalAndAdministrativeExpenses": 0, "sellingAndMarketingExpenses": 0, "sellingGeneralAndAdministrativeExpenses": 104500000, "otherExpenses": 325673000, "operatingExpenses": 392600000, "costAndExpenses": 3193300000, "interestIncome": 13800000, "interestExpense": 186600000, "depreciationAndAmortization": 288100000, "ebitda": 3927300000, "ebitdaratio": 0.575960227, "operatingIncome": 3625400000, "operatingIncomeRatio": 0.5316849253, "totalOtherIncomeExpensesNet": -4000000, "incomeBeforeTax": 3448600000, "incomeBeforeTaxRatio": 0.5057562292, "incomeTaxExpense": 1104300000, "netIncome": 2336400000, "netIncomeRatio": 0.3426459589, "eps": 2.73, "epsdiluted": 2.73, "weightedAverageShsOut": 854649000, "weightedAverageShsOutDil": 854649000, "link": "https://www.sec.gov/Archives/edgar/data/1001838/000110465912013068/0001104659-12-013068-index.htm", "finalLink": "https://www.sec.gov/Archives/edgar/data/1001838/000110465912013068/a12-1160_110k.htm", "calculatedOtherExpenses": 288100000, "calculatedOperatingExpenses": 392600000, "calculatedNetInterest": -172800000, "calculatedOtherIncome": -4000000, "calculatedIncomeNonControlling": 7900000, "calculatedEbitda": 3913500000}, {"date": "2010-12-31", "symbol": "SCCO", "reportedCurrency": "USD", "cik": "0001001838", "fillingDate": "2011-03-01", "acceptedDate": "2011-02-28 18:04:59", "calendarYear": "2010", "period": "FY", "revenue": 5149500000, "costOfRevenue": 2133700000, "grossProfit": 3015800000, "grossProfitRatio": 0.5856490921, "researchAndDevelopmentExpenses": 0, "generalAndAdministrativeExpenses": 0, "sellingAndMarketingExpenses": 0, "sellingGeneralAndAdministrativeExpenses": 88300000, "otherExpenses": 357553000, "operatingExpenses": 411600000, "costAndExpenses": 2545300000, "interestIncome": 7800000, "interestExpense": 160500000, "depreciationAndAmortization": 323200000, "ebitda": 2935300000, "ebitdaratio": 0.5700165065, "operatingIncome": 2604200000, "operatingIncomeRatio": 0.5057190018, "totalOtherIncomeExpensesNet": -20700000, "incomeBeforeTax": 2430800000, "incomeBeforeTaxRatio": 0.4720458297, "incomeTaxExpense": 868100000, "netIncome": 1554000000, "netIncomeRatio": 0.3017768715, "eps": 1.81, "epsdiluted": 1.81, "weightedAverageShsOut": 859095000, "weightedAverageShsOutDil": 859095000, "link": "https://www.sec.gov/Archives/edgar/data/1001838/000110465911011083/0001104659-11-011083-index.htm", "finalLink": "https://www.sec.gov/Archives/edgar/data/1001838/000110465911011083/a11-2140_110k.htm", "calculatedOtherExpenses": 323300000, "calculatedOperatingExpenses": 411600000, "calculatedNetInterest": -152700000, "calculatedOtherIncome": -20700000, "calculatedIncomeNonControlling": 8700000, "calculatedEbitda": 2927400000}, {"date": "2009-12-31", "symbol": "SCCO", "reportedCurrency": "USD", "cik": "0001001838", "fillingDate": "2010-02-26", "acceptedDate": "2010-02-26 17:10:39", "calendarYear": "2009", "period": "FY", "revenue": 3734280000, "costOfRevenue": 1848251000, "grossProfit": 1886029000, "grossProfitRatio": 0.5050582709, "researchAndDevelopmentExpenses": 0, "generalAndAdministrativeExpenses": 0, "sellingAndMarketingExpenses": 0, "sellingGeneralAndAdministrativeExpenses": 78291000, "otherExpenses": 322590000, "operatingExpenses": 400881000, "costAndExpenses": 2249132000, "interestIncome": 6610000, "interestExpense": 99793000, "depreciationAndAmortization": 322590000, "ebitda": 1816504000, "ebitdaratio": 0.4864402241, "operatingIncome": 1485148000, "operatingIncomeRatio": 0.397706653, "totalOtherIncomeExpensesNet": 10313000, "incomeBeforeTax": 1404434000, "incomeBeforeTaxRatio": 0.3760923123, "incomeTaxExpense": 469861000, "netIncome": 929381000, "netIncomeRatio": 0.2488782309, "eps": 1.08, "epsdiluted": 1.08, "weightedAverageShsOut": 859786318, "weightedAverageShsOutDil": 859786318, "link": "https://www.sec.gov/Archives/edgar/data/1001838/000110465910010334/0001104659-10-010334-index.htm", "finalLink": "https://www.sec.gov/Archives/edgar/data/1001838/000110465910010334/a09-35902_110k.htm", "calculatedOtherExpenses": 322590000, "calculatedOperatingExpenses": 400881000, "calculatedNetInterest": -93183000, "calculatedOtherIncome": 12469000, "calculatedIncomeNonControlling": 5192000, "calculatedEbitda": 1807738000}, {"date": "2008-12-31", "symbol": "SCCO", "reportedCurrency": "USD", "cik": "0001001838", "fillingDate": "2009-03-02", "acceptedDate": "2009-03-02 06:08:28", "calendarYear": "2008", "period": "FY", "revenue": 4850820000, "costOfRevenue": 2219196000, "grossProfit": 2631624000, "grossProfitRatio": 0.5425111631, "researchAndDevelopmentExpenses": 0, "generalAndAdministrativeExpenses": 0, "sellingAndMarketingExpenses": 0, "sellingGeneralAndAdministrativeExpenses": 102432000, "otherExpenses": 327302000, "operatingExpenses": 429734000, "costAndExpenses": 2648930000, "interestIncome": 0, "interestExpense": 115974000, "depreciationAndAmortization": 327302000, "ebitda": 2586548000, "ebitdaratio": 0.5332187135, "operatingIncome": 2201890000, "operatingIncomeRatio": 0.4539211927, "totalOtherIncomeExpensesNet": -57356000, "incomeBeforeTax": 2093782000, "incomeBeforeTaxRatio": 0.4316346515, "incomeTaxExpense": 679323000, "netIncome": 1406593000, "netIncomeRatio": 0.2899701494, "eps": 1.58, "epsdiluted": 1.58, "weightedAverageShsOut": 888115229, "weightedAverageShsOutDil": 888115229, "link": "https://www.sec.gov/Archives/edgar/data/1001838/000110465909013233/0001104659-09-013233-index.htm", "finalLink": "https://www.sec.gov/Archives/edgar/data/1001838/000110465909013233/a09-1444_110k.htm", "calculatedOtherExpenses": 327302000, "calculatedOperatingExpenses": 429734000, "calculatedNetInterest": -115974000, "calculatedOtherIncome": 7866000, "calculatedIncomeNonControlling": 7866000, "calculatedEbitda": 2529192000}, {"date": "2007-12-31", "symbol": "SCCO", "reportedCurrency": "USD", "cik": "0001001838", "fillingDate": "2008-02-29", "acceptedDate": "2008-02-29 13:35:19", "calendarYear": "2007", "period": "FY", "revenue": 6085672000, "costOfRevenue": 2162375000, "grossProfit": 3923297000, "grossProfitRatio": 0.6446776954, "researchAndDevelopmentExpenses": 0, "generalAndAdministrativeExpenses": 0, "sellingAndMarketingExpenses": 0, "sellingGeneralAndAdministrativeExpenses": 98047000, "otherExpenses": 311326000, "operatingExpenses": 409373000, "costAndExpenses": 2571748000, "interestIncome": 0, "interestExpense": 95721000, "depreciationAndAmortization": 327898000, "ebitda": 3917918000, "ebitdaratio": 0.643793816, "operatingIncome": 3497352000, "operatingIncomeRatio": 0.5746862466, "totalOtherIncomeExpensesNet": -76096000, "incomeBeforeTax": 3411860000, "incomeBeforeTaxRatio": 0.5606381678, "incomeTaxExpense": 1185261000, "netIncome": 2216370000, "netIncomeRatio": 0.3641947841, "eps": 2.48, "epsdiluted": 2.48, "weightedAverageShsOut": 892844294, "weightedAverageShsOutDil": 892844294, "link": "https://www.sec.gov/Archives/edgar/data/1001838/000110465908014154/0001104659-08-014154-index.htm", "finalLink": "https://www.sec.gov/Archives/edgar/data/1001838/000110465908014154/a08-2675_110k.htm", "calculatedOtherExpenses": 327898000, "calculatedOperatingExpenses": 425945000, "calculatedNetInterest": -95721000, "calculatedOtherIncome": 10229000, "calculatedIncomeNonControlling": 10229000, "calculatedEbitda": 3825250000}, {"date": "2006-12-31", "symbol": "SCCO", "reportedCurrency": "USD", "cik": "0001001838", "fillingDate": "2007-03-01", "acceptedDate": "2007-03-01 15:16:47", "calendarYear": "2006", "period": "FY", "revenue": 5460221000, "costOfRevenue": 2042544000, "grossProfit": 3417677000, "grossProfitRatio": 0.6259228335, "researchAndDevelopmentExpenses": 0, "generalAndAdministrativeExpenses": 0, "sellingAndMarketingExpenses": 0, "sellingGeneralAndAdministrativeExpenses": 88274000, "otherExpenses": 273925000, "operatingExpenses": 362199000, "costAndExpenses": 2404743000, "interestIncome": 50217000, "interestExpense": 85471000, "depreciationAndAmortization": 275062000, "ebitda": 3344735000, "ebitdaratio": 0.6125640336, "operatingIncome": 3054341000, "operatingIncomeRatio": 0.559380472, "totalOtherIncomeExpensesNet": -14195000, "incomeBeforeTax": 3006029000, "incomeBeforeTaxRatio": 0.5505324784, "incomeTaxExpense": 959087000, "netIncome": 2037640000, "netIncomeRatio": 0.3731790343, "eps": 2.28, "epsdiluted": 2.28, "weightedAverageShsOut": 892835198, "weightedAverageShsOutDil": 892835198, "link": "https://www.sec.gov/Archives/edgar/data/1001838/000110465907015479/0001104659-07-015479-index.htm", "finalLink": "https://www.sec.gov/Archives/edgar/data/1001838/000110465907015479/a07-5714_110k.htm", "calculatedOtherExpenses": 275062000, "calculatedOperatingExpenses": 363336000, "calculatedNetInterest": -35254000, "calculatedOtherIncome": -13058000, "calculatedIncomeNonControlling": 9302000, "calculatedEbitda": 3329403000}, {"date": "2005-12-31", "symbol": "SCCO", "reportedCurrency": "USD", "cik": "0001001838", "fillingDate": "2006-03-13", "acceptedDate": "2006-03-13 17:09:30", "calendarYear": "2005", "period": "FY", "revenue": 4112629000, "costOfRevenue": 1659749000, "grossProfit": 2452880000, "grossProfitRatio": 0.5964262762, "researchAndDevelopmentExpenses": 0, "generalAndAdministrativeExpenses": 0, "sellingAndMarketingExpenses": 0, "sellingGeneralAndAdministrativeExpenses": 81132000, "otherExpenses": 277248000, "operatingExpenses": 358380000, "costAndExpenses": 2018129000, "interestIncome": 30765000, "interestExpense": 86365000, "depreciationAndAmortization": 292313000, "ebitda": 2423346000, "ebitdaratio": 0.5892449817, "operatingIncome": 2094500000, "operatingIncomeRatio": 0.5092849367, "totalOtherIncomeExpensesNet": -36533000, "incomeBeforeTax": 2002367000, "incomeBeforeTaxRatio": 0.4868824783, "incomeTaxExpense": 589744000, "netIncome": 1400148000, "netIncomeRatio": 0.3404508406, "eps": 1.57, "epsdiluted": 1.57, "weightedAverageShsOut": 892820037, "weightedAverageShsOutDil": 892820037, "link": "https://www.sec.gov/Archives/edgar/data/1001838/000110465906016193/0001104659-06-016193-index.htm", "finalLink": "https://www.sec.gov/Archives/edgar/data/1001838/000110465906016193/a06-2301_110k.htm", "calculatedOtherExpenses": 277248000, "calculatedOperatingExpenses": 358380000, "calculatedNetInterest": -55600000, "calculatedOtherIncome": -36533000, "calculatedIncomeNonControlling": 12475000, "calculatedEbitda": 2386813000}, {"date": "2004-12-31", "symbol": "SCCO", "reportedCurrency": "USD", "cik": "0001001838", "fillingDate": "2005-03-16", "acceptedDate": "2005-03-16 16:37:48", "calendarYear": "2004", "period": "FY", "revenue": 1715919000, "costOfRevenue": 681185000, "grossProfit": 1034734000, "grossProfitRatio": 0.6030203057, "researchAndDevelopmentExpenses": 0, "generalAndAdministrativeExpenses": 0, "sellingAndMarketingExpenses": 0, "sellingGeneralAndAdministrativeExpenses": 29882000, "otherExpenses": 77753000, "operatingExpenses": 107635000, "costAndExpenses": 788820000, "interestIncome": 0, "interestExpense": 15089000, "depreciationAndAmortization": 77753000, "ebitda": 1010760000, "ebitdaratio": 0.5890487838, "operatingIncome": 927099000, "operatingIncomeRatio": 0.5402929859, "totalOtherIncomeExpensesNet": -5908000, "incomeBeforeTax": 916737000, "incomeBeforeTaxRatio": 0.5342542393, "incomeTaxExpense": 315237000, "netIncome": 596773000, "netIncomeRatio": 0.34778623, "eps": 1.1, "epsdiluted": 1.1, "weightedAverageShsOut": 892795780, "weightedAverageShsOutDil": 892795780, "link": "https://www.sec.gov/Archives/edgar/data/1001838/000110465905011512/0001104659-05-011512-index.htm", "finalLink": "https://www.sec.gov/Archives/edgar/data/1001838/000110465905011512/a05-5161_110k.htm", "calculatedOtherExpenses": 77753000, "calculatedOperatingExpenses": 107635000, "calculatedNetInterest": -15089000, "calculatedOtherIncome": 4727000, "calculatedIncomeNonControlling": 4727000, "calculatedEbitda": 1004852000}, {"date": "2003-12-31", "symbol": "SCCO", "reportedCurrency": "USD", "cik": "0001001838", "fillingDate": "2004-03-12", "acceptedDate": "2004-03-12 12:56:11", "calendarYear": "2003", "period": "FY", "revenue": 798406000, "costOfRevenue": 480746000, "grossProfit": 317660000, "grossProfitRatio": 0.3978677515, "researchAndDevelopmentExpenses": 0, "generalAndAdministrativeExpenses": 0, "sellingAndMarketingExpenses": 0, "sellingGeneralAndAdministrativeExpenses": 27247000, "otherExpenses": 73579000, "operatingExpenses": 100826000, "costAndExpenses": 581572000, "interestIncome": 3363000, "interestExpense": 13165000, "depreciationAndAmortization": 73579000, "ebitda": 290546000, "ebitdaratio": 0.3639075859, "operatingIncome": 216834000, "operatingIncomeRatio": 0.2715836304, "totalOtherIncomeExpensesNet": -133000, "incomeBeforeTax": 205741000, "incomeBeforeTaxRatio": 0.2576896967, "incomeTaxExpense": 84969000, "netIncome": 122313000, "netIncomeRatio": 0.153196494, "eps": 0.0923, "epsdiluted": 0.0923, "weightedAverageShsOut": 485214834, "weightedAverageShsOutDil": 485257284, "link": "https://www.sec.gov/Archives/edgar/data/1001838/000110465904007184/0001104659-04-007184-index.htm", "finalLink": "https://www.sec.gov/Archives/edgar/data/1001838/000110465904007184/a04-3343_110k.htm", "calculatedOtherExpenses": 73579000, "calculatedOperatingExpenses": 100826000, "calculatedNetInterest": -9802000, "calculatedOtherIncome": -1291000, "calculatedIncomeNonControlling": -1541000, "calculatedEbitda": 290413000}, {"date": "2002-12-31", "symbol": "SCCO", "reportedCurrency": "USD", "cik": "0001001838", "fillingDate": "2003-03-31", "acceptedDate": "2003-03-31 15:03:56", "calendarYear": "2002", "period": "FY", "revenue": 664650000, "costOfRevenue": 450243000, "grossProfit": 214407000, "grossProfitRatio": 0.3225863236, "researchAndDevelopmentExpenses": 0, "generalAndAdministrativeExpenses": 0, "sellingAndMarketingExpenses": 0, "sellingGeneralAndAdministrativeExpenses": 27583000, "otherExpenses": 67840000, "operatingExpenses": 95423000, "costAndExpenses": 545666000, "interestIncome": 0, "interestExpense": 18430000, "depreciationAndAmortization": 67840000, "ebitda": 185251000, "ebitdaratio": 0.2787196269, "operatingIncome": 118984000, "operatingIncomeRatio": 0.179017528, "totalOtherIncomeExpensesNet": 1573000, "incomeBeforeTax": 109947000, "incomeBeforeTaxRatio": 0.1654208982, "incomeTaxExpense": 39999000, "netIncome": 60555000, "netIncomeRatio": 0.091108102, "eps": 0.16, "epsdiluted": 0.0678, "weightedAverageShsOut": 892729074, "weightedAverageShsOutDil": 892753331, "link": "https://www.sec.gov/Archives/edgar/data/1001838/000110465903005490/0001104659-03-005490-index.htm", "finalLink": "https://www.sec.gov/Archives/edgar/data/1001838/000110465903005490/j8995_10k.htm", "calculatedOtherExpenses": 67840000, "calculatedOperatingExpenses": 95423000, "calculatedNetInterest": -18430000, "calculatedOtherIncome": 9393000, "calculatedIncomeNonControlling": 9393000, "calculatedEbitda": 186824000}, {"date": "2001-12-31", "symbol": "SCCO", "reportedCurrency": "USD", "cik": "0001001838", "fillingDate": "2002-03-27", "acceptedDate": "2002-03-27 00:00:00", "calendarYear": "2001", "period": "FY", "revenue": 657521000, "costOfRevenue": 461109000, "grossProfit": 196412000, "grossProfitRatio": 0.2987159345, "researchAndDevelopmentExpenses": 0, "generalAndAdministrativeExpenses": 0, "sellingAndMarketingExpenses": 0, "sellingGeneralAndAdministrativeExpenses": 30904000, "otherExpenses": 76285000, "operatingExpenses": 107189000, "costAndExpenses": 568298000, "interestIncome": 0, "interestExpense": 15757000, "depreciationAndAmortization": 76285000, "ebitda": 160735000, "ebitdaratio": 0.2444560706, "operatingIncome": 89223000, "operatingIncomeRatio": 0.1356960462, "totalOtherIncomeExpensesNet": 4773000, "incomeBeforeTax": 70852000, "incomeBeforeTaxRatio": 0.1077562542, "incomeTaxExpense": 22142000, "netIncome": 46551000, "netIncomeRatio": 0.0707977388, "eps": -0.12, "epsdiluted": -0.12, "weightedAverageShsOut": 892710882, "weightedAverageShsOutDil": 892723010, "link": "https://www.sec.gov/Archives/edgar/data/1001838/000091205702011721/0000912057-02-011721-index.htm", "finalLink": "https://www.sec.gov/Archives/edgar/data/1001838/000091205702011721/a2074583z10-k.txt", "calculatedOtherExpenses": 76285000, "calculatedOperatingExpenses": 107189000, "calculatedNetInterest": -15757000, "calculatedOtherIncome": -2614000, "calculatedIncomeNonControlling": 2159000, "calculatedEbitda": 165508000}, {"date": "2000-12-31", "symbol": "SCCO", "reportedCurrency": "USD", "cik": "0001001838", "fillingDate": "2001-04-02", "acceptedDate": "2001-04-02 00:00:00", "calendarYear": "2000", "period": "FY", "revenue": 711057000, "costOfRevenue": 449176000, "grossProfit": 261881000, "grossProfitRatio": 0.3682981814, "researchAndDevelopmentExpenses": 0, "generalAndAdministrativeExpenses": 0, "sellingAndMarketingExpenses": 0, "sellingGeneralAndAdministrativeExpenses": 34853000, "otherExpenses": 77447000, "operatingExpenses": 112300000, "costAndExpenses": 561476000, "interestIncome": 3525000, "interestExpense": 15878000, "depreciationAndAmortization": 77447000, "ebitda": 224722000, "ebitdaratio": 0.3160393611, "operatingIncome": 149581000, "operatingIncomeRatio": 0.2103642887, "totalOtherIncomeExpensesNet": 2306000, "incomeBeforeTax": 137565000, "incomeBeforeTaxRatio": 0.1934655028, "incomeTaxExpense": 44648000, "netIncome": 92917000, "netIncomeRatio": 0.1306744748, "eps": 0.19, "epsdiluted": 0.19, "weightedAverageShsOut": 485142064, "weightedAverageShsOutDil": 485154192, "link": "https://www.sec.gov/Archives/edgar/data/1001838/000100547701002441/0001005477-01-002441-index.htm", "finalLink": "https://www.sec.gov/Archives/edgar/data/1001838/000100547701002441/0001005477-01-002441-0001.txt", "calculatedOtherExpenses": 77447000, "calculatedOperatingExpenses": 112300000, "calculatedNetInterest": -12353000, "calculatedOtherIncome": 337000, "calculatedIncomeNonControlling": 0, "calculatedEbitda": 227028000}, {"date": "1999-12-31", "symbol": "SCCO", "reportedCurrency": "USD", "cik": "0001001838", "fillingDate": "2000-03-15", "acceptedDate": "2000-03-15 00:00:00", "calendarYear": "1999", "period": "FY", "revenue": 584500000, "costOfRevenue": 417300000, "grossProfit": 167200000, "grossProfitRatio": 0.2860564585, "researchAndDevelopmentExpenses": 0, "generalAndAdministrativeExpenses": 0, "sellingAndMarketingExpenses": 0, "sellingGeneralAndAdministrativeExpenses": 47500000, "otherExpenses": 74200000, "operatingExpenses": 121700000, "costAndExpenses": 539000000, "interestIncome": 0, "interestExpense": 6400000, "depreciationAndAmortization": 74200000, "ebitda": 116100000, "ebitdaratio": 0.1986313088, "operatingIncome": 45500000, "operatingIncomeRatio": 0.0778443114, "totalOtherIncomeExpensesNet": 3600000, "incomeBeforeTax": 39100000, "incomeBeforeTaxRatio": 0.0668947819, "incomeTaxExpense": 9700000, "netIncome": 29400000, "netIncomeRatio": 0.0502994012, "eps": 0.061, "epsdiluted": 0.061, "weightedAverageShsOut": 484299140, "weightedAverageShsOutDil": 484481066, "link": "https://www.sec.gov/Archives/edgar/data/1001838/000091205700011674/0000912057-00-011674-index.html", "finalLink": "https://www.sec.gov/Archives/edgar/data/1001838/000091205700011674/", "calculatedOtherExpenses": 74200000, "calculatedOperatingExpenses": 121700000, "calculatedNetInterest": -6400000, "calculatedOtherIncome": 0, "calculatedIncomeNonControlling": 0, "calculatedEbitda": 119700000}, {"date": "1998-12-31", "symbol": "SCCO", "reportedCurrency": "USD", "cik": "0001001838", "fillingDate": "1999-03-24", "acceptedDate": "1999-03-24 00:00:00", "calendarYear": "1998", "period": "FY", "revenue": 627900000, "costOfRevenue": 447400000, "grossProfit": 180500000, "grossProfitRatio": 0.287466157, "researchAndDevelopmentExpenses": 0, "generalAndAdministrativeExpenses": 0, "sellingAndMarketingExpenses": 0, "sellingGeneralAndAdministrativeExpenses": 49600000, "otherExpenses": 60900000, "operatingExpenses": 110500000, "costAndExpenses": 557900000, "interestIncome": 0, "interestExpense": -10200000, "depreciationAndAmortization": 60900000, "ebitda": 105300000, "ebitdaratio": 0.1677018634, "operatingIncome": 70000000, "operatingIncomeRatio": 0.1114827202, "totalOtherIncomeExpensesNet": 25600000, "incomeBeforeTax": 80200000, "incomeBeforeTaxRatio": 0.1277273451, "incomeTaxExpense": 25600000, "netIncome": 54600000, "netIncomeRatio": 0.0869565217, "eps": 0.11, "epsdiluted": 0.11, "weightedAverageShsOut": 484487130, "weightedAverageShsOutDil": 484487130, "link": "https://www.sec.gov/Archives/edgar/data/1001838/000000764999000005/0000007649-99-000005-index.html", "finalLink": "https://www.sec.gov/Archives/edgar/data/1001838/", "calculatedOtherExpenses": 60900000, "calculatedOperatingExpenses": 110500000, "calculatedNetInterest": 10200000, "calculatedOtherIncome": 0, "calculatedIncomeNonControlling": 0, "calculatedEbitda": 130900000}, {"date": "1997-12-31", "symbol": "SCCO", "reportedCurrency": "USD", "cik": "0001001838", "fillingDate": "1998-03-23", "acceptedDate": "1998-03-23 00:00:00", "calendarYear": "1997", "period": "FY", "revenue": 814200000, "costOfRevenue": 456500000, "grossProfit": 357700000, "grossProfitRatio": 0.4393269467, "researchAndDevelopmentExpenses": 0, "generalAndAdministrativeExpenses": 0, "sellingAndMarketingExpenses": 0, "sellingGeneralAndAdministrativeExpenses": 75600000, "otherExpenses": 46700000, "operatingExpenses": 122300000, "costAndExpenses": 578800000, "interestIncome": 0, "interestExpense": -5900000, "depreciationAndAmortization": 46700000, "ebitda": 252200000, "ebitdaratio": 0.3097519037, "operatingIncome": 235400000, "operatingIncomeRatio": 0.2891181528, "totalOtherIncomeExpensesNet": 29900000, "incomeBeforeTax": 241300000, "incomeBeforeTaxRatio": 0.2963645296, "incomeTaxExpense": 55600000, "netIncome": 185700000, "netIncomeRatio": 0.2280766396, "eps": 0.38, "epsdiluted": 0.38, "weightedAverageShsOut": 486276069, "weightedAverageShsOutDil": 486330647, "link": "https://www.sec.gov/Archives/edgar/data/1001838/000000764998000004/0000007649-98-000004-index.html", "finalLink": "https://www.sec.gov/Archives/edgar/data/1001838/", "calculatedOtherExpenses": 46700000, "calculatedOperatingExpenses": 122300000, "calculatedNetInterest": 5900000, "calculatedOtherIncome": 0, "calculatedIncomeNonControlling": 0, "calculatedEbitda": 282100000}, {"date": "1996-12-31", "symbol": "SCCO", "reportedCurrency": "USD", "cik": "0001001838", "fillingDate": "1997-03-28", "acceptedDate": "1997-03-28 00:00:00", "calendarYear": "1996", "period": "FY", "revenue": 753000000, "costOfRevenue": 394700000, "grossProfit": 358300000, "grossProfitRatio": 0.4758300133, "researchAndDevelopmentExpenses": 0, "generalAndAdministrativeExpenses": 0, "sellingAndMarketingExpenses": 0, "sellingGeneralAndAdministrativeExpenses": 68000000, "otherExpenses": 41600000, "operatingExpenses": 109600000, "costAndExpenses": 504300000, "interestIncome": 0, "interestExpense": -12000000, "depreciationAndAmortization": 41600000, "ebitda": 260600000, "ebitdaratio": 0.3460823373, "operatingIncome": 248700000, "operatingIncomeRatio": 0.3302788845, "totalOtherIncomeExpensesNet": 29700000, "incomeBeforeTax": 260700000, "incomeBeforeTaxRatio": 0.3462151394, "incomeTaxExpense": 80200000, "netIncome": 180500000, "netIncomeRatio": 0.2397078353, "eps": 0.37, "epsdiluted": 0.37, "weightedAverageShsOut": 486318519, "weightedAverageShsOutDil": 486664178, "link": "https://www.sec.gov/Archives/edgar/data/1001838/000000764997000005/0000007649-97-000005-index.html", "finalLink": "https://www.sec.gov/Archives/edgar/data/1001838/", "calculatedOtherExpenses": 41600000, "calculatedOperatingExpenses": 109600000, "calculatedNetInterest": 12000000, "calculatedOtherIncome": 0, "calculatedIncomeNonControlling": 0, "calculatedEbitda": 290300000}, {"date": "1995-12-31", "symbol": "SCCO", "reportedCurrency": "USD", "cik": "0001001838", "fillingDate": "1995-12-31", "acceptedDate": "1995-12-31 00:00:00", "calendarYear": "1995", "period": "FY", "revenue": 928800000, "costOfRevenue": 0, "grossProfit": 928800000, "grossProfitRatio": 1, "researchAndDevelopmentExpenses": 0, "generalAndAdministrativeExpenses": 0, "sellingAndMarketingExpenses": 0, "sellingGeneralAndAdministrativeExpenses": 0, "otherExpenses": 0, "operatingExpenses": 0, "costAndExpenses": 0, "interestIncome": 0, "interestExpense": 928800000, "depreciationAndAmortization": -711000000, "ebitda": 928800000, "ebitdaratio": 1, "operatingIncome": 928800000, "operatingIncomeRatio": 1, "totalOtherIncomeExpensesNet": -711000000, "incomeBeforeTax": 217800000, "incomeBeforeTaxRatio": 0.234496124, "incomeTaxExpense": -217800000, "netIncome": 217800000, "netIncomeRatio": 0.234496124, "eps": 0.55, "epsdiluted": 0.55, "weightedAverageShsOut": 399028024, "weightedAverageShsOutDil": 399028024, "link": null, "finalLink": null, "calculatedOtherExpenses": 0, "calculatedOperatingExpenses": 0, "calculatedNetInterest": -928800000, "calculatedOtherIncome": 217800000, "calculatedIncomeNonControlling": 217800000, "calculatedEbitda": 217800000}]}