{"originalCurrency": "USD", "convertedCurrency": "USD", "report": [{"date": "2023-12-31", "symbol": "SCHW", "reportedCurrency": "USD", "cik": "0000316709", "fillingDate": "2024-02-23", "acceptedDate": "2024-02-23 16:21:25", "calendarYear": "2023", "period": "FY", "revenue": 18837000000, "costOfRevenue": 6180000000, "grossProfit": 12657000000, "grossProfitRatio": 0.6719222806, "researchAndDevelopmentExpenses": 0, "generalAndAdministrativeExpenses": 6315000000, "sellingAndMarketingExpenses": 397000000, "sellingGeneralAndAdministrativeExpenses": 6712000000, "otherExpenses": -10063000000, "operatingExpenses": 10063000000, "costAndExpenses": 16243000000, "interestIncome": 16111000000, "interestExpense": 2900000000, "depreciationAndAmortization": 1338000000, "ebitda": 10616000000, "ebitdaratio": 0.563571694, "operatingIncome": 9278000000, "operatingIncomeRatio": 0.4925412751, "totalOtherIncomeExpensesNet": -2900000000, "incomeBeforeTax": 6378000000, "incomeBeforeTaxRatio": 0.3385889473, "incomeTaxExpense": 1311000000, "netIncome": 5067000000, "netIncomeRatio": 0.2689918777, "eps": 2.55, "epsdiluted": 2.54, "weightedAverageShsOut": 1824000000, "weightedAverageShsOutDil": 1831000000, "link": "https://www.sec.gov/Archives/edgar/data/316709/000031670924000018/0000316709-24-000018-index.htm", "finalLink": "https://www.sec.gov/Archives/edgar/data/316709/000031670924000018/schw-20231231.htm", "calculatedOtherExpenses": -3333000000, "calculatedOperatingExpenses": 3379000000, "calculatedNetInterest": 13211000000, "calculatedOtherIncome": -16111000000, "calculatedIncomeNonControlling": 0, "calculatedEbitda": 10616000000}, {"date": "2022-12-31", "symbol": "SCHW", "reportedCurrency": "USD", "cik": "0000316709", "fillingDate": "2023-02-24", "acceptedDate": "2023-02-24 16:18:16", "calendarYear": "2022", "period": "FY", "revenue": 20762000000, "costOfRevenue": 3173000000, "grossProfit": 17589000000, "grossProfitRatio": 0.8471727194, "researchAndDevelopmentExpenses": 0, "generalAndAdministrativeExpenses": 5936000000, "sellingAndMarketingExpenses": 419000000, "sellingGeneralAndAdministrativeExpenses": 6355000000, "otherExpenses": -16184000000, "operatingExpenses": -9829000000, "costAndExpenses": -9829000000, "interestIncome": 12227000000, "interestExpense": 1545000000, "depreciationAndAmortization": 1248000000, "ebitda": 12181000000, "ebitdaratio": 0.58669685, "operatingIncome": 10933000000, "operatingIncomeRatio": 0.526587034, "totalOtherIncomeExpensesNet": -1545000000, "incomeBeforeTax": 9388000000, "incomeBeforeTaxRatio": 0.4521722377, "incomeTaxExpense": 2205000000, "netIncome": 7183000000, "netIncomeRatio": 0.3459685965, "eps": 3.52, "epsdiluted": 3.5, "weightedAverageShsOut": 1885000000, "weightedAverageShsOutDil": 1894000000, "link": "https://www.sec.gov/Archives/edgar/data/316709/000031670923000009/0000316709-23-000009-index.htm", "finalLink": "https://www.sec.gov/Archives/edgar/data/316709/000031670923000009/schw-20221231.htm", "calculatedOtherExpenses": 301000000, "calculatedOperatingExpenses": 6656000000, "calculatedNetInterest": 10682000000, "calculatedOtherIncome": -12227000000, "calculatedIncomeNonControlling": 0, "calculatedEbitda": 12181000000}, {"date": "2021-12-31", "symbol": "SCHW", "reportedCurrency": "USD", "cik": "0000316709", "fillingDate": "2022-02-24", "acceptedDate": "2022-02-24 16:32:07", "calendarYear": "2021", "period": "FY", "revenue": 18520000000, "costOfRevenue": 2241000000, "grossProfit": 16279000000, "grossProfitRatio": 0.8789956803, "researchAndDevelopmentExpenses": 0, "generalAndAdministrativeExpenses": 6312000000, "sellingAndMarketingExpenses": 485000000, "sellingGeneralAndAdministrativeExpenses": 6797000000, "otherExpenses": -17604000000, "operatingExpenses": -10807000000, "costAndExpenses": -10807000000, "interestIncome": 8506000000, "interestExpense": 476000000, "depreciationAndAmortization": 1164000000, "ebitda": 8877000000, "ebitdaratio": 0.4793196544, "operatingIncome": 7713000000, "operatingIncomeRatio": 0.4164686825, "totalOtherIncomeExpensesNet": -393000000, "incomeBeforeTax": 7713000000, "incomeBeforeTaxRatio": 0.4164686825, "incomeTaxExpense": 1858000000, "netIncome": 5855000000, "netIncomeRatio": 0.3161447084, "eps": 2.84, "epsdiluted": 2.83, "weightedAverageShsOut": 1887000000, "weightedAverageShsOutDil": 1897000000, "link": "https://www.sec.gov/Archives/edgar/data/316709/000031670922000009/0000316709-22-000009-index.htm", "finalLink": "https://www.sec.gov/Archives/edgar/data/316709/000031670922000009/schw-20211231.htm", "calculatedOtherExpenses": 1769000000, "calculatedOperatingExpenses": 8566000000, "calculatedNetInterest": 8030000000, "calculatedOtherIncome": -8030000000, "calculatedIncomeNonControlling": 0, "calculatedEbitda": 8877000000}, {"date": "2020-12-31", "symbol": "SCHW", "reportedCurrency": "USD", "cik": "0000316709", "fillingDate": "2021-02-24", "acceptedDate": "2021-02-24 16:20:04", "calendarYear": "2020", "period": "FY", "revenue": 11691000000, "costOfRevenue": 1576000000, "grossProfit": 10115000000, "grossProfitRatio": 0.8651954495, "researchAndDevelopmentExpenses": 0, "generalAndAdministrativeExpenses": 4470000000, "sellingAndMarketingExpenses": 326000000, "sellingGeneralAndAdministrativeExpenses": 4796000000, "otherExpenses": -12187000000, "operatingExpenses": -7391000000, "costAndExpenses": -7391000000, "interestIncome": 6531000000, "interestExpense": 418000000, "depreciationAndAmortization": 604000000, "ebitda": 4904000000, "ebitdaratio": 0.4194679668, "operatingIncome": 4300000000, "operatingIncomeRatio": 0.3678042939, "totalOtherIncomeExpensesNet": -289000000, "incomeBeforeTax": 4300000000, "incomeBeforeTaxRatio": 0.3678042939, "incomeTaxExpense": 1001000000, "netIncome": 3299000000, "netIncomeRatio": 0.2821828757, "eps": 2.13, "epsdiluted": 2.12, "weightedAverageShsOut": 1429000000, "weightedAverageShsOutDil": 1435000000, "link": "https://www.sec.gov/Archives/edgar/data/316709/000031670921000012/0000316709-21-000012-index.htm", "finalLink": "https://www.sec.gov/Archives/edgar/data/316709/000031670921000012/schw-20201231.htm", "calculatedOtherExpenses": 1019000000, "calculatedOperatingExpenses": 5815000000, "calculatedNetInterest": 6113000000, "calculatedOtherIncome": -6113000000, "calculatedIncomeNonControlling": 0, "calculatedEbitda": 4904000000}, {"date": "2019-12-31", "symbol": "SCHW", "reportedCurrency": "USD", "cik": "0000316709", "fillingDate": "2020-02-26", "acceptedDate": "2020-02-26 17:31:13", "calendarYear": "2019", "period": "FY", "revenue": 10721000000, "costOfRevenue": 2088000000, "grossProfit": 8633000000, "grossProfitRatio": 0.8052420483, "researchAndDevelopmentExpenses": 0, "generalAndAdministrativeExpenses": 3695000000, "sellingAndMarketingExpenses": 307000000, "sellingGeneralAndAdministrativeExpenses": 4002000000, "otherExpenses": -9875000000, "operatingExpenses": -5873000000, "costAndExpenses": -5873000000, "interestIncome": 7580000000, "interestExpense": 1064000000, "depreciationAndAmortization": 349000000, "ebitda": 5197000000, "ebitdaratio": 0.4847495569, "operatingIncome": 4848000000, "operatingIncomeRatio": 0.4521966234, "totalOtherIncomeExpensesNet": -27000000, "incomeBeforeTax": 4848000000, "incomeBeforeTaxRatio": 0.4521966234, "incomeTaxExpense": 1144000000, "netIncome": 3704000000, "netIncomeRatio": 0.3454901595, "eps": 2.69, "epsdiluted": 2.67, "weightedAverageShsOut": 1311000000, "weightedAverageShsOutDil": 1320000000, "link": "https://www.sec.gov/Archives/edgar/data/316709/000031670920000012/0000316709-20-000012-index.htm", "finalLink": "https://www.sec.gov/Archives/edgar/data/316709/000031670920000012/schw-12312019x10k.htm", "calculatedOtherExpenses": -217000000, "calculatedOperatingExpenses": 3785000000, "calculatedNetInterest": 6516000000, "calculatedOtherIncome": -6516000000, "calculatedIncomeNonControlling": 0, "calculatedEbitda": 5197000000}, {"date": "2018-12-31", "symbol": "SCHW", "reportedCurrency": "USD", "cik": "0000316709", "fillingDate": "2019-02-22", "acceptedDate": "2019-02-22 16:27:02", "calendarYear": "2018", "period": "FY", "revenue": 10132000000, "costOfRevenue": 1573000000, "grossProfit": 8559000000, "grossProfitRatio": 0.8447493091, "researchAndDevelopmentExpenses": 0, "generalAndAdministrativeExpenses": 3488000000, "sellingAndMarketingExpenses": 313000000, "sellingGeneralAndAdministrativeExpenses": 3801000000, "otherExpenses": 1267000000, "operatingExpenses": 5068000000, "costAndExpenses": 5068000000, "interestIncome": 6680000000, "interestExpense": 857000000, "depreciationAndAmortization": 306000000, "ebitda": 5725000000, "ebitdaratio": 0.5650414528, "operatingIncome": 5419000000, "operatingIncomeRatio": 0.5348401105, "totalOtherIncomeExpensesNet": -857000000, "incomeBeforeTax": 4562000000, "incomeBeforeTaxRatio": 0.4502566127, "incomeTaxExpense": 1055000000, "netIncome": 3507000000, "netIncomeRatio": 0.3461310699, "eps": 2.6, "epsdiluted": 2.58, "weightedAverageShsOut": 1348000000, "weightedAverageShsOutDil": 1361000000, "link": "https://www.sec.gov/Archives/edgar/data/316709/000031670919000008/0000316709-19-000008-index.htm", "finalLink": "https://www.sec.gov/Archives/edgar/data/316709/000031670919000008/schw-12312018x10k.htm", "calculatedOtherExpenses": -661000000, "calculatedOperatingExpenses": 3140000000, "calculatedNetInterest": 5823000000, "calculatedOtherIncome": -6680000000, "calculatedIncomeNonControlling": 0, "calculatedEbitda": 5725000000}, {"date": "2017-12-31", "symbol": "SCHW", "reportedCurrency": "USD", "cik": "0000316709", "fillingDate": "2018-02-22", "acceptedDate": "2018-02-22 17:15:24", "calendarYear": "2017", "period": "FY", "revenue": 8618000000, "costOfRevenue": 1031000000, "grossProfit": 7587000000, "grossProfitRatio": 0.8803666744, "researchAndDevelopmentExpenses": 0, "generalAndAdministrativeExpenses": 3147000000, "sellingAndMarketingExpenses": 268000000, "sellingGeneralAndAdministrativeExpenses": 3415000000, "otherExpenses": 1106000000, "operatingExpenses": 4521000000, "costAndExpenses": 4521000000, "interestIncome": 4624000000, "interestExpense": 342000000, "depreciationAndAmortization": 269000000, "ebitda": 4261000000, "ebitdaratio": 0.4944302622, "operatingIncome": 3992000000, "operatingIncomeRatio": 0.4632165236, "totalOtherIncomeExpensesNet": -342000000, "incomeBeforeTax": 3650000000, "incomeBeforeTaxRatio": 0.423532142, "incomeTaxExpense": 1296000000, "netIncome": 2354000000, "netIncomeRatio": 0.2731492226, "eps": 1.76, "epsdiluted": 1.74, "weightedAverageShsOut": 1339000000, "weightedAverageShsOutDil": 1353000000, "link": "https://www.sec.gov/Archives/edgar/data/316709/000031670918000009/0000316709-18-000009-index.htm", "finalLink": "https://www.sec.gov/Archives/edgar/data/316709/000031670918000009/schw-12312017x10k.htm", "calculatedOtherExpenses": 180000000, "calculatedOperatingExpenses": 3595000000, "calculatedNetInterest": 4282000000, "calculatedOtherIncome": -4624000000, "calculatedIncomeNonControlling": 0, "calculatedEbitda": 4261000000}, {"date": "2016-12-31", "symbol": "SCHW", "reportedCurrency": "USD", "cik": "0000316709", "fillingDate": "2017-02-23", "acceptedDate": "2017-02-23 17:22:58", "calendarYear": "2016", "period": "FY", "revenue": 7473000000, "costOfRevenue": 798000000, "grossProfit": 6675000000, "grossProfitRatio": 0.8932155761, "researchAndDevelopmentExpenses": 0, "generalAndAdministrativeExpenses": 2703000000, "sellingAndMarketingExpenses": 265000000, "sellingGeneralAndAdministrativeExpenses": 2968000000, "otherExpenses": 1138000000, "operatingExpenses": 4106000000, "costAndExpenses": 4106000000, "interestIncome": 3493000000, "interestExpense": 171000000, "depreciationAndAmortization": 234000000, "ebitda": 3398000000, "ebitdaratio": 0.4547035996, "operatingIncome": 3164000000, "operatingIncomeRatio": 0.4233908738, "totalOtherIncomeExpensesNet": -171000000, "incomeBeforeTax": 2993000000, "incomeBeforeTaxRatio": 0.4005084973, "incomeTaxExpense": 1104000000, "netIncome": 1889000000, "netIncomeRatio": 0.2527766627, "eps": 1.43, "epsdiluted": 1.42, "weightedAverageShsOut": 1324000000, "weightedAverageShsOutDil": 1334000000, "link": "https://www.sec.gov/Archives/edgar/data/316709/000031670917000010/0000316709-17-000010-index.htm", "finalLink": "https://www.sec.gov/Archives/edgar/data/316709/000031670917000010/schw-20161231x10k.htm", "calculatedOtherExpenses": 543000000, "calculatedOperatingExpenses": 3511000000, "calculatedNetInterest": 3322000000, "calculatedOtherIncome": -3493000000, "calculatedIncomeNonControlling": 0, "calculatedEbitda": 3398000000}, {"date": "2015-12-31", "symbol": "SCHW", "reportedCurrency": "USD", "cik": "0000316709", "fillingDate": "2016-02-24", "acceptedDate": "2016-02-24 17:17:09", "calendarYear": "2015", "period": "FY", "revenue": 6369000000, "costOfRevenue": 0, "grossProfit": 6369000000, "grossProfitRatio": 1, "researchAndDevelopmentExpenses": 0, "generalAndAdministrativeExpenses": 2474000000, "sellingAndMarketingExpenses": 249000000, "sellingGeneralAndAdministrativeExpenses": 2723000000, "otherExpenses": 1036000000, "operatingExpenses": 3759000000, "costAndExpenses": 3759000000, "interestIncome": 2657000000, "interestExpense": 132000000, "depreciationAndAmortization": 224000000, "ebitda": 2635000000, "ebitdaratio": 0.4137227194, "operatingIncome": 2411000000, "operatingIncomeRatio": 0.378552363, "totalOtherIncomeExpensesNet": -132000000, "incomeBeforeTax": 2279000000, "incomeBeforeTaxRatio": 0.3578269744, "incomeTaxExpense": 832000000, "netIncome": 1447000000, "netIncomeRatio": 0.227194222, "eps": 1.1, "epsdiluted": 1.09, "weightedAverageShsOut": 1315000000, "weightedAverageShsOutDil": 1327000000, "link": "https://www.sec.gov/Archives/edgar/data/316709/000031670916000067/0000316709-16-000067-index.htm", "finalLink": "https://www.sec.gov/Archives/edgar/data/316709/000031670916000067/schw-20151231x10k.htm", "calculatedOtherExpenses": 1235000000, "calculatedOperatingExpenses": 3958000000, "calculatedNetInterest": 2525000000, "calculatedOtherIncome": -2657000000, "calculatedIncomeNonControlling": 0, "calculatedEbitda": 2635000000}, {"date": "2014-12-31", "symbol": "SCHW", "reportedCurrency": "USD", "cik": "0000316709", "fillingDate": "2015-02-23", "acceptedDate": "2015-02-23 16:35:14", "calendarYear": "2014", "period": "FY", "revenue": 6054000000, "costOfRevenue": 0, "grossProfit": 6054000000, "grossProfitRatio": 1, "researchAndDevelopmentExpenses": 0, "generalAndAdministrativeExpenses": 2407000000, "sellingAndMarketingExpenses": 245000000, "sellingGeneralAndAdministrativeExpenses": 2652000000, "otherExpenses": 980000000, "operatingExpenses": 3632000000, "costAndExpenses": 3632000000, "interestIncome": 2374000000, "interestExpense": 102000000, "depreciationAndAmortization": 199000000, "ebitda": 2416000000, "ebitdaratio": 0.3990749917, "operatingIncome": 2217000000, "operatingIncomeRatio": 0.3662041625, "totalOtherIncomeExpensesNet": -102000000, "incomeBeforeTax": 2115000000, "incomeBeforeTaxRatio": 0.3493557978, "incomeTaxExpense": 794000000, "netIncome": 1321000000, "netIncomeRatio": 0.2182028411, "eps": 1.01, "epsdiluted": 1, "weightedAverageShsOut": 1303000000, "weightedAverageShsOutDil": 1315000000, "link": "https://www.sec.gov/Archives/edgar/data/316709/000031670915000014/0000316709-15-000014-index.htm", "finalLink": "https://www.sec.gov/Archives/edgar/data/316709/000031670915000014/schw-20141231x10k.htm", "calculatedOtherExpenses": 1185000000, "calculatedOperatingExpenses": 3837000000, "calculatedNetInterest": 2272000000, "calculatedOtherIncome": -2374000000, "calculatedIncomeNonControlling": 0, "calculatedEbitda": 2416000000}, {"date": "2013-12-31", "symbol": "SCHW", "reportedCurrency": "USD", "cik": "0000316709", "fillingDate": "2014-02-24", "acceptedDate": "2014-02-24 15:26:41", "calendarYear": "2013", "period": "FY", "revenue": 5434000000, "costOfRevenue": 0, "grossProfit": 5434000000, "grossProfitRatio": 1, "researchAndDevelopmentExpenses": 0, "generalAndAdministrativeExpenses": 2247000000, "sellingAndMarketingExpenses": 257000000, "sellingGeneralAndAdministrativeExpenses": 2504000000, "otherExpenses": 926000000, "operatingExpenses": 3430000000, "costAndExpenses": 3430000000, "interestIncome": 2085000000, "interestExpense": 105000000, "depreciationAndAmortization": 202000000, "ebitda": 2012000000, "ebitdaratio": 0.3702613176, "operatingIncome": 1810000000, "operatingIncomeRatio": 0.3330879647, "totalOtherIncomeExpensesNet": -105000000, "incomeBeforeTax": 1705000000, "incomeBeforeTaxRatio": 0.3137651822, "incomeTaxExpense": 634000000, "netIncome": 1071000000, "netIncomeRatio": 0.1970923813, "eps": 0.83, "epsdiluted": 0.83, "weightedAverageShsOut": 1285000000, "weightedAverageShsOutDil": 1293000000, "link": "https://www.sec.gov/Archives/edgar/data/316709/000031670914000005/0000316709-14-000005-index.htm", "finalLink": "https://www.sec.gov/Archives/edgar/data/316709/000031670914000005/schw-20131231x10k.htm", "calculatedOtherExpenses": 1120000000, "calculatedOperatingExpenses": 3624000000, "calculatedNetInterest": 1980000000, "calculatedOtherIncome": -2085000000, "calculatedIncomeNonControlling": 0, "calculatedEbitda": 2012000000}, {"date": "2012-12-31", "symbol": "SCHW", "reportedCurrency": "USD", "cik": "0000316709", "fillingDate": "2013-02-22", "acceptedDate": "2013-02-22 16:58:36", "calendarYear": "2012", "period": "FY", "revenue": 4899000000, "costOfRevenue": 0, "grossProfit": 4899000000, "grossProfitRatio": 1, "researchAndDevelopmentExpenses": 0, "generalAndAdministrativeExpenses": 2023000000, "sellingAndMarketingExpenses": 241000000, "sellingGeneralAndAdministrativeExpenses": 2264000000, "otherExpenses": 895000000, "operatingExpenses": 3159000000, "costAndExpenses": 3159000000, "interestIncome": 1914000000, "interestExpense": 150000000, "depreciationAndAmortization": 196000000, "ebitda": 1796000000, "ebitdaratio": 0.3666054297, "operatingIncome": 1600000000, "operatingIncomeRatio": 0.3265972647, "totalOtherIncomeExpensesNet": -150000000, "incomeBeforeTax": 1450000000, "incomeBeforeTaxRatio": 0.2959787712, "incomeTaxExpense": 522000000, "netIncome": 928000000, "netIncomeRatio": 0.1894264136, "eps": 0.73, "epsdiluted": 0.73, "weightedAverageShsOut": 1274000000, "weightedAverageShsOutDil": 1275000000, "link": "https://www.sec.gov/Archives/edgar/data/316709/000119312513071646/0001193125-13-071646-index.htm", "finalLink": "https://www.sec.gov/Archives/edgar/data/316709/000119312513071646/d455860d10k.htm", "calculatedOtherExpenses": 1035000000, "calculatedOperatingExpenses": 3299000000, "calculatedNetInterest": 1764000000, "calculatedOtherIncome": -1914000000, "calculatedIncomeNonControlling": 0, "calculatedEbitda": 1796000000}, {"date": "2011-12-31", "symbol": "SCHW", "reportedCurrency": "USD", "cik": "0000316709", "fillingDate": "2012-02-24", "acceptedDate": "2012-02-24 15:33:46", "calendarYear": "2011", "period": "FY", "revenue": 4740000000, "costOfRevenue": 0, "grossProfit": 4740000000, "grossProfitRatio": 1, "researchAndDevelopmentExpenses": 0, "generalAndAdministrativeExpenses": 1952000000, "sellingAndMarketingExpenses": 228000000, "sellingGeneralAndAdministrativeExpenses": 2180000000, "otherExpenses": 850000000, "operatingExpenses": 3030000000, "costAndExpenses": 3030000000, "interestIncome": 1900000000, "interestExpense": 175000000, "depreciationAndAmortization": 155000000, "ebitda": 1722000000, "ebitdaratio": 0.3632911392, "operatingIncome": 1567000000, "operatingIncomeRatio": 0.3305907173, "totalOtherIncomeExpensesNet": -175000000, "incomeBeforeTax": 1392000000, "incomeBeforeTaxRatio": 0.2936708861, "incomeTaxExpense": 528000000, "netIncome": 864000000, "netIncomeRatio": 0.182278481, "eps": 0.7, "epsdiluted": 0.7, "weightedAverageShsOut": 1227000000, "weightedAverageShsOutDil": 1229000000, "link": "https://www.sec.gov/Archives/edgar/data/316709/000119312512077926/0001193125-12-077926-index.htm", "finalLink": "https://www.sec.gov/Archives/edgar/data/316709/000119312512077926/d264447d10k.htm", "calculatedOtherExpenses": 993000000, "calculatedOperatingExpenses": 3173000000, "calculatedNetInterest": 1725000000, "calculatedOtherIncome": -1900000000, "calculatedIncomeNonControlling": 0, "calculatedEbitda": 1722000000}, {"date": "2010-12-31", "symbol": "SCHW", "reportedCurrency": "USD", "cik": "0000316709", "fillingDate": "2011-02-25", "acceptedDate": "2011-02-25 13:03:00", "calendarYear": "2010", "period": "FY", "revenue": 4112000000, "costOfRevenue": 0, "grossProfit": 4112000000, "grossProfitRatio": 1, "researchAndDevelopmentExpenses": 0, "generalAndAdministrativeExpenses": 2100000000, "sellingAndMarketingExpenses": 196000000, "sellingGeneralAndAdministrativeExpenses": 2296000000, "otherExpenses": 891000000, "operatingExpenses": 3187000000, "costAndExpenses": 3187000000, "interestIncome": 1723000000, "interestExpense": 398000000, "depreciationAndAmortization": 146000000, "ebitda": 1323000000, "ebitdaratio": 0.3217412451, "operatingIncome": 1177000000, "operatingIncomeRatio": 0.2862354086, "totalOtherIncomeExpensesNet": -398000000, "incomeBeforeTax": 779000000, "incomeBeforeTaxRatio": 0.1894455253, "incomeTaxExpense": 325000000, "netIncome": 454000000, "netIncomeRatio": 0.1104085603, "eps": 0.38, "epsdiluted": 0.38, "weightedAverageShsOut": 1191000000, "weightedAverageShsOutDil": 1194000000, "link": "https://www.sec.gov/Archives/edgar/data/316709/000119312511046932/0001193125-11-046932-index.htm", "finalLink": "https://www.sec.gov/Archives/edgar/data/316709/000119312511046932/d10k.htm", "calculatedOtherExpenses": 639000000, "calculatedOperatingExpenses": 2935000000, "calculatedNetInterest": 1325000000, "calculatedOtherIncome": -1723000000, "calculatedIncomeNonControlling": 0, "calculatedEbitda": 1323000000}, {"date": "2009-12-31", "symbol": "SCHW", "reportedCurrency": "USD", "cik": "0000316709", "fillingDate": "2010-02-25", "acceptedDate": "2010-02-25 14:43:13", "calendarYear": "2009", "period": "FY", "revenue": 4291000000, "costOfRevenue": 0, "grossProfit": 4291000000, "grossProfitRatio": 1, "researchAndDevelopmentExpenses": 0, "generalAndAdministrativeExpenses": 1750000000, "sellingAndMarketingExpenses": 191000000, "sellingGeneralAndAdministrativeExpenses": 1941000000, "otherExpenses": 752000000, "operatingExpenses": 2693000000, "costAndExpenses": 2693000000, "interestIncome": 1428000000, "interestExpense": 183000000, "depreciationAndAmortization": 159000000, "ebitda": 1618000000, "ebitdaratio": 0.3770682825, "operatingIncome": 1459000000, "operatingIncomeRatio": 0.3400139828, "totalOtherIncomeExpensesNet": -183000000, "incomeBeforeTax": 1276000000, "incomeBeforeTaxRatio": 0.2973665812, "incomeTaxExpense": 489000000, "netIncome": 787000000, "netIncomeRatio": 0.1834071312, "eps": 0.68, "epsdiluted": 0.68, "weightedAverageShsOut": 1156000000, "weightedAverageShsOutDil": 1160000000, "link": "https://www.sec.gov/Archives/edgar/data/316709/000119312510040444/0001193125-10-040444-index.htm", "finalLink": "https://www.sec.gov/Archives/edgar/data/316709/000119312510040444/d10k.htm", "calculatedOtherExpenses": 891000000, "calculatedOperatingExpenses": 2832000000, "calculatedNetInterest": 1245000000, "calculatedOtherIncome": -1428000000, "calculatedIncomeNonControlling": 0, "calculatedEbitda": 1618000000}, {"date": "2008-12-31", "symbol": "SCHW", "reportedCurrency": "USD", "cik": "0000316709", "fillingDate": "2009-02-25", "acceptedDate": "2009-02-25 16:15:19", "calendarYear": "2008", "period": "FY", "revenue": 5150000000, "costOfRevenue": 0, "grossProfit": 5150000000, "grossProfitRatio": 1, "researchAndDevelopmentExpenses": 0, "generalAndAdministrativeExpenses": 1667000000, "sellingAndMarketingExpenses": 243000000, "sellingGeneralAndAdministrativeExpenses": 1910000000, "otherExpenses": 996000000, "operatingExpenses": 2906000000, "costAndExpenses": 2906000000, "interestIncome": 1908000000, "interestExpense": 243000000, "depreciationAndAmortization": 152000000, "ebitda": 2405000000, "ebitdaratio": 0.4669902913, "operatingIncome": 2253000000, "operatingIncomeRatio": 0.4374757282, "totalOtherIncomeExpensesNet": -225000000, "incomeBeforeTax": 2028000000, "incomeBeforeTaxRatio": 0.3937864078, "incomeTaxExpense": 798000000, "netIncome": 1212000000, "netIncomeRatio": 0.2353398058, "eps": 1.06, "epsdiluted": 1.05, "weightedAverageShsOut": 1148000000, "weightedAverageShsOutDil": 1157000000, "link": "https://www.sec.gov/Archives/edgar/data/316709/000119312509037420/0001193125-09-037420-index.htm", "finalLink": "https://www.sec.gov/Archives/edgar/data/316709/000119312509037420/d10k.htm", "calculatedOtherExpenses": 987000000, "calculatedOperatingExpenses": 2897000000, "calculatedNetInterest": 1665000000, "calculatedOtherIncome": -1890000000, "calculatedIncomeNonControlling": 18000000, "calculatedEbitda": 2405000000}, {"date": "2007-12-31", "symbol": "SCHW", "reportedCurrency": "USD", "cik": "0000316709", "fillingDate": "2008-02-27", "acceptedDate": "2008-02-26 19:50:07", "calendarYear": "2007", "period": "FY", "revenue": 4994000000, "costOfRevenue": 0, "grossProfit": 4994000000, "grossProfitRatio": 1, "researchAndDevelopmentExpenses": 0, "generalAndAdministrativeExpenses": 1781000000, "sellingAndMarketingExpenses": 230000000, "sellingGeneralAndAdministrativeExpenses": 2011000000, "otherExpenses": 962000000, "operatingExpenses": 2973000000, "costAndExpenses": 2973000000, "interestIncome": 2270000000, "interestExpense": 623000000, "depreciationAndAmortization": 156000000, "ebitda": 3919000000, "ebitdaratio": 0.78474169, "operatingIncome": 3763000000, "operatingIncomeRatio": 0.753504205, "totalOtherIncomeExpensesNet": -1910000000, "incomeBeforeTax": 1853000000, "incomeBeforeTaxRatio": 0.3710452543, "incomeTaxExpense": 733000000, "netIncome": 2407000000, "netIncomeRatio": 0.481978374, "eps": 1.99, "epsdiluted": 1.97, "weightedAverageShsOut": 1208000000, "weightedAverageShsOutDil": 1222000000, "link": "https://www.sec.gov/Archives/edgar/data/316709/000119312508039024/0001193125-08-039024-index.htm", "finalLink": "https://www.sec.gov/Archives/edgar/data/316709/000119312508039024/d10k.htm", "calculatedOtherExpenses": -780000000, "calculatedOperatingExpenses": 1231000000, "calculatedNetInterest": 1647000000, "calculatedOtherIncome": -3557000000, "calculatedIncomeNonControlling": -1287000000, "calculatedEbitda": 3919000000}, {"date": "2006-12-31", "symbol": "SCHW", "reportedCurrency": "USD", "cik": "0000316709", "fillingDate": "2007-02-26", "acceptedDate": "2007-02-26 16:33:29", "calendarYear": "2006", "period": "FY", "revenue": 4309000000, "costOfRevenue": 0, "grossProfit": 4309000000, "grossProfitRatio": 1, "researchAndDevelopmentExpenses": 0, "generalAndAdministrativeExpenses": 1619000000, "sellingAndMarketingExpenses": 189000000, "sellingGeneralAndAdministrativeExpenses": 1808000000, "otherExpenses": 882000000, "operatingExpenses": 2690000000, "costAndExpenses": 2690000000, "interestIncome": 2113000000, "interestExpense": 679000000, "depreciationAndAmortization": 157000000, "ebitda": 2648000000, "ebitdaratio": 0.6145277327, "operatingIncome": 2491000000, "operatingIncomeRatio": 0.5780923648, "totalOtherIncomeExpensesNet": -1015000000, "incomeBeforeTax": 1476000000, "incomeBeforeTaxRatio": 0.3425388721, "incomeTaxExpense": 585000000, "netIncome": 1227000000, "netIncomeRatio": 0.2847528429, "eps": 0.95, "epsdiluted": 0.95, "weightedAverageShsOut": 1286000000, "weightedAverageShsOutDil": 1286000000, "link": "https://www.sec.gov/Archives/edgar/data/316709/000119312507039782/0001193125-07-039782-index.htm", "finalLink": "https://www.sec.gov/Archives/edgar/data/316709/000119312507039782/d10k.htm", "calculatedOtherExpenses": 10000000, "calculatedOperatingExpenses": 1818000000, "calculatedNetInterest": 1434000000, "calculatedOtherIncome": -2449000000, "calculatedIncomeNonControlling": -336000000, "calculatedEbitda": 2648000000}, {"date": "2005-12-31", "symbol": "SCHW", "reportedCurrency": "USD", "cik": "0000316709", "fillingDate": "2006-02-27", "acceptedDate": "2006-02-27 13:04:58", "calendarYear": "2005", "period": "FY", "revenue": 4464000000, "costOfRevenue": 0, "grossProfit": 4464000000, "grossProfitRatio": 1, "researchAndDevelopmentExpenses": 0, "generalAndAdministrativeExpenses": 1902000000, "sellingAndMarketingExpenses": 178000000, "sellingGeneralAndAdministrativeExpenses": 2080000000, "otherExpenses": 371000000, "operatingExpenses": 2451000000, "costAndExpenses": 2451000000, "interestIncome": 1944000000, "interestExpense": 687000000, "depreciationAndAmortization": 208000000, "ebitda": 2075000000, "ebitdaratio": 0.4648297491, "operatingIncome": 1867000000, "operatingIncomeRatio": 0.418234767, "totalOtherIncomeExpensesNet": -682000000, "incomeBeforeTax": 1185000000, "incomeBeforeTaxRatio": 0.2654569892, "incomeTaxExpense": 455000000, "netIncome": 725000000, "netIncomeRatio": 0.1624103943, "eps": 0.55, "epsdiluted": 0.55, "weightedAverageShsOut": 1308000000, "weightedAverageShsOutDil": 1308000000, "link": "https://www.sec.gov/Archives/edgar/data/316709/000119312506039674/0001193125-06-039674-index.htm", "finalLink": "https://www.sec.gov/Archives/edgar/data/316709/000119312506039674/d10k.htm", "calculatedOtherExpenses": 517000000, "calculatedOperatingExpenses": 2597000000, "calculatedNetInterest": 1257000000, "calculatedOtherIncome": -1939000000, "calculatedIncomeNonControlling": 5000000, "calculatedEbitda": 2075000000}, {"date": "2004-12-31", "symbol": "SCHW", "reportedCurrency": "USD", "cik": "0000316709", "fillingDate": "2005-03-02", "acceptedDate": "2005-03-02 16:02:10", "calendarYear": "2004", "period": "FY", "revenue": 4202000000, "costOfRevenue": 0, "grossProfit": 4202000000, "grossProfitRatio": 1, "researchAndDevelopmentExpenses": 0, "generalAndAdministrativeExpenses": 1877000000, "sellingAndMarketingExpenses": 184000000, "sellingGeneralAndAdministrativeExpenses": 2061000000, "otherExpenses": -5469000000, "operatingExpenses": -3408000000, "costAndExpenses": -3408000000, "interestIncome": 1213000000, "interestExpense": 277000000, "depreciationAndAmortization": 226000000, "ebitda": 1020000000, "ebitdaratio": 0.2427415516, "operatingIncome": 794000000, "operatingIncomeRatio": 0.1889576392, "totalOtherIncomeExpensesNet": -149000000, "incomeBeforeTax": 645000000, "incomeBeforeTaxRatio": 0.1534983341, "incomeTaxExpense": 231000000, "netIncome": 286000000, "netIncomeRatio": 0.0680628272, "eps": 0.21, "epsdiluted": 0.21, "weightedAverageShsOut": 1343000000, "weightedAverageShsOutDil": 1365000000, "link": "https://www.sec.gov/Archives/edgar/data/316709/000031670905000006/0000316709-05-000006-index.htm", "finalLink": "https://www.sec.gov/Archives/edgar/data/316709/000031670905000006/body.txt", "calculatedOtherExpenses": 1347000000, "calculatedOperatingExpenses": 3408000000, "calculatedNetInterest": 936000000, "calculatedOtherIncome": -1085000000, "calculatedIncomeNonControlling": 128000000, "calculatedEbitda": 1020000000}, {"date": "2003-12-31", "symbol": "SCHW", "reportedCurrency": "USD", "cik": "0000316709", "fillingDate": "2004-03-11", "acceptedDate": "2004-03-11 12:02:36", "calendarYear": "2003", "period": "FY", "revenue": 4087000000, "costOfRevenue": 0, "grossProfit": 4087000000, "grossProfitRatio": 1, "researchAndDevelopmentExpenses": 0, "generalAndAdministrativeExpenses": 1771000000, "sellingAndMarketingExpenses": 139000000, "sellingGeneralAndAdministrativeExpenses": 1910000000, "otherExpenses": -5046000000, "operatingExpenses": -3136000000, "costAndExpenses": -3136000000, "interestIncome": 970000000, "interestExpense": 241000000, "depreciationAndAmortization": 284000000, "ebitda": 1235000000, "ebitdaratio": 0.3021776364, "operatingIncome": 951000000, "operatingIncomeRatio": 0.2326890139, "totalOtherIncomeExpensesNet": -241000000, "incomeBeforeTax": 710000000, "incomeBeforeTaxRatio": 0.1737215562, "incomeTaxExpense": 238000000, "netIncome": 472000000, "netIncomeRatio": 0.1154881331, "eps": 0.35, "epsdiluted": 0.35, "weightedAverageShsOut": 1342000000, "weightedAverageShsOutDil": 1364000000, "link": "https://www.sec.gov/Archives/edgar/data/316709/000031670904000006/0000316709-04-000006-index.htm", "finalLink": "https://www.sec.gov/Archives/edgar/data/316709/000031670904000006/body.txt", "calculatedOtherExpenses": 1226000000, "calculatedOperatingExpenses": 3136000000, "calculatedNetInterest": 729000000, "calculatedOtherIncome": -970000000, "calculatedIncomeNonControlling": 0, "calculatedEbitda": 1235000000}, {"date": "2002-12-31", "symbol": "SCHW", "reportedCurrency": "USD", "cik": "0000316709", "fillingDate": "2003-03-21", "acceptedDate": "2003-03-21 15:12:28", "calendarYear": "2002", "period": "FY", "revenue": 4135000000, "costOfRevenue": 0, "grossProfit": 4135000000, "grossProfitRatio": 1, "researchAndDevelopmentExpenses": 0, "generalAndAdministrativeExpenses": 1854000000, "sellingAndMarketingExpenses": 211000000, "sellingGeneralAndAdministrativeExpenses": 2065000000, "otherExpenses": -5675000000, "operatingExpenses": -3610000000, "costAndExpenses": -3610000000, "interestIncome": 1186000000, "interestExpense": 345000000, "depreciationAndAmortization": 321000000, "ebitda": 846000000, "ebitdaratio": 0.2045949214, "operatingIncome": 525000000, "operatingIncomeRatio": 0.1269649335, "totalOtherIncomeExpensesNet": -357000000, "incomeBeforeTax": 168000000, "incomeBeforeTaxRatio": 0.0406287787, "incomeTaxExpense": 71000000, "netIncome": 109000000, "netIncomeRatio": 0.0263603386, "eps": 0.0803, "epsdiluted": 0.0793, "weightedAverageShsOut": 1358000000, "weightedAverageShsOutDil": 1375000000, "link": "https://www.sec.gov/Archives/edgar/data/316709/000031670903000009/0000316709-03-000009-index.htm", "finalLink": "https://www.sec.gov/Archives/edgar/data/316709/000031670903000009/body.txt", "calculatedOtherExpenses": 1545000000, "calculatedOperatingExpenses": 3610000000, "calculatedNetInterest": 841000000, "calculatedOtherIncome": -1198000000, "calculatedIncomeNonControlling": -12000000, "calculatedEbitda": 846000000}, {"date": "2001-12-31", "symbol": "SCHW", "reportedCurrency": "USD", "cik": "0000316709", "fillingDate": "2002-03-27", "acceptedDate": "2002-03-27 00:00:00", "calendarYear": "2001", "period": "FY", "revenue": 4353000000, "costOfRevenue": 0, "grossProfit": 4353000000, "grossProfitRatio": 1, "researchAndDevelopmentExpenses": 0, "generalAndAdministrativeExpenses": 1875000000, "sellingAndMarketingExpenses": 246000000, "sellingGeneralAndAdministrativeExpenses": 2121000000, "otherExpenses": -5290000000, "operatingExpenses": -3169000000, "costAndExpenses": -3169000000, "interestIncome": 1857000000, "interestExpense": 928000000, "depreciationAndAmortization": 404000000, "ebitda": 1588000000, "ebitdaratio": 0.364805881, "operatingIncome": 1184000000, "operatingIncomeRatio": 0.2719963244, "totalOtherIncomeExpensesNet": -1049000000, "incomeBeforeTax": 135000000, "incomeBeforeTaxRatio": 0.0310130944, "incomeTaxExpense": 57000000, "netIncome": 199000000, "netIncomeRatio": 0.0457155984, "eps": 0.14, "epsdiluted": 0.14, "weightedAverageShsOut": 1373000000, "weightedAverageShsOutDil": 1399000000, "link": "https://www.sec.gov/Archives/edgar/data/316709/000031670902000008/0000316709-02-000008-index.htm", "finalLink": "https://www.sec.gov/Archives/edgar/data/316709/000031670902000008/body.txt", "calculatedOtherExpenses": 1048000000, "calculatedOperatingExpenses": 3169000000, "calculatedNetInterest": 929000000, "calculatedOtherIncome": -1978000000, "calculatedIncomeNonControlling": -121000000, "calculatedEbitda": 1588000000}, {"date": "2000-12-31", "symbol": "SCHW", "reportedCurrency": "USD", "cik": "0000316709", "fillingDate": "2001-03-28", "acceptedDate": "2001-03-28 00:00:00", "calendarYear": "2000", "period": "FY", "revenue": 5787651000, "costOfRevenue": 0, "grossProfit": 5787651000, "grossProfitRatio": 1, "researchAndDevelopmentExpenses": 0, "generalAndAdministrativeExpenses": 2414480000, "sellingAndMarketingExpenses": 332311000, "sellingGeneralAndAdministrativeExpenses": 2746791000, "otherExpenses": -5951193000, "operatingExpenses": -3204402000, "costAndExpenses": -3204402000, "interestIncome": 2588876000, "interestExpense": 1351776000, "depreciationAndAmortization": 310903000, "ebitda": 2894152000, "ebitdaratio": 0.5000564132, "operatingIncome": 2583249000, "operatingIncomeRatio": 0.4463380739, "totalOtherIncomeExpensesNet": -1351776000, "incomeBeforeTax": 1231473000, "incomeBeforeTaxRatio": 0.2127759604, "incomeTaxExpense": 513336000, "netIncome": 718137000, "netIncomeRatio": 0.1240809095, "eps": 0.53, "epsdiluted": 0.51, "weightedAverageShsOut": 1359433000, "weightedAverageShsOutDil": 1403763000, "link": "https://www.sec.gov/Archives/edgar/data/316709/000031670901000010/0000316709-01-000010-index.htm", "finalLink": "https://www.sec.gov/Archives/edgar/data/316709/000031670901000010/0000316709-01-000010-0001.txt", "calculatedOtherExpenses": 457611000, "calculatedOperatingExpenses": 3204402000, "calculatedNetInterest": 1237100000, "calculatedOtherIncome": -2588876000, "calculatedIncomeNonControlling": 0, "calculatedEbitda": 2894152000}, {"date": "1999-12-31", "symbol": "SCHW", "reportedCurrency": "USD", "cik": "0000316709", "fillingDate": "2000-03-28", "acceptedDate": "2000-03-28 00:00:00", "calendarYear": "1999", "period": "FY", "revenue": 3944800000, "costOfRevenue": 0, "grossProfit": 3944800000, "grossProfitRatio": 1, "researchAndDevelopmentExpenses": 0, "generalAndAdministrativeExpenses": 1624500000, "sellingAndMarketingExpenses": 241900000, "sellingGeneralAndAdministrativeExpenses": 1866400000, "otherExpenses": -4071500000, "operatingExpenses": -2205100000, "costAndExpenses": -2205100000, "interestIncome": 1471100000, "interestExpense": 768400000, "depreciationAndAmortization": 156700000, "ebitda": 1896400000, "ebitdaratio": 0.480734131, "operatingIncome": 1739700000, "operatingIncomeRatio": 0.4410109511, "totalOtherIncomeExpensesNet": -768400000, "incomeBeforeTax": 971300000, "incomeBeforeTaxRatio": 0.2462228757, "incomeTaxExpense": 382400000, "netIncome": 588900000, "netIncomeRatio": 0.1492851349, "eps": 0.48, "epsdiluted": 0.47, "weightedAverageShsOut": 1214995500, "weightedAverageShsOutDil": 1264635000, "link": "https://www.sec.gov/Archives/edgar/data/316709/000031670900000009/0000316709-00-000009-index.html", "finalLink": "https://www.sec.gov/Archives/edgar/data/316709/000031670900000009/", "calculatedOtherExpenses": 338700000, "calculatedOperatingExpenses": 2205100000, "calculatedNetInterest": 702700000, "calculatedOtherIncome": -1471100000, "calculatedIncomeNonControlling": 0, "calculatedEbitda": 1896400000}, {"date": "1998-12-31", "symbol": "SCHW", "reportedCurrency": "USD", "cik": "0000316709", "fillingDate": "1999-03-30", "acceptedDate": "1999-03-30 00:00:00", "calendarYear": "1998", "period": "FY", "revenue": 2736200000, "costOfRevenue": 0, "grossProfit": 2736200000, "grossProfitRatio": 1, "researchAndDevelopmentExpenses": 0, "generalAndAdministrativeExpenses": 1162800000, "sellingAndMarketingExpenses": 155000000, "sellingGeneralAndAdministrativeExpenses": 1317800000, "otherExpenses": -2825500000, "operatingExpenses": -1507700000, "costAndExpenses": -1507700000, "interestIncome": 1127500000, "interestExpense": 651900000, "depreciationAndAmortization": 138500000, "ebitda": 1367000000, "ebitdaratio": 0.4995979826, "operatingIncome": 1228500000, "operatingIncomeRatio": 0.4489803377, "totalOtherIncomeExpensesNet": -651900000, "incomeBeforeTax": 576600000, "incomeBeforeTaxRatio": 0.2107302098, "incomeTaxExpense": 228100000, "netIncome": 348500000, "netIncomeRatio": 0.1273664206, "eps": 0.29, "epsdiluted": 0.28, "weightedAverageShsOut": 1191084000, "weightedAverageShsOutDil": 1234515000, "link": "https://www.sec.gov/Archives/edgar/data/316709/000031670999000003/0000316709-99-000003-index.html", "finalLink": "https://www.sec.gov/Archives/edgar/data/316709/", "calculatedOtherExpenses": 189900000, "calculatedOperatingExpenses": 1507700000, "calculatedNetInterest": 475600000, "calculatedOtherIncome": -1127500000, "calculatedIncomeNonControlling": 0, "calculatedEbitda": 1367000000}, {"date": "1997-12-31", "symbol": "SCHW", "reportedCurrency": "USD", "cik": "0000316709", "fillingDate": "1998-03-27", "acceptedDate": "1998-03-27 00:00:00", "calendarYear": "1997", "period": "FY", "revenue": 2298800000, "costOfRevenue": 0, "grossProfit": 2298800000, "grossProfitRatio": 1, "researchAndDevelopmentExpenses": 0, "generalAndAdministrativeExpenses": 961800000, "sellingAndMarketingExpenses": 129600000, "sellingGeneralAndAdministrativeExpenses": 1091400000, "otherExpenses": -2396400000, "operatingExpenses": -1305000000, "costAndExpenses": -1305000000, "interestIncome": 900100000, "interestExpense": 546500000, "depreciationAndAmortization": 124700000, "ebitda": 1118500000, "ebitdaratio": 0.4865582043, "operatingIncome": 993800000, "operatingIncomeRatio": 0.4323125109, "totalOtherIncomeExpensesNet": -546500000, "incomeBeforeTax": 447300000, "incomeBeforeTaxRatio": 0.1945797808, "incomeTaxExpense": 177000000, "netIncome": 270300000, "netIncomeRatio": 0.1175830868, "eps": 0.23, "epsdiluted": 0.22, "weightedAverageShsOut": 1181452500, "weightedAverageShsOutDil": 1226587500, "link": "https://www.sec.gov/Archives/edgar/data/316709/000104746998012181/0001047469-98-012181-index.html", "finalLink": "https://www.sec.gov/Archives/edgar/data/316709/", "calculatedOtherExpenses": 213600000, "calculatedOperatingExpenses": 1305000000, "calculatedNetInterest": 353600000, "calculatedOtherIncome": -900100000, "calculatedIncomeNonControlling": 0, "calculatedEbitda": 1118500000}, {"date": "1996-12-31", "symbol": "SCHW", "reportedCurrency": "USD", "cik": "0000316709", "fillingDate": "1997-03-28", "acceptedDate": "1997-03-28 00:00:00", "calendarYear": "1996", "period": "FY", "revenue": 1850900000, "costOfRevenue": 0, "grossProfit": 1850900000, "grossProfitRatio": 1, "researchAndDevelopmentExpenses": 0, "generalAndAdministrativeExpenses": 766300000, "sellingAndMarketingExpenses": 84000000, "sellingGeneralAndAdministrativeExpenses": 850300000, "otherExpenses": -1881200000, "operatingExpenses": -1030900000, "costAndExpenses": -1030900000, "interestIncome": 680900000, "interestExpense": 425900000, "depreciationAndAmortization": 98300000, "ebitda": 918300000, "ebitdaratio": 0.4961370144, "operatingIncome": 820000000, "operatingIncomeRatio": 0.4430277162, "totalOtherIncomeExpensesNet": -425900000, "incomeBeforeTax": 394100000, "incomeBeforeTaxRatio": 0.2129234426, "incomeTaxExpense": 160300000, "netIncome": 233800000, "netIncomeRatio": 0.1263169269, "eps": 0.2, "epsdiluted": 0.19, "weightedAverageShsOut": 1174338000, "weightedAverageShsOutDil": 1210956750, "link": "https://www.sec.gov/Archives/edgar/data/316709/000095014997000663/0000950149-97-000663-index.html", "finalLink": "https://www.sec.gov/Archives/edgar/data/316709/", "calculatedOtherExpenses": 180600000, "calculatedOperatingExpenses": 1030900000, "calculatedNetInterest": 255000000, "calculatedOtherIncome": -680900000, "calculatedIncomeNonControlling": 0, "calculatedEbitda": 918300000}, {"date": "1995-12-31", "symbol": "SCHW", "reportedCurrency": "USD", "cik": "0000316709", "fillingDate": "1996-03-28", "acceptedDate": "1996-03-28 00:00:00", "calendarYear": "1995", "period": "FY", "revenue": 1419900000, "costOfRevenue": 0, "grossProfit": 1419900000, "grossProfitRatio": 1, "researchAndDevelopmentExpenses": 0, "generalAndAdministrativeExpenses": 594100000, "sellingAndMarketingExpenses": 52800000, "sellingGeneralAndAdministrativeExpenses": 646900000, "otherExpenses": -1432500000, "operatingExpenses": -785600000, "costAndExpenses": -785600000, "interestIncome": 568100000, "interestExpense": 357200000, "depreciationAndAmortization": 68700000, "ebitda": 703000000, "ebitdaratio": 0.4951052891, "operatingIncome": 634300000, "operatingIncomeRatio": 0.4467216001, "totalOtherIncomeExpensesNet": -357200000, "incomeBeforeTax": 277100000, "incomeBeforeTaxRatio": 0.1951545884, "incomeTaxExpense": 104500000, "netIncome": 172600000, "netIncomeRatio": 0.1215578562, "eps": 0.15, "epsdiluted": 0.14, "weightedAverageShsOut": 1162923750, "weightedAverageShsOutDil": 1204713000, "link": "https://www.sec.gov/Archives/edgar/data/316709/000031670996000007/0000316709-96-000007-index.html", "finalLink": "https://www.sec.gov/Archives/edgar/data/316709/", "calculatedOtherExpenses": 138700000, "calculatedOperatingExpenses": 785600000, "calculatedNetInterest": 210900000, "calculatedOtherIncome": -568100000, "calculatedIncomeNonControlling": 0, "calculatedEbitda": 703000000}, {"date": "1994-12-31", "symbol": "SCHW", "reportedCurrency": "USD", "cik": "0000316709", "fillingDate": "1995-03-24", "acceptedDate": "1995-03-24 00:00:00", "calendarYear": "1994", "period": "FY", "revenue": 1064600000, "costOfRevenue": 0, "grossProfit": 1064600000, "grossProfitRatio": 1, "researchAndDevelopmentExpenses": 0, "generalAndAdministrativeExpenses": 437100000, "sellingAndMarketingExpenses": 106700000, "sellingGeneralAndAdministrativeExpenses": 543800000, "otherExpenses": -1185900000, "operatingExpenses": -642100000, "costAndExpenses": -642100000, "interestIncome": 362900000, "interestExpense": 198200000, "depreciationAndAmortization": 54600000, "ebitda": 477100000, "ebitdaratio": 0.4481495397, "operatingIncome": 422500000, "operatingIncomeRatio": 0.3968626714, "totalOtherIncomeExpensesNet": -198200000, "incomeBeforeTax": 224300000, "incomeBeforeTaxRatio": 0.2106894608, "incomeTaxExpense": 89000000, "netIncome": 135300000, "netIncomeRatio": 0.1270899868, "eps": 0.0786, "epsdiluted": 0.0763, "weightedAverageShsOut": 1720784250, "weightedAverageShsOutDil": 1773960750, "link": "https://www.sec.gov/Archives/edgar/data/316709/000031670995000002/0000316709-95-000002-index.html", "finalLink": "https://www.sec.gov/Archives/edgar/data/316709/", "calculatedOtherExpenses": 98300000, "calculatedOperatingExpenses": 642100000, "calculatedNetInterest": 164700000, "calculatedOtherIncome": -362900000, "calculatedIncomeNonControlling": 0, "calculatedEbitda": 477100000}, {"date": "1993-12-31", "symbol": "SCHW", "reportedCurrency": "USD", "cik": "0000316709", "fillingDate": "1994-03-30", "acceptedDate": "1994-03-30 00:00:00", "calendarYear": "1993", "period": "FY", "revenue": 965000000, "costOfRevenue": 0, "grossProfit": 965000000, "grossProfitRatio": 1, "researchAndDevelopmentExpenses": 0, "generalAndAdministrativeExpenses": 392800000, "sellingAndMarketingExpenses": 40700000, "sellingGeneralAndAdministrativeExpenses": 433500000, "otherExpenses": -1066500000, "operatingExpenses": -633000000, "costAndExpenses": -633000000, "interestIncome": 252200000, "interestExpense": 132400000, "depreciationAndAmortization": 44400000, "ebitda": 376400000, "ebitdaratio": 0.3900518135, "operatingIncome": 332000000, "operatingIncomeRatio": 0.3440414508, "totalOtherIncomeExpensesNet": -125700000, "incomeBeforeTax": 206300000, "incomeBeforeTaxRatio": 0.2137823834, "incomeTaxExpense": 81900000, "netIncome": 117700000, "netIncomeRatio": 0.1219689119, "eps": 0.09, "epsdiluted": 0.09, "weightedAverageShsOut": 1307777778, "weightedAverageShsOutDil": 1307777778, "link": "https://www.sec.gov/Archives/edgar/data/316709/000095014994000076/0000950149-94-000076-index.html", "finalLink": "https://www.sec.gov/Archives/edgar/data/316709/", "calculatedOtherExpenses": 199500000, "calculatedOperatingExpenses": 633000000, "calculatedNetInterest": 119800000, "calculatedOtherIncome": -245500000, "calculatedIncomeNonControlling": 6700000, "calculatedEbitda": 376400000}, {"date": "1992-12-31", "symbol": "SCHW", "reportedCurrency": "USD", "cik": "0000316709", "fillingDate": "1992-12-31", "acceptedDate": "1992-12-30 19:00:00", "calendarYear": "1992", "period": "FY", "revenue": 749500000, "costOfRevenue": 0, "grossProfit": 749500000, "grossProfitRatio": 1, "researchAndDevelopmentExpenses": 0, "generalAndAdministrativeExpenses": 306600000, "sellingAndMarketingExpenses": 33800000, "sellingGeneralAndAdministrativeExpenses": 340400000, "otherExpenses": -784200000, "operatingExpenses": -443800000, "costAndExpenses": -443800000, "interestIncome": 251000000, "interestExpense": 159500000, "depreciationAndAmortization": 40500000, "ebitda": 346200000, "ebitdaratio": 0.4619079386, "operatingIncome": 305700000, "operatingIncomeRatio": 0.4078719146, "totalOtherIncomeExpensesNet": -159500000, "incomeBeforeTax": 146200000, "incomeBeforeTaxRatio": 0.1950633756, "incomeTaxExpense": 65000000, "netIncome": 81200000, "netIncomeRatio": 0.1083388926, "eps": 0.07, "epsdiluted": 0.07, "weightedAverageShsOut": 1160000000, "weightedAverageShsOutDil": 1160000000, "link": "", "finalLink": "", "calculatedOtherExpenses": 103400000, "calculatedOperatingExpenses": 443800000, "calculatedNetInterest": 91500000, "calculatedOtherIncome": -251000000, "calculatedIncomeNonControlling": 0, "calculatedEbitda": 346200000}, {"date": "1991-12-31", "symbol": "SCHW", "reportedCurrency": "USD", "cik": "0000316709", "fillingDate": "1991-12-31", "acceptedDate": "1991-12-30 19:00:00", "calendarYear": "1991", "period": "FY", "revenue": 569500000, "costOfRevenue": 0, "grossProfit": 569500000, "grossProfitRatio": 1, "researchAndDevelopmentExpenses": 0, "generalAndAdministrativeExpenses": 234400000, "sellingAndMarketingExpenses": 25200000, "sellingGeneralAndAdministrativeExpenses": 259600000, "otherExpenses": -515400000, "operatingExpenses": -255800000, "costAndExpenses": -255800000, "interestIncome": 302200000, "interestExpense": 225600000, "depreciationAndAmortization": 51900000, "ebitda": 365600000, "ebitdaratio": 0.6419666374, "operatingIncome": 313700000, "operatingIncomeRatio": 0.550834065, "totalOtherIncomeExpensesNet": -225600000, "incomeBeforeTax": 88100000, "incomeBeforeTaxRatio": 0.1546971027, "incomeTaxExpense": 38600000, "netIncome": 49500000, "netIncomeRatio": 0.0869183494, "eps": 0.05, "epsdiluted": 0.05, "weightedAverageShsOut": 990000000, "weightedAverageShsOutDil": 990000000, "link": "", "finalLink": "", "calculatedOtherExpenses": -3800000, "calculatedOperatingExpenses": 255800000, "calculatedNetInterest": 76600000, "calculatedOtherIncome": -302200000, "calculatedIncomeNonControlling": 0, "calculatedEbitda": 365600000}, {"date": "1990-12-31", "symbol": "SCHW", "reportedCurrency": "USD", "cik": "0000316709", "fillingDate": "1990-12-31", "acceptedDate": "1990-12-30 19:00:00", "calendarYear": "1990", "period": "FY", "revenue": 387400000, "costOfRevenue": 0, "grossProfit": 387400000, "grossProfitRatio": 1, "researchAndDevelopmentExpenses": 0, "generalAndAdministrativeExpenses": 155100000, "sellingAndMarketingExpenses": 19900000, "sellingGeneralAndAdministrativeExpenses": 175000000, "otherExpenses": -294800000, "operatingExpenses": -119800000, "costAndExpenses": -119800000, "interestIncome": 309500000, "interestExpense": 238500000, "depreciationAndAmortization": 49100000, "ebitda": 316700000, "ebitdaratio": 0.8175012907, "operatingIncome": 267600000, "operatingIncomeRatio": 0.6907589055, "totalOtherIncomeExpensesNet": -238500000, "incomeBeforeTax": 29100000, "incomeBeforeTaxRatio": 0.075116159, "incomeTaxExpense": 12300000, "netIncome": 16800000, "netIncomeRatio": 0.0433660299, "eps": 0.0198, "epsdiluted": 0.0198, "weightedAverageShsOut": 850000000, "weightedAverageShsOutDil": 850000000, "link": "", "finalLink": "", "calculatedOtherExpenses": -55200000, "calculatedOperatingExpenses": 119800000, "calculatedNetInterest": 71000000, "calculatedOtherIncome": -309500000, "calculatedIncomeNonControlling": 0, "calculatedEbitda": 316700000}, {"date": "1989-12-31", "symbol": "SCHW", "reportedCurrency": "USD", "cik": "0000316709", "fillingDate": "1989-12-31", "acceptedDate": "1989-12-30 19:00:00", "calendarYear": "1989", "period": "FY", "revenue": 345900000, "costOfRevenue": 0, "grossProfit": 345900000, "grossProfitRatio": 1, "researchAndDevelopmentExpenses": 0, "generalAndAdministrativeExpenses": 130700000, "sellingAndMarketingExpenses": 18400000, "sellingGeneralAndAdministrativeExpenses": 149100000, "otherExpenses": -254500000, "operatingExpenses": -105400000, "costAndExpenses": -105400000, "interestIncome": 272900000, "interestExpense": 207300000, "depreciationAndAmortization": 52500000, "ebitda": 293000000, "ebitdaratio": 0.8470656259, "operatingIncome": 240500000, "operatingIncomeRatio": 0.6952876554, "totalOtherIncomeExpensesNet": -207300000, "incomeBeforeTax": 33200000, "incomeBeforeTaxRatio": 0.0959814975, "incomeTaxExpense": 14300000, "netIncome": 18900000, "netIncomeRatio": 0.0546400694, "eps": 0.02, "epsdiluted": 0.02, "weightedAverageShsOut": 945000000, "weightedAverageShsOutDil": 945000000, "link": "", "finalLink": "", "calculatedOtherExpenses": -43700000, "calculatedOperatingExpenses": 105400000, "calculatedNetInterest": 65600000, "calculatedOtherIncome": -272900000, "calculatedIncomeNonControlling": 0, "calculatedEbitda": 293000000}, {"date": "1988-12-31", "symbol": "SCHW", "reportedCurrency": "USD", "cik": "0000316709", "fillingDate": "1988-12-31", "acceptedDate": "1988-12-30 19:00:00", "calendarYear": "1988", "period": "FY", "revenue": 0, "costOfRevenue": 0, "grossProfit": 0, "grossProfitRatio": 0, "researchAndDevelopmentExpenses": 0, "generalAndAdministrativeExpenses": 0, "sellingAndMarketingExpenses": 0, "sellingGeneralAndAdministrativeExpenses": 0, "otherExpenses": 7400000, "operatingExpenses": 7400000, "costAndExpenses": 7400000, "interestIncome": 0, "interestExpense": 0, "depreciationAndAmortization": 44000000, "ebitda": 51400000, "ebitdaratio": 0, "operatingIncome": 7400000, "operatingIncomeRatio": 0, "totalOtherIncomeExpensesNet": 0, "incomeBeforeTax": 0, "incomeBeforeTaxRatio": 0, "incomeTaxExpense": 0, "netIncome": 7400000, "netIncomeRatio": 0, "eps": 0.0064, "epsdiluted": 0.0064, "weightedAverageShsOut": 1152494753, "weightedAverageShsOutDil": 1152494753, "link": "", "finalLink": "", "calculatedOtherExpenses": -7400000, "calculatedOperatingExpenses": -7400000, "calculatedNetInterest": 0, "calculatedOtherIncome": -7400000, "calculatedIncomeNonControlling": -7400000, "calculatedEbitda": 51400000}, {"date": "1987-12-31", "symbol": "SCHW", "reportedCurrency": "USD", "cik": "0000316709", "fillingDate": "1987-12-31", "acceptedDate": "1987-12-30 19:00:00", "calendarYear": "1987", "period": "FY", "revenue": 0, "costOfRevenue": 0, "grossProfit": 0, "grossProfitRatio": 0, "researchAndDevelopmentExpenses": 0, "generalAndAdministrativeExpenses": 0, "sellingAndMarketingExpenses": 0, "sellingGeneralAndAdministrativeExpenses": 0, "otherExpenses": 8200000, "operatingExpenses": 8200000, "costAndExpenses": 8200000, "interestIncome": 0, "interestExpense": 0, "depreciationAndAmortization": 38000000, "ebitda": 46200000, "ebitdaratio": 0, "operatingIncome": 8200000, "operatingIncomeRatio": 0, "totalOtherIncomeExpensesNet": 0, "incomeBeforeTax": 0, "incomeBeforeTaxRatio": 0, "incomeTaxExpense": 0, "netIncome": 8200000, "netIncomeRatio": 0, "eps": 0.01, "epsdiluted": 0.01, "weightedAverageShsOut": 820000000, "weightedAverageShsOutDil": 820000000, "link": "", "finalLink": "", "calculatedOtherExpenses": -8200000, "calculatedOperatingExpenses": -8200000, "calculatedNetInterest": 0, "calculatedOtherIncome": -8200000, "calculatedIncomeNonControlling": -8200000, "calculatedEbitda": 46200000}, {"date": "1986-12-31", "symbol": "SCHW", "reportedCurrency": "USD", "cik": "0000316709", "fillingDate": "1986-12-31", "acceptedDate": "1986-12-30 19:00:00", "calendarYear": "1986", "period": "FY", "revenue": 257000000, "costOfRevenue": 0, "grossProfit": 257000000, "grossProfitRatio": 1, "researchAndDevelopmentExpenses": 0, "generalAndAdministrativeExpenses": 168000000, "sellingAndMarketingExpenses": 0, "sellingGeneralAndAdministrativeExpenses": 168000000, "otherExpenses": 9000000, "operatingExpenses": 177000000, "costAndExpenses": 190000000, "interestIncome": 0, "interestExpense": 0, "depreciationAndAmortization": 10000000, "ebitda": 76000000, "ebitdaratio": 0.2957198444, "operatingIncome": 66000000, "operatingIncomeRatio": 0.2568093385, "totalOtherIncomeExpensesNet": 0, "incomeBeforeTax": 66000000, "incomeBeforeTaxRatio": 0.2568093385, "incomeTaxExpense": 34000000, "netIncome": 32000000, "netIncomeRatio": 0.1245136187, "eps": 0.0312, "epsdiluted": 0.0312, "weightedAverageShsOut": 1025000000, "weightedAverageShsOutDil": 1025000000, "link": "", "finalLink": "", "calculatedOtherExpenses": 23000000, "calculatedOperatingExpenses": 191000000, "calculatedNetInterest": 0, "calculatedOtherIncome": 0, "calculatedIncomeNonControlling": 0, "calculatedEbitda": 76000000}, {"date": "1985-12-31", "symbol": "SCHW", "reportedCurrency": "USD", "cik": "0000316709", "fillingDate": "1985-12-31", "acceptedDate": "1985-12-30 19:00:00", "calendarYear": "1985", "period": "FY", "revenue": 160000000, "costOfRevenue": 0, "grossProfit": 160000000, "grossProfitRatio": 1, "researchAndDevelopmentExpenses": 0, "generalAndAdministrativeExpenses": 124000000, "sellingAndMarketingExpenses": 0, "sellingGeneralAndAdministrativeExpenses": 124000000, "otherExpenses": 7000000, "operatingExpenses": 131000000, "costAndExpenses": 139000000, "interestIncome": 0, "interestExpense": 0, "depreciationAndAmortization": 0, "ebitda": 20000000, "ebitdaratio": 0.125, "operatingIncome": 20000000, "operatingIncomeRatio": 0.125, "totalOtherIncomeExpensesNet": 0, "incomeBeforeTax": 20000000, "incomeBeforeTaxRatio": 0.125, "incomeTaxExpense": 9000000, "netIncome": 11000000, "netIncomeRatio": 0.06875, "eps": 0.0107, "epsdiluted": 0.0107, "weightedAverageShsOut": 1025000000, "weightedAverageShsOutDil": 1025000000, "link": "", "finalLink": "", "calculatedOtherExpenses": 16000000, "calculatedOperatingExpenses": 140000000, "calculatedNetInterest": 0, "calculatedOtherIncome": 0, "calculatedIncomeNonControlling": 0, "calculatedEbitda": 20000000}, {"date": "1984-12-31", "symbol": "SCHW", "reportedCurrency": "USD", "cik": "0000316709", "fillingDate": "1984-12-31", "acceptedDate": "1984-12-30 19:00:00", "calendarYear": "1984", "period": "FY", "revenue": 112000000, "costOfRevenue": 0, "grossProfit": 112000000, "grossProfitRatio": 1, "researchAndDevelopmentExpenses": 0, "generalAndAdministrativeExpenses": 104000000, "sellingAndMarketingExpenses": 0, "sellingGeneralAndAdministrativeExpenses": 104000000, "otherExpenses": 6000000, "operatingExpenses": 110000000, "costAndExpenses": 110000000, "interestIncome": 0, "interestExpense": 0, "depreciationAndAmortization": 0, "ebitda": 2000000, "ebitdaratio": 0.0178571429, "operatingIncome": 2000000, "operatingIncomeRatio": 0.0178571429, "totalOtherIncomeExpensesNet": 0, "incomeBeforeTax": 2000000, "incomeBeforeTaxRatio": 0.0178571429, "incomeTaxExpense": 1000000, "netIncome": 1000000, "netIncomeRatio": 0.0089285714, "eps": 0.001, "epsdiluted": 0.001, "weightedAverageShsOut": 1025000000, "weightedAverageShsOutDil": 1025000000, "link": "", "finalLink": "", "calculatedOtherExpenses": 6000000, "calculatedOperatingExpenses": 110000000, "calculatedNetInterest": 0, "calculatedOtherIncome": 0, "calculatedIncomeNonControlling": 0, "calculatedEbitda": 2000000}]}