{"originalCurrency": "USD", "convertedCurrency": "USD", "report": [{"date": "2023-12-31", "symbol": "SCI", "reportedCurrency": "USD", "cik": "0000089089", "fillingDate": "2024-02-13", "acceptedDate": "2024-02-13 17:15:45", "calendarYear": "2023", "period": "FY", "revenue": 4099778000, "costOfRevenue": 3007971000, "grossProfit": 1091807000, "grossProfitRatio": 0.2663088099, "researchAndDevelopmentExpenses": 0, "generalAndAdministrativeExpenses": 157368000, "sellingAndMarketingExpenses": 0, "sellingGeneralAndAdministrativeExpenses": 157368000, "otherExpenses": 4912000, "operatingExpenses": 157368000, "costAndExpenses": 3165339000, "interestIncome": 0, "interestExpense": 239447000, "depreciationAndAmortization": 311242000, "ebitda": 1250593000, "ebitdaratio": 0.3050391997, "operatingIncome": 944255000, "operatingIncomeRatio": 0.2303185685, "totalOtherIncomeExpensesNet": 13614000, "incomeBeforeTax": 708606000, "incomeBeforeTaxRatio": 0.1728400904, "incomeTaxExpense": 170945000, "netIncome": 537317000, "netIncomeRatio": 0.1310600233, "eps": 3.57, "epsdiluted": 3.53, "weightedAverageShsOut": 150565000, "weightedAverageShsOutDil": 152351000, "link": "https://www.sec.gov/Archives/edgar/data/89089/000008908924000011/0000089089-24-000011-index.htm", "finalLink": "https://www.sec.gov/Archives/edgar/data/89089/000008908924000011/sci-20231231.htm", "calculatedOtherExpenses": -9816000, "calculatedOperatingExpenses": 147552000, "calculatedNetInterest": -239447000, "calculatedOtherIncome": 3798000, "calculatedIncomeNonControlling": 344000, "calculatedEbitda": 1255497000}, {"date": "2022-12-31", "symbol": "SCI", "reportedCurrency": "USD", "cik": "0000089089", "fillingDate": "2023-02-15", "acceptedDate": "2023-02-15 17:17:23", "calendarYear": "2022", "period": "FY", "revenue": 4108661000, "costOfRevenue": 2954059000, "grossProfit": 1154602000, "grossProfitRatio": 0.2810166134, "researchAndDevelopmentExpenses": 0, "generalAndAdministrativeExpenses": 237248000, "sellingAndMarketingExpenses": 0, "sellingGeneralAndAdministrativeExpenses": 237248000, "otherExpenses": 1646000, "operatingExpenses": 237248000, "costAndExpenses": 3191307000, "interestIncome": 172109000, "interestExpense": 172109000, "depreciationAndAmortization": 279492000, "ebitda": 1206808000, "ebitdaratio": 0.2937229428, "operatingIncome": 927316000, "operatingIncomeRatio": 0.2256978612, "totalOtherIncomeExpensesNet": -171688000, "incomeBeforeTax": 755628000, "incomeBeforeTaxRatio": 0.1839110114, "incomeTaxExpense": 189594000, "netIncome": 565338000, "netIncomeRatio": 0.1375966525, "eps": 3.58, "epsdiluted": 3.53, "weightedAverageShsOut": 157713000, "weightedAverageShsOutDil": 160131000, "link": "https://www.sec.gov/Archives/edgar/data/89089/000008908923000008/0000089089-23-000008-index.htm", "finalLink": "https://www.sec.gov/Archives/edgar/data/89089/000008908923000008/sci-20221231.htm", "calculatedOtherExpenses": -9962000, "calculatedOperatingExpenses": 227286000, "calculatedNetInterest": 0, "calculatedOtherIncome": -171688000, "calculatedIncomeNonControlling": 696000, "calculatedEbitda": 1206808000}, {"date": "2021-12-31", "symbol": "SCI", "reportedCurrency": "USD", "cik": "0000089089", "fillingDate": "2022-02-15", "acceptedDate": "2022-02-15 17:23:13", "calendarYear": "2021", "period": "FY", "revenue": 4143143000, "costOfRevenue": 2839529000, "grossProfit": 1303614000, "grossProfitRatio": 0.3146437379, "researchAndDevelopmentExpenses": 0, "generalAndAdministrativeExpenses": 138107000, "sellingAndMarketingExpenses": 0, "sellingGeneralAndAdministrativeExpenses": 138107000, "otherExpenses": 10660000, "operatingExpenses": 138107000, "costAndExpenses": 2977636000, "interestIncome": 150610000, "interestExpense": 150610000, "depreciationAndAmortization": 262961000, "ebitda": 1453637000, "ebitdaratio": 0.3508536876, "operatingIncome": 1190676000, "operatingIncomeRatio": 0.2873847222, "totalOtherIncomeExpensesNet": -145176000, "incomeBeforeTax": 1045500000, "incomeBeforeTaxRatio": 0.2523446572, "incomeTaxExpense": 242248000, "netIncome": 802939000, "netIncomeRatio": 0.1937994899, "eps": 4.79, "epsdiluted": 4.72, "weightedAverageShsOut": 167542000, "weightedAverageShsOutDil": 170114000, "link": "https://www.sec.gov/Archives/edgar/data/89089/000008908922000012/0000089089-22-000012-index.htm", "finalLink": "https://www.sec.gov/Archives/edgar/data/89089/000008908922000012/sci-20211231.htm", "calculatedOtherExpenses": -25169000, "calculatedOperatingExpenses": 112938000, "calculatedNetInterest": 0, "calculatedOtherIncome": -145176000, "calculatedIncomeNonControlling": 313000, "calculatedEbitda": 1453637000}, {"date": "2020-12-31", "symbol": "SCI", "reportedCurrency": "USD", "cik": "0000089089", "fillingDate": "2021-02-16", "acceptedDate": "2021-02-16 17:05:31", "calendarYear": "2020", "period": "FY", "revenue": 3511509000, "costOfRevenue": 2534682000, "grossProfit": 976827000, "grossProfitRatio": 0.2781786975, "researchAndDevelopmentExpenses": 0, "generalAndAdministrativeExpenses": 141066000, "sellingAndMarketingExpenses": 0, "sellingGeneralAndAdministrativeExpenses": 141066000, "otherExpenses": 781000, "operatingExpenses": 141066000, "costAndExpenses": 2675748000, "interestIncome": 163063000, "interestExpense": 163063000, "depreciationAndAmortization": 251918000, "ebitda": 1094688000, "ebitdaratio": 0.3117429003, "operatingIncome": 842770000, "operatingIncomeRatio": 0.2400022327, "totalOtherIncomeExpensesNet": -180710000, "incomeBeforeTax": 662060000, "incomeBeforeTaxRatio": 0.1885400265, "incomeTaxExpense": 145923000, "netIncome": 515907000, "netIncomeRatio": 0.1469188887, "eps": 2.92, "epsdiluted": 2.88, "weightedAverageShsOut": 176709000, "weightedAverageShsOutDil": 178990000, "link": "https://www.sec.gov/Archives/edgar/data/89089/000008908921000012/0000089089-21-000012-index.htm", "finalLink": "https://www.sec.gov/Archives/edgar/data/89089/000008908921000012/sci-20201231.htm", "calculatedOtherExpenses": -7009000, "calculatedOperatingExpenses": 134057000, "calculatedNetInterest": 0, "calculatedOtherIncome": -180710000, "calculatedIncomeNonControlling": 230000, "calculatedEbitda": 1094688000}, {"date": "2019-12-31", "symbol": "SCI", "reportedCurrency": "USD", "cik": "0000089089", "fillingDate": "2020-02-18", "acceptedDate": "2020-02-18 17:07:09", "calendarYear": "2019", "period": "FY", "revenue": 3230785000, "costOfRevenue": 2470205000, "grossProfit": 760580000, "grossProfitRatio": 0.23541647, "researchAndDevelopmentExpenses": 0, "generalAndAdministrativeExpenses": 126886000, "sellingAndMarketingExpenses": 0, "sellingGeneralAndAdministrativeExpenses": 126886000, "otherExpenses": 299000, "operatingExpenses": 126886000, "costAndExpenses": 2597091000, "interestIncome": 185843000, "interestExpense": 185843000, "depreciationAndAmortization": 214359000, "ebitda": 880972000, "ebitdaratio": 0.2726804786, "operatingIncome": 666613000, "operatingIncomeRatio": 0.2063315881, "totalOtherIncomeExpensesNet": -202181000, "incomeBeforeTax": 464432000, "incomeBeforeTaxRatio": 0.1437520603, "incomeTaxExpense": 94661000, "netIncome": 369596000, "netIncomeRatio": 0.1143982035, "eps": 2.03, "epsdiluted": 1.99, "weightedAverageShsOut": 182246000, "weightedAverageShsOutDil": 185523000, "link": "https://www.sec.gov/Archives/edgar/data/89089/000008908920000010/0000089089-20-000010-index.htm", "finalLink": "https://www.sec.gov/Archives/edgar/data/89089/000008908920000010/sci-12312019x10k.htm", "calculatedOtherExpenses": -32919000, "calculatedOperatingExpenses": 93967000, "calculatedNetInterest": 0, "calculatedOtherIncome": -202181000, "calculatedIncomeNonControlling": 175000, "calculatedEbitda": 880972000}, {"date": "2018-12-31", "symbol": "SCI", "reportedCurrency": "USD", "cik": "0000089089", "fillingDate": "2019-02-20", "acceptedDate": "2019-02-20 17:17:03", "calendarYear": "2018", "period": "FY", "revenue": 3190174000, "costOfRevenue": 2429852000, "grossProfit": 760322000, "grossProfitRatio": 0.2383324546, "researchAndDevelopmentExpenses": 0, "generalAndAdministrativeExpenses": 145499000, "sellingAndMarketingExpenses": 0, "sellingGeneralAndAdministrativeExpenses": 145499000, "otherExpenses": 2760000, "operatingExpenses": 145499000, "costAndExpenses": 2575351000, "interestIncome": 0, "interestExpense": 181556000, "depreciationAndAmortization": 248485000, "ebitda": 866068000, "ebitdaratio": 0.2714798629, "operatingIncome": 630659000, "operatingIncomeRatio": 0.1976879631, "totalOtherIncomeExpensesNet": 8465000, "incomeBeforeTax": 441732000, "incomeBeforeTaxRatio": 0.1384664285, "incomeTaxExpense": -5826000, "netIncome": 447208000, "netIncomeRatio": 0.1401829493, "eps": 2.45, "epsdiluted": 2.39, "weightedAverageShsOut": 182447000, "weightedAverageShsOutDil": 186972000, "link": "https://www.sec.gov/Archives/edgar/data/89089/000008908919000005/0000089089-19-000005-index.htm", "finalLink": "https://www.sec.gov/Archives/edgar/data/89089/000008908919000005/sci-12312018x10k.htm", "calculatedOtherExpenses": -15836000, "calculatedOperatingExpenses": 129663000, "calculatedNetInterest": -181556000, "calculatedOtherIncome": -7371000, "calculatedIncomeNonControlling": 350000, "calculatedEbitda": 879144000}, {"date": "2017-12-31", "symbol": "SCI", "reportedCurrency": "USD", "cik": "0000089089", "fillingDate": "2018-02-14", "acceptedDate": "2018-02-14 17:38:13", "calendarYear": "2017", "period": "FY", "revenue": 3095031000, "costOfRevenue": 2372842000, "grossProfit": 722189000, "grossProfitRatio": 0.2333382121, "researchAndDevelopmentExpenses": 0, "generalAndAdministrativeExpenses": 154423000, "sellingAndMarketingExpenses": 0, "sellingGeneralAndAdministrativeExpenses": 154423000, "otherExpenses": 460000, "operatingExpenses": 154423000, "costAndExpenses": 2527265000, "interestIncome": 0, "interestExpense": 169125000, "depreciationAndAmortization": 248893000, "ebitda": 817119000, "ebitdaratio": 0.2640099566, "operatingIncome": 569197000, "operatingIncomeRatio": 0.1839067202, "totalOtherIncomeExpensesNet": 1617000, "incomeBeforeTax": 400258000, "incomeBeforeTaxRatio": 0.1293227758, "incomeTaxExpense": -146589000, "netIncome": 546663000, "netIncomeRatio": 0.1766260176, "eps": 2.91, "epsdiluted": 2.84, "weightedAverageShsOut": 187630000, "weightedAverageShsOutDil": 192246000, "link": "https://www.sec.gov/Archives/edgar/data/89089/000008908918000006/0000089089-18-000006-index.htm", "finalLink": "https://www.sec.gov/Archives/edgar/data/89089/000008908918000006/sci-12312017x10k.htm", "calculatedOtherExpenses": -1431000, "calculatedOperatingExpenses": 152992000, "calculatedNetInterest": -169125000, "calculatedOtherIncome": 186000, "calculatedIncomeNonControlling": 184000, "calculatedEbitda": 818090000}, {"date": "2016-12-31", "symbol": "SCI", "reportedCurrency": "USD", "cik": "0000089089", "fillingDate": "2017-02-15", "acceptedDate": "2017-02-15 12:50:32", "calendarYear": "2016", "period": "FY", "revenue": 3031137000, "costOfRevenue": 2354703000, "grossProfit": 676434000, "grossProfitRatio": 0.2231618036, "researchAndDevelopmentExpenses": 0, "generalAndAdministrativeExpenses": 137730000, "sellingAndMarketingExpenses": 0, "sellingGeneralAndAdministrativeExpenses": 137730000, "otherExpenses": -631000, "operatingExpenses": 137730000, "costAndExpenses": 2492433000, "interestIncome": 0, "interestExpense": 162093000, "depreciationAndAmortization": 244934000, "ebitda": 783007000, "ebitdaratio": 0.2583212174, "operatingIncome": 511885000, "operatingIncomeRatio": 0.1688755738, "totalOtherIncomeExpensesNet": -49953000, "incomeBeforeTax": 326658000, "incomeBeforeTaxRatio": 0.1077674813, "incomeTaxExpense": 149353000, "netIncome": 177038000, "netIncomeRatio": 0.058406466, "eps": 0.92, "epsdiluted": 0.9, "weightedAverageShsOut": 193086000, "weightedAverageShsOutDil": 196042000, "link": "https://www.sec.gov/Archives/edgar/data/89089/000008908917000006/0000089089-17-000006-index.htm", "finalLink": "https://www.sec.gov/Archives/edgar/data/89089/000008908917000006/sci-12312016x10k.htm", "calculatedOtherExpenses": 26819000, "calculatedOperatingExpenses": 164549000, "calculatedNetInterest": -162093000, "calculatedOtherIncome": -23134000, "calculatedIncomeNonControlling": 267000, "calculatedEbitda": 756819000}, {"date": "2015-12-31", "symbol": "SCI", "reportedCurrency": "USD", "cik": "0000089089", "fillingDate": "2016-02-18", "acceptedDate": "2016-02-17 21:49:46", "calendarYear": "2015", "period": "FY", "revenue": 2986380000, "costOfRevenue": 2314435000, "grossProfit": 671945000, "grossProfitRatio": 0.2250031811, "researchAndDevelopmentExpenses": 0, "generalAndAdministrativeExpenses": 128188000, "sellingAndMarketingExpenses": 0, "sellingGeneralAndAdministrativeExpenses": 128188000, "otherExpenses": -113000, "operatingExpenses": 128188000, "costAndExpenses": 2442623000, "interestIncome": 0, "interestExpense": 172897000, "depreciationAndAmortization": 235322000, "ebitda": 778966000, "ebitdaratio": 0.2608395449, "operatingIncome": 550279000, "operatingIncomeRatio": 0.1842628868, "totalOtherIncomeExpensesNet": -509000, "incomeBeforeTax": 370351000, "incomeBeforeTaxRatio": 0.124013354, "incomeTaxExpense": 135027000, "netIncome": 233772000, "netIncomeRatio": 0.0782793884, "eps": 1.17, "epsdiluted": 1.14, "weightedAverageShsOut": 200356000, "weightedAverageShsOutDil": 204450000, "link": "https://www.sec.gov/Archives/edgar/data/89089/000008908916000035/0000089089-16-000035-index.htm", "finalLink": "https://www.sec.gov/Archives/edgar/data/89089/000008908916000035/sci-12312015x10k.htm", "calculatedOtherExpenses": -6522000, "calculatedOperatingExpenses": 121666000, "calculatedNetInterest": -172897000, "calculatedOtherIncome": -7031000, "calculatedIncomeNonControlling": 1552000, "calculatedEbitda": 785601000}, {"date": "2014-12-31", "symbol": "SCI", "reportedCurrency": "USD", "cik": "0000089089", "fillingDate": "2015-02-13", "acceptedDate": "2015-02-13 16:04:01", "calendarYear": "2014", "period": "FY", "revenue": 2994012000, "costOfRevenue": 2318199000, "grossProfit": 675813000, "grossProfitRatio": 0.2257215402, "researchAndDevelopmentExpenses": 0, "generalAndAdministrativeExpenses": 184877000, "sellingAndMarketingExpenses": 0, "sellingGeneralAndAdministrativeExpenses": 184877000, "otherExpenses": 1780000, "operatingExpenses": 184877000, "costAndExpenses": 2503076000, "interestIncome": 0, "interestExpense": 177571000, "depreciationAndAmortization": 237081000, "ebitda": 729797000, "ebitdaratio": 0.243752196, "operatingIncome": 607549000, "operatingIncomeRatio": 0.2029213644, "totalOtherIncomeExpensesNet": 89235000, "incomeBeforeTax": 402600000, "incomeBeforeTaxRatio": 0.1344683989, "incomeTaxExpense": 225980000, "netIncome": 172469000, "netIncomeRatio": 0.0576046455, "eps": 0.82, "epsdiluted": 0.81, "weightedAverageShsOut": 210741000, "weightedAverageShsOutDil": 214200000, "link": "https://www.sec.gov/Archives/edgar/data/89089/000008908915000001/0000089089-15-000001-index.htm", "finalLink": "https://www.sec.gov/Archives/edgar/data/89089/000008908915000001/sci-12312014x10k.htm", "calculatedOtherExpenses": -116613000, "calculatedOperatingExpenses": 68264000, "calculatedNetInterest": -177571000, "calculatedOtherIncome": -27378000, "calculatedIncomeNonControlling": 4151000, "calculatedEbitda": 844630000}, {"date": "2013-12-31", "symbol": "SCI", "reportedCurrency": "USD", "cik": "0000089089", "fillingDate": "2014-02-14", "acceptedDate": "2014-02-14 15:37:47", "calendarYear": "2013", "period": "FY", "revenue": 2556382000, "costOfRevenue": 2006813000, "grossProfit": 549569000, "grossProfitRatio": 0.2149792167, "researchAndDevelopmentExpenses": 0, "generalAndAdministrativeExpenses": 155136000, "sellingAndMarketingExpenses": 0, "sellingGeneralAndAdministrativeExpenses": 155136000, "otherExpenses": -559000, "operatingExpenses": 155136000, "costAndExpenses": 2161949000, "interestIncome": 0, "interestExpense": 142360000, "depreciationAndAmortization": 192805000, "ebitda": 586679000, "ebitdaratio": 0.2294958265, "operatingIncome": 388170000, "operatingIncomeRatio": 0.1518435038, "totalOtherIncomeExpensesNet": -6354000, "incomeBeforeTax": 245719000, "incomeBeforeTaxRatio": 0.0961198287, "incomeTaxExpense": 96615000, "netIncome": 143848000, "netIncomeRatio": 0.0562701505, "eps": 0.68, "epsdiluted": 0.67, "weightedAverageShsOut": 211811000, "weightedAverageShsOutDil": 216014000, "link": "https://www.sec.gov/Archives/edgar/data/89089/000008908914000002/0000089089-14-000002-index.htm", "finalLink": "https://www.sec.gov/Archives/edgar/data/89089/000008908914000002/sci-12312013x10k.htm", "calculatedOtherExpenses": 6263000, "calculatedOperatingExpenses": 161399000, "calculatedNetInterest": -142360000, "calculatedOtherIncome": -91000, "calculatedIncomeNonControlling": 5256000, "calculatedEbitda": 580975000}, {"date": "2012-12-31", "symbol": "SCI", "reportedCurrency": "USD", "cik": "0000089089", "fillingDate": "2013-02-13", "acceptedDate": "2013-02-13 14:38:30", "calendarYear": "2012", "period": "FY", "revenue": 2410481000, "costOfRevenue": 1885254000, "grossProfit": 525227000, "grossProfitRatio": 0.2178930263, "researchAndDevelopmentExpenses": 0, "generalAndAdministrativeExpenses": 123905000, "sellingAndMarketingExpenses": 0, "sellingGeneralAndAdministrativeExpenses": 123905000, "otherExpenses": 3668000, "operatingExpenses": 123905000, "costAndExpenses": 2009159000, "interestIncome": 0, "interestExpense": 135068000, "depreciationAndAmortization": 189056000, "ebitda": 594046000, "ebitdaratio": 0.2464429299, "operatingIncome": 399789000, "operatingIncomeRatio": 0.1658544498, "totalOtherIncomeExpensesNet": -20571000, "incomeBeforeTax": 245683000, "incomeBeforeTaxRatio": 0.1019228113, "incomeTaxExpense": 91548000, "netIncome": 152546000, "netIncomeRatio": 0.0632844648, "eps": 0.71, "epsdiluted": 0.7, "weightedAverageShsOut": 215712000, "weightedAverageShsOutDil": 219066000, "link": "https://www.sec.gov/Archives/edgar/data/89089/000008908913000003/0000089089-13-000003-index.htm", "finalLink": "https://www.sec.gov/Archives/edgar/data/89089/000008908913000003/sci-12312012x10k.htm", "calculatedOtherExpenses": 1533000, "calculatedOperatingExpenses": 125438000, "calculatedNetInterest": -135068000, "calculatedOtherIncome": -19038000, "calculatedIncomeNonControlling": 1589000, "calculatedEbitda": 588845000}, {"date": "2011-12-31", "symbol": "SCI", "reportedCurrency": "USD", "cik": "0000089089", "fillingDate": "2012-02-13", "acceptedDate": "2012-02-13 16:51:42", "calendarYear": "2011", "period": "FY", "revenue": 2316040000, "costOfRevenue": 1837504000, "grossProfit": 478536000, "grossProfitRatio": 0.2066181931, "researchAndDevelopmentExpenses": 0, "generalAndAdministrativeExpenses": 103860000, "sellingAndMarketingExpenses": 0, "sellingGeneralAndAdministrativeExpenses": 103860000, "otherExpenses": 0, "operatingExpenses": 114837000, "costAndExpenses": 1952341000, "interestIncome": 84652000, "interestExpense": 133782000, "depreciationAndAmortization": 183684000, "ebitda": 547383000, "ebitdaratio": 0.2363443637, "operatingIncome": 363699000, "operatingIncomeRatio": 0.1570348526, "totalOtherIncomeExpensesNet": -4281000, "incomeBeforeTax": 225636000, "incomeBeforeTaxRatio": 0.0974231879, "incomeTaxExpense": 79404000, "netIncome": 144903000, "netIncomeRatio": 0.0625649816, "eps": 0.62, "epsdiluted": 0.61, "weightedAverageShsOut": 234242000, "weightedAverageShsOutDil": 236669000, "link": "https://www.sec.gov/Archives/edgar/data/89089/000008908912000005/0000089089-12-000005-index.htm", "finalLink": "https://www.sec.gov/Archives/edgar/data/89089/000008908912000005/sci-12312011x10k.htm", "calculatedOtherExpenses": 10977000, "calculatedOperatingExpenses": 114837000, "calculatedNetInterest": -49130000, "calculatedOtherIncome": -88933000, "calculatedIncomeNonControlling": 1329000, "calculatedEbitda": 547383000}, {"date": "2010-12-31", "symbol": "SCI", "reportedCurrency": "USD", "cik": "0000089089", "fillingDate": "2011-02-14", "acceptedDate": "2011-02-14 18:59:57", "calendarYear": "2010", "period": "FY", "revenue": 2190552000, "costOfRevenue": 1741329000, "grossProfit": 449223000, "grossProfitRatio": 0.2050729679, "researchAndDevelopmentExpenses": 0, "generalAndAdministrativeExpenses": 103689000, "sellingAndMarketingExpenses": 0, "sellingGeneralAndAdministrativeExpenses": 103689000, "otherExpenses": 0, "operatingExpenses": 103689000, "costAndExpenses": 1845018000, "interestIncome": 75391000, "interestExpense": 128196000, "depreciationAndAmortization": 174006000, "ebitda": 519540000, "ebitdaratio": 0.2371730961, "operatingIncome": 354046000, "operatingIncomeRatio": 0.1616241021, "totalOtherIncomeExpensesNet": 2121000, "incomeBeforeTax": 219459000, "incomeBeforeTaxRatio": 0.1001843371, "incomeTaxExpense": 92458000, "netIncome": 126417000, "netIncomeRatio": 0.0577101114, "eps": 0.51, "epsdiluted": 0.5, "weightedAverageShsOut": 248871000, "weightedAverageShsOutDil": 250602000, "link": "https://www.sec.gov/Archives/edgar/data/89089/000095012311013833/0000950123-11-013833-index.htm", "finalLink": "https://www.sec.gov/Archives/edgar/data/89089/000095012311013833/h78443e10vk.htm", "calculatedOtherExpenses": -8512000, "calculatedOperatingExpenses": 95177000, "calculatedNetInterest": -52805000, "calculatedOtherIncome": -81782000, "calculatedIncomeNonControlling": 584000, "calculatedEbitda": 528052000}, {"date": "2009-12-31", "symbol": "SCI", "reportedCurrency": "USD", "cik": "0000089089", "fillingDate": "2010-02-26", "acceptedDate": "2010-02-25 21:44:23", "calendarYear": "2009", "period": "FY", "revenue": 2053520000, "costOfRevenue": 1632336000, "grossProfit": 421184000, "grossProfitRatio": 0.2051034322, "researchAndDevelopmentExpenses": 0, "generalAndAdministrativeExpenses": 102290000, "sellingAndMarketingExpenses": 0, "sellingGeneralAndAdministrativeExpenses": 102290000, "otherExpenses": -740000, "operatingExpenses": 97297000, "costAndExpenses": 1729633000, "interestIncome": 0, "interestExpense": 128981000, "depreciationAndAmortization": 163464000, "ebitda": 487351000, "ebitdaratio": 0.2373246913, "operatingIncome": 323887000, "operatingIncomeRatio": 0.1577228369, "totalOtherIncomeExpensesNet": 4462000, "incomeBeforeTax": 199368000, "incomeBeforeTaxRatio": 0.0970859792, "incomeTaxExpense": 76275000, "netIncome": 123098000, "netIncomeRatio": 0.0599448751, "eps": 0.49, "epsdiluted": 0.49, "weightedAverageShsOut": 251709000, "weightedAverageShsOutDil": 252484000, "link": "https://www.sec.gov/Archives/edgar/data/89089/000095012310017351/0000950123-10-017351-index.htm", "finalLink": "https://www.sec.gov/Archives/edgar/data/89089/000095012310017351/h69695e10vk.htm", "calculatedOtherExpenses": -4993000, "calculatedOperatingExpenses": 97297000, "calculatedNetInterest": -128981000, "calculatedOtherIncome": 4462000, "calculatedIncomeNonControlling": -5000, "calculatedEbitda": 487351000}, {"date": "2008-12-31", "symbol": "SCI", "reportedCurrency": "USD", "cik": "0000089089", "fillingDate": "2009-03-02", "acceptedDate": "2009-03-02 06:15:38", "calendarYear": "2008", "period": "FY", "revenue": 2155622000, "costOfRevenue": 1736851000, "grossProfit": 418771000, "grossProfitRatio": 0.1942692179, "researchAndDevelopmentExpenses": 0, "generalAndAdministrativeExpenses": 87447000, "sellingAndMarketingExpenses": 0, "sellingGeneralAndAdministrativeExpenses": 87447000, "otherExpenses": 2528000, "operatingExpenses": 1862950000, "costAndExpenses": 1862950000, "interestIncome": 5393000, "interestExpense": 134274000, "depreciationAndAmortization": 174056000, "ebitda": 472121000, "ebitdaratio": 0.219018455, "operatingIncome": 292672000, "operatingIncomeRatio": 0.135771485, "totalOtherIncomeExpensesNet": -629000, "incomeBeforeTax": 163162000, "incomeBeforeTaxRatio": 0.0756913782, "incomeTaxExpense": 65717000, "netIncome": 97083000, "netIncomeRatio": 0.0450371169, "eps": 0.38, "epsdiluted": 0.37, "weightedAverageShsOut": 257477000, "weightedAverageShsOutDil": 260446000, "link": "https://www.sec.gov/Archives/edgar/data/89089/000095013409004094/0000950134-09-004094-index.htm", "finalLink": "https://www.sec.gov/Archives/edgar/data/89089/000095013409004094/h65877e10vk.htm", "calculatedOtherExpenses": 38652000, "calculatedOperatingExpenses": 126099000, "calculatedNetInterest": -128881000, "calculatedOtherIncome": -629000, "calculatedIncomeNonControlling": 362000, "calculatedEbitda": 466728000}, {"date": "2007-12-31", "symbol": "SCI", "reportedCurrency": "USD", "cik": "0000089089", "fillingDate": "2008-03-03", "acceptedDate": "2008-03-03 06:04:05", "calendarYear": "2007", "period": "FY", "revenue": 2285303000, "costOfRevenue": 1816803000, "grossProfit": 468500000, "grossProfitRatio": 0.2050056382, "researchAndDevelopmentExpenses": 0, "generalAndAdministrativeExpenses": 137406000, "sellingAndMarketingExpenses": 0, "sellingGeneralAndAdministrativeExpenses": 137406000, "otherExpenses": 1848000, "operatingExpenses": 139254000, "costAndExpenses": 1956057000, "interestIncome": 11725000, "interestExpense": -216568000, "depreciationAndAmortization": 172514000, "ebitda": 347345000, "ebitdaratio": 0.1519907863, "operatingIncome": 346166000, "operatingIncomeRatio": 0.151474881, "totalOtherIncomeExpensesNet": 191022000, "incomeBeforeTax": 386987000, "incomeBeforeTaxRatio": 0.1693372826, "incomeTaxExpense": 143670000, "netIncome": 247729000, "netIncomeRatio": 0.1084009429, "eps": 0.87, "epsdiluted": 0.85, "weightedAverageShsOut": 284966000, "weightedAverageShsOutDil": 290444000, "link": "https://www.sec.gov/Archives/edgar/data/89089/000095012908001405/0000950129-08-001405-index.htm", "finalLink": "https://www.sec.gov/Archives/edgar/data/89089/000095012908001405/h54273e10vk.htm", "calculatedOtherExpenses": -15072000, "calculatedOperatingExpenses": 122334000, "calculatedNetInterest": 228293000, "calculatedOtherIncome": -187472000, "calculatedIncomeNonControlling": -4412000, "calculatedEbitda": 518680000}, {"date": "2006-12-31", "symbol": "SCI", "reportedCurrency": "USD", "cik": "0000089089", "fillingDate": "2007-03-01", "acceptedDate": "2007-02-28 17:52:02", "calendarYear": "2006", "period": "FY", "revenue": 1747295000, "costOfRevenue": 1402627000, "grossProfit": 344668000, "grossProfitRatio": 0.1972580474, "researchAndDevelopmentExpenses": 0, "generalAndAdministrativeExpenses": 94900000, "sellingAndMarketingExpenses": 0, "sellingGeneralAndAdministrativeExpenses": 94900000, "otherExpenses": 39957000, "operatingExpenses": 134857000, "costAndExpenses": 1537484000, "interestIncome": 31171000, "interestExpense": 168546000, "depreciationAndAmortization": 141275000, "ebitda": 411177000, "ebitdaratio": 0.2353220263, "operatingIncome": 191085000, "operatingIncomeRatio": 0.1093604686, "totalOtherIncomeExpensesNet": -60091000, "incomeBeforeTax": 97449000, "incomeBeforeTaxRatio": 0.0557713494, "incomeTaxExpense": 44845000, "netIncome": 56511000, "netIncomeRatio": 0.0323419915, "eps": 0.19, "epsdiluted": 0.19, "weightedAverageShsOut": 292859000, "weightedAverageShsOutDil": 297371000, "link": "https://www.sec.gov/Archives/edgar/data/89089/000095012907001051/0000950129-07-001051-index.htm", "finalLink": "https://www.sec.gov/Archives/edgar/data/89089/000095012907001051/h43626e10vk.htm", "calculatedOtherExpenses": 58683000, "calculatedOperatingExpenses": 153583000, "calculatedNetInterest": -137375000, "calculatedOtherIncome": 43739000, "calculatedIncomeNonControlling": -3907000, "calculatedEbitda": 332360000}, {"date": "2005-12-31", "symbol": "SCI", "reportedCurrency": "USD", "cik": "0000089089", "fillingDate": "2006-03-06", "acceptedDate": "2006-03-03 21:50:00", "calendarYear": "2005", "period": "FY", "revenue": 1715605000, "costOfRevenue": 1416778000, "grossProfit": 298827000, "grossProfitRatio": 0.1741817027, "researchAndDevelopmentExpenses": 0, "generalAndAdministrativeExpenses": 84812000, "sellingAndMarketingExpenses": 0, "sellingGeneralAndAdministrativeExpenses": 84812000, "otherExpenses": -14258000, "operatingExpenses": 70554000, "costAndExpenses": 1487332000, "interestIncome": 16706000000, "interestExpense": 358458000, "depreciationAndAmortization": 87449000, "ebitda": 353299000, "ebitdaratio": 0.205932601, "operatingIncome": 187922000, "operatingIncomeRatio": 0.1095368689, "totalOtherIncomeExpensesNet": -37577000, "incomeBeforeTax": 90807000, "incomeBeforeTaxRatio": 0.0529300159, "incomeTaxExpense": 34122000, "netIncome": -126730000, "netIncomeRatio": -0.073868985, "eps": -0.42, "epsdiluted": -0.41, "weightedAverageShsOut": 302213000, "weightedAverageShsOutDil": 306745000, "link": "https://www.sec.gov/Archives/edgar/data/89089/000095012906002253/0000950129-06-002253-index.htm", "finalLink": "https://www.sec.gov/Archives/edgar/data/89089/000095012906002253/h33422e10vk.htm", "calculatedOtherExpenses": 26093000, "calculatedOperatingExpenses": 110905000, "calculatedNetInterest": 16347542000, "calculatedOtherIncome": -16444657000, "calculatedIncomeNonControlling": 183415000, "calculatedEbitda": 275371000}, {"date": "2004-12-31", "symbol": "SCI", "reportedCurrency": "USD", "cik": "0000089089", "fillingDate": "2005-03-31", "acceptedDate": "2005-03-31 17:14:57", "calendarYear": "2004", "period": "FY", "revenue": 1859308000, "costOfRevenue": 1524810000, "grossProfit": 334498000, "grossProfitRatio": 0.1799045666, "researchAndDevelopmentExpenses": 0, "generalAndAdministrativeExpenses": 130896000, "sellingAndMarketingExpenses": 0, "sellingGeneralAndAdministrativeExpenses": 130896000, "otherExpenses": -26044000, "operatingExpenses": 104852000, "costAndExpenses": 1629662000, "interestIncome": 0, "interestExpense": 40873000, "depreciationAndAmortization": 145293000, "ebitda": 293652000, "ebitdaratio": 0.1579361784, "operatingIncome": 229646000, "operatingIncomeRatio": 0.123511543, "totalOtherIncomeExpensesNet": 81287000, "incomeBeforeTax": 110798000, "incomeBeforeTaxRatio": 0.0595909876, "incomeTaxExpense": -6213000, "netIncome": 113699000, "netIncomeRatio": 0.0611512455, "eps": 0.35, "epsdiluted": 0.34, "weightedAverageShsOut": 316174286, "weightedAverageShsOutDil": 325473529, "link": "https://www.sec.gov/Archives/edgar/data/89089/000095012905003137/0000950129-05-003137-index.htm", "finalLink": "https://www.sec.gov/Archives/edgar/data/89089/000095012905003137/h23508e10vk.htm", "calculatedOtherExpenses": -26044000, "calculatedOperatingExpenses": 104852000, "calculatedNetInterest": -40873000, "calculatedOtherIncome": -77975000, "calculatedIncomeNonControlling": 3312000, "calculatedEbitda": 374939000}, {"date": "2003-12-31", "symbol": "SCI", "reportedCurrency": "USD", "cik": "0000089089", "fillingDate": "2004-03-15", "acceptedDate": "2004-03-15 09:18:58", "calendarYear": "2003", "period": "FY", "revenue": 2341651000, "costOfRevenue": 1975853000, "grossProfit": 365798000, "grossProfitRatio": 0.1562137142, "researchAndDevelopmentExpenses": 0, "generalAndAdministrativeExpenses": 178101000, "sellingAndMarketingExpenses": 0, "sellingGeneralAndAdministrativeExpenses": 178101000, "otherExpenses": -41346000, "operatingExpenses": 136755000, "costAndExpenses": 2112608000, "interestIncome": 0, "interestExpense": 44648000, "depreciationAndAmortization": 161058000, "ebitda": 320039000, "ebitdaratio": 0.1366723735, "operatingIncome": 229043000, "operatingIncomeRatio": 0.0978126117, "totalOtherIncomeExpensesNet": 70062000, "incomeBeforeTax": 114333000, "incomeBeforeTaxRatio": 0.0488258071, "incomeTaxExpense": 29251000, "netIncome": 85082000, "netIncomeRatio": 0.0363341933, "eps": 0.28, "epsdiluted": 0.28, "weightedAverageShsOut": 303864286, "weightedAverageShsOutDil": 303864286, "link": "https://www.sec.gov/Archives/edgar/data/89089/000095012904001284/0000950129-04-001284-index.htm", "finalLink": "https://www.sec.gov/Archives/edgar/data/89089/000095012904001284/h13416e10vk.txt", "calculatedOtherExpenses": -41346000, "calculatedOperatingExpenses": 136755000, "calculatedNetInterest": -44648000, "calculatedOtherIncome": -70062000, "calculatedIncomeNonControlling": 0, "calculatedEbitda": 390101000}, {"date": "2002-12-31", "symbol": "SCI", "reportedCurrency": "USD", "cik": "0000089089", "fillingDate": "2003-03-17", "acceptedDate": "2003-03-17 08:03:44", "calendarYear": "2002", "period": "FY", "revenue": 2272423000, "costOfRevenue": 1908508000, "grossProfit": 363915000, "grossProfitRatio": 0.1601440401, "researchAndDevelopmentExpenses": 0, "generalAndAdministrativeExpenses": 89752000, "sellingAndMarketingExpenses": 0, "sellingGeneralAndAdministrativeExpenses": 89752000, "otherExpenses": 289054000, "operatingExpenses": 378806000, "costAndExpenses": 2287314000, "interestIncome": 0, "interestExpense": 510361000, "depreciationAndAmortization": 128546000, "ebitda": 367287000, "ebitdaratio": 0.1616279187, "operatingIncome": -14891000, "operatingIncomeRatio": -0.0065529173, "totalOtherIncomeExpensesNet": -253632000, "incomeBeforeTax": -140963000, "incomeBeforeTaxRatio": -0.0620320248, "incomeTaxExpense": -39740000, "netIncome": -231880000, "netIncomeRatio": -0.1020408612, "eps": -0.8, "epsdiluted": -0.8, "weightedAverageShsOut": 290607500, "weightedAverageShsOutDil": 290607500, "link": "https://www.sec.gov/Archives/edgar/data/89089/000095012903001392/0000950129-03-001392-index.htm", "finalLink": "https://www.sec.gov/Archives/edgar/data/89089/000095012903001392/h02718e10vk.txt", "calculatedOtherExpenses": 289054000, "calculatedOperatingExpenses": 378806000, "calculatedNetInterest": -510361000, "calculatedOtherIncome": 384289000, "calculatedIncomeNonControlling": 130657000, "calculatedEbitda": 113655000}, {"date": "2001-12-31", "symbol": "SCI", "reportedCurrency": "USD", "cik": "0000089089", "fillingDate": "2002-03-28", "acceptedDate": "2002-03-28 00:00:00", "calendarYear": "2001", "period": "FY", "revenue": 2510343000, "costOfRevenue": 2150957000, "grossProfit": 359386000, "grossProfitRatio": 0.1431621097, "researchAndDevelopmentExpenses": 0, "generalAndAdministrativeExpenses": 70309000, "sellingAndMarketingExpenses": 0, "sellingGeneralAndAdministrativeExpenses": 70309000, "otherExpenses": 0, "operatingExpenses": 70309000, "costAndExpenses": 2221266000, "interestIncome": 0, "interestExpense": 1438553000, "depreciationAndAmortization": 193937000, "ebitda": 1095893000, "ebitdaratio": 0.4365511008, "operatingIncome": -355070000, "operatingIncomeRatio": -0.1414428228, "totalOtherIncomeExpensesNet": -612879000, "incomeBeforeTax": -535428000, "incomeBeforeTaxRatio": -0.2132887817, "incomeTaxExpense": 61199000, "netIncome": -597796000, "netIncomeRatio": -0.2381331953, "eps": -2.09, "epsdiluted": -2.09, "weightedAverageShsOut": 285981651, "weightedAverageShsOutDil": 285981651, "link": "https://www.sec.gov/Archives/edgar/data/89089/000095012902001557/0000950129-02-001557-index.htm", "finalLink": "https://www.sec.gov/Archives/edgar/data/89089/000095012902001557/h95011e10-k.txt", "calculatedOtherExpenses": 644147000, "calculatedOperatingExpenses": 714456000, "calculatedNetInterest": -1438553000, "calculatedOtherIncome": 1258195000, "calculatedIncomeNonControlling": 1169000, "calculatedEbitda": -161133000}, {"date": "2000-12-31", "symbol": "SCI", "reportedCurrency": "USD", "cik": "0000089089", "fillingDate": "2001-03-30", "acceptedDate": "2001-03-30 00:00:00", "calendarYear": "2000", "period": "FY", "revenue": 2564730000, "costOfRevenue": 2013059000, "grossProfit": 551671000, "grossProfitRatio": 0.2150990553, "researchAndDevelopmentExpenses": 0, "generalAndAdministrativeExpenses": 79932000, "sellingAndMarketingExpenses": 0, "sellingGeneralAndAdministrativeExpenses": 79932000, "otherExpenses": 224031000, "operatingExpenses": 303963000, "costAndExpenses": 2317022000, "interestIncome": 0, "interestExpense": 2165554000, "depreciationAndAmortization": 224031000, "ebitda": 954879000, "ebitdaratio": 0.3723117053, "operatingIncome": 247708000, "operatingIncomeRatio": 0.0965824863, "totalOtherIncomeExpensesNet": -483140000, "incomeBeforeTax": -516978000, "incomeBeforeTaxRatio": -0.2015720953, "incomeTaxExpense": -91455000, "netIncome": -1343251000, "netIncomeRatio": -0.5237397309, "eps": -4.75, "epsdiluted": -4.75, "weightedAverageShsOut": 282789684, "weightedAverageShsOutDil": 282789684, "link": "https://www.sec.gov/Archives/edgar/data/89089/000095012901001808/0000950129-01-001808-index.htm", "finalLink": "https://www.sec.gov/Archives/edgar/data/89089/000095012901001808/h85072e10-k.txt", "calculatedOtherExpenses": 224031000, "calculatedOperatingExpenses": 303963000, "calculatedNetInterest": -2165554000, "calculatedOtherIncome": 1400868000, "calculatedIncomeNonControlling": 917728000, "calculatedEbitda": 471739000}, {"date": "1999-12-31", "symbol": "SCI", "reportedCurrency": "USD", "cik": "0000089089", "fillingDate": "2000-03-30", "acceptedDate": "2000-03-30 00:00:00", "calendarYear": "1999", "period": "FY", "revenue": 3321800000, "costOfRevenue": 2456000000, "grossProfit": 865800000, "grossProfitRatio": 0.2606418207, "researchAndDevelopmentExpenses": 0, "generalAndAdministrativeExpenses": 82600000, "sellingAndMarketingExpenses": 0, "sellingGeneralAndAdministrativeExpenses": 82600000, "otherExpenses": 252100000, "operatingExpenses": 334700000, "costAndExpenses": 2790700000, "interestIncome": 0, "interestExpense": 897500000, "depreciationAndAmortization": 252100000, "ebitda": 1113800000, "ebitdaratio": 0.3353001385, "operatingIncome": 531100000, "operatingIncomeRatio": 0.1598831959, "totalOtherIncomeExpensesNet": -330600000, "incomeBeforeTax": -37700000, "incomeBeforeTaxRatio": -0.0113492685, "incomeTaxExpense": -3400000, "netIncome": -32400000, "netIncomeRatio": -0.009753748, "eps": -0.12, "epsdiluted": -0.12, "weightedAverageShsOut": 272281000, "weightedAverageShsOutDil": 273792000, "link": "https://www.sec.gov/Archives/edgar/data/89089/000095012900001534/0000950129-00-001534-index.html", "finalLink": "https://www.sec.gov/Archives/edgar/data/89089/000095012900001534/", "calculatedOtherExpenses": 252100000, "calculatedOperatingExpenses": 334700000, "calculatedNetInterest": -897500000, "calculatedOtherIncome": 328700000, "calculatedIncomeNonControlling": -1900000, "calculatedEbitda": 783200000}, {"date": "1998-12-31", "symbol": "SCI", "reportedCurrency": "USD", "cik": "0000089089", "fillingDate": "1999-03-31", "acceptedDate": "1999-03-31 00:00:00", "calendarYear": "1998", "period": "FY", "revenue": 2875100000, "costOfRevenue": 1954000000, "grossProfit": 921100000, "grossProfitRatio": 0.3203714653, "researchAndDevelopmentExpenses": 0, "generalAndAdministrativeExpenses": 66800000, "sellingAndMarketingExpenses": 0, "sellingGeneralAndAdministrativeExpenses": 66800000, "otherExpenses": 202300000, "operatingExpenses": 269100000, "costAndExpenses": 2223100000, "interestIncome": 0, "interestExpense": 89900000, "depreciationAndAmortization": 202300000, "ebitda": 810700000, "ebitdaratio": 0.2819728009, "operatingIncome": 652000000, "operatingIncomeRatio": 0.2267747209, "totalOtherIncomeExpensesNet": 43600000, "incomeBeforeTax": 518500000, "incomeBeforeTaxRatio": 0.1803415533, "incomeTaxExpense": 176400000, "netIncome": 342100000, "netIncomeRatio": 0.1189871657, "eps": 1.34, "epsdiluted": 1.31, "weightedAverageShsOut": 256271000, "weightedAverageShsOutDil": 262520000, "link": "https://www.sec.gov/Archives/edgar/data/89089/000095012999001326/0000950129-99-001326-index.html", "finalLink": "https://www.sec.gov/Archives/edgar/data/89089/", "calculatedOtherExpenses": 202300000, "calculatedOperatingExpenses": 269100000, "calculatedNetInterest": -89900000, "calculatedOtherIncome": -43600000, "calculatedIncomeNonControlling": 0, "calculatedEbitda": 854300000}, {"date": "1997-12-31", "symbol": "SCI", "reportedCurrency": "USD", "cik": "0000089089", "fillingDate": "1998-03-30", "acceptedDate": "1998-03-30 00:00:00", "calendarYear": "1997", "period": "FY", "revenue": 2468400000, "costOfRevenue": 1623200000, "grossProfit": 845200000, "grossProfitRatio": 0.3424080376, "researchAndDevelopmentExpenses": 0, "generalAndAdministrativeExpenses": 66800000, "sellingAndMarketingExpenses": 0, "sellingGeneralAndAdministrativeExpenses": 66800000, "otherExpenses": 157600000, "operatingExpenses": 224400000, "costAndExpenses": 1847600000, "interestIncome": 0, "interestExpense": -14300000, "depreciationAndAmortization": 157600000, "ebitda": 682500000, "ebitdaratio": 0.2764948955, "operatingIncome": 620800000, "operatingIncomeRatio": 0.2514989467, "totalOtherIncomeExpensesNet": 95900000, "incomeBeforeTax": 580000000, "incomeBeforeTaxRatio": 0.2349700211, "incomeTaxExpense": 205400000, "netIncome": 333800000, "netIncomeRatio": 0.1352292983, "eps": 1.36, "epsdiluted": 1.31, "weightedAverageShsOut": 245441176, "weightedAverageShsOutDil": 254809160, "link": "https://www.sec.gov/Archives/edgar/data/89089/0000950129-98-001298-index.html", "finalLink": "https://www.sec.gov/Archives/edgar/data/89089/0000950129-98-001298.txt", "calculatedOtherExpenses": 157600000, "calculatedOperatingExpenses": 224400000, "calculatedNetInterest": 14300000, "calculatedOtherIncome": -55100000, "calculatedIncomeNonControlling": 40800000, "calculatedEbitda": 778400000}, {"date": "1996-12-31", "symbol": "SCI", "reportedCurrency": "USD", "cik": "0000089089", "fillingDate": "1997-03-28", "acceptedDate": "1997-03-28 00:00:00", "calendarYear": "1996", "period": "FY", "revenue": 2294200000, "costOfRevenue": 1559900000, "grossProfit": 734300000, "grossProfitRatio": 0.3200679976, "researchAndDevelopmentExpenses": 0, "generalAndAdministrativeExpenses": 63200000, "sellingAndMarketingExpenses": 0, "sellingGeneralAndAdministrativeExpenses": 63200000, "otherExpenses": 129800000, "operatingExpenses": 193000000, "costAndExpenses": 1752900000, "interestIncome": 0, "interestExpense": 116200000, "depreciationAndAmortization": 129800000, "ebitda": 659900000, "ebitdaratio": 0.2876383925, "operatingIncome": 541300000, "operatingIncomeRatio": 0.2359428123, "totalOtherIncomeExpensesNet": 11200000, "incomeBeforeTax": 413900000, "incomeBeforeTaxRatio": 0.1804114724, "incomeTaxExpense": 148600000, "netIncome": 265300000, "netIncomeRatio": 0.1156394386, "eps": 1.13, "epsdiluted": 1.08, "weightedAverageShsOut": 234778761, "weightedAverageShsOutDil": 245648148, "link": "https://www.sec.gov/Archives/edgar/data/89089/000095012997001336/0000950129-97-001336-index.html", "finalLink": "https://www.sec.gov/Archives/edgar/data/89089/", "calculatedOtherExpenses": 129800000, "calculatedOperatingExpenses": 193000000, "calculatedNetInterest": -116200000, "calculatedOtherIncome": -11200000, "calculatedIncomeNonControlling": 0, "calculatedEbitda": 671100000}, {"date": "1995-12-31", "symbol": "SCI", "reportedCurrency": "USD", "cik": "0000089089", "fillingDate": "1996-03-29", "acceptedDate": "1996-03-29 00:00:00", "calendarYear": "1995", "period": "FY", "revenue": 1652100000, "costOfRevenue": 1088500000, "grossProfit": 563600000, "grossProfitRatio": 0.3411415774, "researchAndDevelopmentExpenses": 0, "generalAndAdministrativeExpenses": 53600000, "sellingAndMarketingExpenses": 0, "sellingGeneralAndAdministrativeExpenses": 53600000, "otherExpenses": 98400000, "operatingExpenses": 152000000, "costAndExpenses": 1240500000, "interestIncome": 0, "interestExpense": 116700000, "depreciationAndAmortization": 98400000, "ebitda": 509300000, "ebitdaratio": 0.3082743175, "operatingIncome": 411600000, "operatingIncomeRatio": 0.2491374614, "totalOtherIncomeExpensesNet": 700000, "incomeBeforeTax": 294200000, "incomeBeforeTaxRatio": 0.1780763876, "incomeTaxExpense": 110600000, "netIncome": 183600000, "netIncomeRatio": 0.1111312875, "eps": 0.92, "epsdiluted": 0.86, "weightedAverageShsOut": 199565217, "weightedAverageShsOutDil": 213488372, "link": "https://www.sec.gov/Archives/edgar/data/89089/000095012996000511/0000950129-96-000511-index.html", "finalLink": "https://www.sec.gov/Archives/edgar/data/89089/", "calculatedOtherExpenses": 98400000, "calculatedOperatingExpenses": 152000000, "calculatedNetInterest": -116700000, "calculatedOtherIncome": -700000, "calculatedIncomeNonControlling": 0, "calculatedEbitda": 510000000}, {"date": "1994-12-31", "symbol": "SCI", "reportedCurrency": "USD", "cik": "0000089089", "fillingDate": "1995-03-31", "acceptedDate": "1995-03-31 00:00:00", "calendarYear": "1994", "period": "FY", "revenue": 1117200000, "costOfRevenue": 699900000, "grossProfit": 417300000, "grossProfitRatio": 0.3735230934, "researchAndDevelopmentExpenses": 0, "generalAndAdministrativeExpenses": 51700000, "sellingAndMarketingExpenses": 0, "sellingGeneralAndAdministrativeExpenses": 51700000, "otherExpenses": 76100000, "operatingExpenses": 127800000, "costAndExpenses": 827700000, "interestIncome": 0, "interestExpense": 60900000, "depreciationAndAmortization": 76100000, "ebitda": 356000000, "ebitdaratio": 0.3186537773, "operatingIncome": 289500000, "operatingIncomeRatio": 0.2591299678, "totalOtherIncomeExpensesNet": 9600000, "incomeBeforeTax": 219000000, "incomeBeforeTaxRatio": 0.1960257787, "incomeTaxExpense": 88000000, "netIncome": 131000000, "netIncomeRatio": 0.1172574293, "eps": 0.76, "epsdiluted": 0.72, "weightedAverageShsOut": 173509934, "weightedAverageShsOutDil": 173852000, "link": "https://www.sec.gov/Archives/edgar/data/89089/0000950129-95-000273-index.html", "finalLink": "https://www.sec.gov/Archives/edgar/data/89089/0000950129-95-000273.txt", "calculatedOtherExpenses": 76100000, "calculatedOperatingExpenses": 127800000, "calculatedNetInterest": -60900000, "calculatedOtherIncome": -9600000, "calculatedIncomeNonControlling": 0, "calculatedEbitda": 365600000}, {"date": "1993-12-31", "symbol": "SCI", "reportedCurrency": "USD", "cik": "0000089089", "fillingDate": "1994-03-31", "acceptedDate": "1994-03-31 00:00:00", "calendarYear": "1993", "period": "FY", "revenue": 899200000, "costOfRevenue": 577700000, "grossProfit": 321500000, "grossProfitRatio": 0.3575400356, "researchAndDevelopmentExpenses": 0, "generalAndAdministrativeExpenses": 0, "sellingAndMarketingExpenses": 0, "sellingGeneralAndAdministrativeExpenses": 43700000, "otherExpenses": 58200000, "operatingExpenses": 101900000, "costAndExpenses": 679600000, "interestIncome": 0, "interestExpense": 34600000, "depreciationAndAmortization": 58200000, "ebitda": 264300000, "ebitdaratio": 0.2939279359, "operatingIncome": 219600000, "operatingIncomeRatio": 0.2442170819, "totalOtherIncomeExpensesNet": 13500000, "incomeBeforeTax": 173500000, "incomeBeforeTaxRatio": 0.1929492883, "incomeTaxExpense": 70400000, "netIncome": 101100000, "netIncomeRatio": 0.112433274, "eps": 0.61, "epsdiluted": 0.58, "weightedAverageShsOut": 165737705, "weightedAverageShsOutDil": 174310345, "link": "https://www.sec.gov/Archives/edgar/data/89089/000095012994000258/0000950129-94-000258-index.html", "finalLink": "https://www.sec.gov/Archives/edgar/data/89089/", "calculatedOtherExpenses": 58200000, "calculatedOperatingExpenses": 101900000, "calculatedNetInterest": -34600000, "calculatedOtherIncome": -11500000, "calculatedIncomeNonControlling": 2000000, "calculatedEbitda": 277800000}, {"date": "1992-12-31", "symbol": "SCI", "reportedCurrency": "USD", "cik": "0000089089", "fillingDate": "1992-12-31", "acceptedDate": "1992-12-31 00:00:00", "calendarYear": "1992", "period": "FY", "revenue": 772500000, "costOfRevenue": 503100000, "grossProfit": 269400000, "grossProfitRatio": 0.3487378641, "researchAndDevelopmentExpenses": 0, "generalAndAdministrativeExpenses": 0, "sellingAndMarketingExpenses": 0, "sellingGeneralAndAdministrativeExpenses": 38700000, "otherExpenses": 47400000, "operatingExpenses": 86100000, "costAndExpenses": 589200000, "interestIncome": 0, "interestExpense": 34100000, "depreciationAndAmortization": 47400000, "ebitda": 220800000, "ebitdaratio": 0.2858252427, "operatingIncome": 183300000, "operatingIncomeRatio": 0.2372815534, "totalOtherIncomeExpensesNet": 9900000, "incomeBeforeTax": 139300000, "incomeBeforeTaxRatio": 0.1803236246, "incomeTaxExpense": 52800000, "netIncome": 86500000, "netIncomeRatio": 0.11197411, "eps": 0.57, "epsdiluted": 0.54, "weightedAverageShsOut": 151754386, "weightedAverageShsOutDil": 160185185, "link": null, "finalLink": null, "calculatedOtherExpenses": 47400000, "calculatedOperatingExpenses": 86100000, "calculatedNetInterest": -34100000, "calculatedOtherIncome": -9900000, "calculatedIncomeNonControlling": 0, "calculatedEbitda": 230700000}, {"date": "1991-12-31", "symbol": "SCI", "reportedCurrency": "USD", "cik": "0000089089", "fillingDate": "1991-12-31", "acceptedDate": "1991-12-31 00:00:00", "calendarYear": "1991", "period": "FY", "revenue": 643200000, "costOfRevenue": 429800000, "grossProfit": 213400000, "grossProfitRatio": 0.331778607, "researchAndDevelopmentExpenses": 0, "generalAndAdministrativeExpenses": 0, "sellingAndMarketingExpenses": 0, "sellingGeneralAndAdministrativeExpenses": 35400000, "otherExpenses": 35000000, "operatingExpenses": 70400000, "costAndExpenses": 500200000, "interestIncome": 0, "interestExpense": 25900000, "depreciationAndAmortization": 35000000, "ebitda": 169800000, "ebitdaratio": 0.2639925373, "operatingIncome": 143000000, "operatingIncomeRatio": 0.2223258706, "totalOtherIncomeExpensesNet": 8200000, "incomeBeforeTax": 108900000, "incomeBeforeTaxRatio": 0.1693097015, "incomeTaxExpense": 35500000, "netIncome": 73400000, "netIncomeRatio": 0.1141169154, "eps": 0.52, "epsdiluted": 0.52, "weightedAverageShsOut": 141153846, "weightedAverageShsOutDil": 141153846, "link": null, "finalLink": null, "calculatedOtherExpenses": 35000000, "calculatedOperatingExpenses": 70400000, "calculatedNetInterest": -25900000, "calculatedOtherIncome": -8200000, "calculatedIncomeNonControlling": 0, "calculatedEbitda": 178000000}, {"date": "1990-12-31", "symbol": "SCI", "reportedCurrency": "USD", "cik": "0000089089", "fillingDate": "1990-12-31", "acceptedDate": "1990-12-31 00:00:00", "calendarYear": "1990", "period": "FY", "revenue": 563200000, "costOfRevenue": 386000000, "grossProfit": 177200000, "grossProfitRatio": 0.3146306818, "researchAndDevelopmentExpenses": 0, "generalAndAdministrativeExpenses": 0, "sellingAndMarketingExpenses": 0, "sellingGeneralAndAdministrativeExpenses": 28000000, "otherExpenses": 27200000, "operatingExpenses": 55200000, "costAndExpenses": 441200000, "interestIncome": 0, "interestExpense": 9000000, "depreciationAndAmortization": 27200000, "ebitda": 135600000, "ebitdaratio": 0.2407670455, "operatingIncome": 122000000, "operatingIncomeRatio": 0.2166193182, "totalOtherIncomeExpensesNet": 13600000, "incomeBeforeTax": 99400000, "incomeBeforeTaxRatio": 0.1764914773, "incomeTaxExpense": 35900000, "netIncome": 63500000, "netIncomeRatio": 0.1127485795, "eps": 0.43, "epsdiluted": 0.43, "weightedAverageShsOut": 140000000, "weightedAverageShsOutDil": 140000000, "link": null, "finalLink": null, "calculatedOtherExpenses": 27200000, "calculatedOperatingExpenses": 55200000, "calculatedNetInterest": -9000000, "calculatedOtherIncome": -13600000, "calculatedIncomeNonControlling": 0, "calculatedEbitda": 149200000}, {"date": "1989-12-31", "symbol": "SCI", "reportedCurrency": "USD", "cik": "0000089089", "fillingDate": "1989-12-31", "acceptedDate": "1989-12-31 00:00:00", "calendarYear": "1989", "period": "FY", "revenue": 518800000, "costOfRevenue": 361800000, "grossProfit": 157000000, "grossProfitRatio": 0.3026214341, "researchAndDevelopmentExpenses": 0, "generalAndAdministrativeExpenses": 0, "sellingAndMarketingExpenses": 0, "sellingGeneralAndAdministrativeExpenses": 28400000, "otherExpenses": 24200000, "operatingExpenses": 52600000, "costAndExpenses": 414400000, "interestIncome": 0, "interestExpense": 4000000, "depreciationAndAmortization": 24200000, "ebitda": 115800000, "ebitdaratio": 0.2232074017, "operatingIncome": 104400000, "operatingIncomeRatio": 0.201233616, "totalOtherIncomeExpensesNet": 12800000, "incomeBeforeTax": 84600000, "incomeBeforeTaxRatio": 0.1630686199, "incomeTaxExpense": 31000000, "netIncome": 56600000, "netIncomeRatio": 0.1090979183, "eps": 0.12, "epsdiluted": 0.12, "weightedAverageShsOut": 142142857, "weightedAverageShsOutDil": 142142857, "link": null, "finalLink": null, "calculatedOtherExpenses": 24200000, "calculatedOperatingExpenses": 52600000, "calculatedNetInterest": -4000000, "calculatedOtherIncome": -15800000, "calculatedIncomeNonControlling": -3000000, "calculatedEbitda": 128600000}, {"date": "1988-12-31", "symbol": "SCI", "reportedCurrency": "USD", "cik": "0000089089", "fillingDate": "1988-12-31", "acceptedDate": "1988-12-31 00:00:00", "calendarYear": "1988", "period": "FY", "revenue": 462600000, "costOfRevenue": 389300000, "grossProfit": 73300000, "grossProfitRatio": 0.1584522265, "researchAndDevelopmentExpenses": 0, "generalAndAdministrativeExpenses": 0, "sellingAndMarketingExpenses": 0, "sellingGeneralAndAdministrativeExpenses": 19600000, "otherExpenses": 31100000, "operatingExpenses": 50700000, "costAndExpenses": 440000000, "interestIncome": 0, "interestExpense": 10400000, "depreciationAndAmortization": 31100000, "ebitda": 47300000, "ebitdaratio": 0.1022481626, "operatingIncome": 22600000, "operatingIncomeRatio": 0.0488543018, "totalOtherIncomeExpensesNet": 6400000, "incomeBeforeTax": 5800000, "incomeBeforeTaxRatio": 0.0125378297, "incomeTaxExpense": 1300000, "netIncome": 4500000, "netIncomeRatio": 0.0097276265, "eps": 0.03, "epsdiluted": 0.03, "weightedAverageShsOut": 150000000, "weightedAverageShsOutDil": 150000000, "link": null, "finalLink": null, "calculatedOtherExpenses": 31100000, "calculatedOperatingExpenses": 50700000, "calculatedNetInterest": -10400000, "calculatedOtherIncome": -6400000, "calculatedIncomeNonControlling": 0, "calculatedEbitda": 53700000}, {"date": "1987-12-31", "symbol": "SCI", "reportedCurrency": "USD", "cik": "0000089089", "fillingDate": "1988-04-30", "acceptedDate": "1988-04-29 20:00:00", "calendarYear": "1987", "period": "FY", "revenue": 540000000, "costOfRevenue": 369200000, "grossProfit": 170800000, "grossProfitRatio": 0.3162962963, "researchAndDevelopmentExpenses": 0, "generalAndAdministrativeExpenses": 0, "sellingAndMarketingExpenses": 0, "sellingGeneralAndAdministrativeExpenses": 57600000, "otherExpenses": 0, "operatingExpenses": 87500000, "costAndExpenses": 456700000, "interestIncome": 0, "interestExpense": 0, "depreciationAndAmortization": 29900000, "ebitda": 73800000, "ebitdaratio": 0.1366666667, "operatingIncome": 83300000, "operatingIncomeRatio": 0.1542592593, "totalOtherIncomeExpensesNet": 39400000, "incomeBeforeTax": 99200000, "incomeBeforeTaxRatio": 0.1837037037, "incomeTaxExpense": 35700000, "netIncome": 63500000, "netIncomeRatio": 0.1175925926, "eps": 0.45, "epsdiluted": 0.45, "weightedAverageShsOut": 141111111, "weightedAverageShsOutDil": 141111111, "link": null, "finalLink": null, "calculatedOtherExpenses": 29900000, "calculatedOperatingExpenses": 87500000, "calculatedNetInterest": 0, "calculatedOtherIncome": 15900000, "calculatedIncomeNonControlling": 0, "calculatedEbitda": 113200000}, {"date": "1986-12-31", "symbol": "SCI", "reportedCurrency": "USD", "cik": "0000089089", "fillingDate": "1987-04-30", "acceptedDate": "1987-04-30 00:00:00", "calendarYear": "1986", "period": "FY", "revenue": 372200000, "costOfRevenue": 263800000, "grossProfit": 108400000, "grossProfitRatio": 0.2912412681, "researchAndDevelopmentExpenses": 0, "generalAndAdministrativeExpenses": 0, "sellingAndMarketingExpenses": 0, "sellingGeneralAndAdministrativeExpenses": 43000000, "otherExpenses": 17100000, "operatingExpenses": 60100000, "costAndExpenses": 323900000, "interestIncome": 0, "interestExpense": -90400000, "depreciationAndAmortization": 17100000, "ebitda": 12700000, "ebitdaratio": 0.0341214401, "operatingIncome": 48300000, "operatingIncomeRatio": 0.1297689414, "totalOtherIncomeExpensesNet": 52700000, "incomeBeforeTax": 86000000, "incomeBeforeTaxRatio": 0.2310585707, "incomeTaxExpense": 34400000, "netIncome": 51600000, "netIncomeRatio": 0.1386351424, "eps": 0.41, "epsdiluted": 0.41, "weightedAverageShsOut": 125853659, "weightedAverageShsOutDil": 125853659, "link": null, "finalLink": null, "calculatedOtherExpenses": 17100000, "calculatedOperatingExpenses": 60100000, "calculatedNetInterest": 90400000, "calculatedOtherIncome": -52700000, "calculatedIncomeNonControlling": 0, "calculatedEbitda": 65400000}, {"date": "1985-12-31", "symbol": "SCI", "reportedCurrency": "USD", "cik": "0000089089", "fillingDate": "1986-04-30", "acceptedDate": "1986-04-30 00:00:00", "calendarYear": "1985", "period": "FY", "revenue": 253800000, "costOfRevenue": 172100000, "grossProfit": 81700000, "grossProfitRatio": 0.3219070134, "researchAndDevelopmentExpenses": 0, "generalAndAdministrativeExpenses": 0, "sellingAndMarketingExpenses": 0, "sellingGeneralAndAdministrativeExpenses": 29600000, "otherExpenses": 11700000, "operatingExpenses": 41300000, "costAndExpenses": 213400000, "interestIncome": 0, "interestExpense": -54800000, "depreciationAndAmortization": 11700000, "ebitda": 21400000, "ebitdaratio": 0.0843183609, "operatingIncome": 40400000, "operatingIncomeRatio": 0.1591804571, "totalOtherIncomeExpensesNet": 30700000, "incomeBeforeTax": 64500000, "incomeBeforeTaxRatio": 0.2541371158, "incomeTaxExpense": 23500000, "netIncome": 41000000, "netIncomeRatio": 0.1615445232, "eps": 0.35, "epsdiluted": 0.35, "weightedAverageShsOut": 117142857, "weightedAverageShsOutDil": 117142857, "link": null, "finalLink": null, "calculatedOtherExpenses": 11700000, "calculatedOperatingExpenses": 41300000, "calculatedNetInterest": 54800000, "calculatedOtherIncome": -30700000, "calculatedIncomeNonControlling": 0, "calculatedEbitda": 52100000}]}