{"originalCurrency": "USD", "convertedCurrency": "USD", "report": [{"date": "2023-12-31", "symbol": "SE", "reportedCurrency": "USD", "cik": "0001703399", "fillingDate": "2024-04-26", "acceptedDate": "2024-04-26 16:06:32", "calendarYear": "2023", "period": "FY", "revenue": 13080625501, "costOfRevenue": 7354337759, "grossProfit": 5726287742, "grossProfitRatio": 0.4377686481, "researchAndDevelopmentExpenses": 1153437820, "generalAndAdministrativeExpenses": 1134724000, "sellingAndMarketingExpenses": 2779223000, "sellingGeneralAndAdministrativeExpenses": 4451059027, "otherExpenses": 0, "operatingExpenses": 5604496848, "costAndExpenses": 12958834608, "interestIncome": 331310000, "interestExpense": 41075000, "depreciationAndAmortization": 441420895, "ebitda": 563211790, "ebitdaratio": 0.0430569463, "operatingIncome": 121790890, "operatingIncomeRatio": 0.0093107849, "totalOtherIncomeExpensesNet": 304126779, "incomeBeforeTax": 425917669, "incomeBeforeTaxRatio": 0.0325609558, "incomeTaxExpense": 263023150, "netIncome": 150726000, "netIncomeRatio": 0.0115228435, "eps": 0.27, "epsdiluted": 0.25, "weightedAverageShsOut": 566612815, "weightedAverageShsOutDil": 594405604, "link": "https://www.sec.gov/Archives/edgar/data/1703399/000114036124022429/0001140361-24-022429-index.htm", "finalLink": "https://www.sec.gov/Archives/edgar/data/1703399/000114036124022429/ef20015280_20f.htm", "calculatedOtherExpenses": 5, "calculatedOperatingExpenses": 5604496852, "calculatedNetInterest": 290235000, "calculatedOtherIncome": 13891779, "calculatedIncomeNonControlling": 12168519, "calculatedEbitda": 563211785}, {"date": "2022-12-31", "symbol": "SE", "reportedCurrency": "USD", "cik": "0001703399", "fillingDate": "2023-04-06", "acceptedDate": "2023-04-06 16:11:47", "calendarYear": "2022", "period": "FY", "revenue": 12449705000, "costOfRevenue": 7264428000, "grossProfit": 5185277000, "grossProfitRatio": 0.4164979813, "researchAndDevelopmentExpenses": 1376501000, "generalAndAdministrativeExpenses": 1437612000, "sellingAndMarketingExpenses": 3269223000, "sellingGeneralAndAdministrativeExpenses": 4706835000, "otherExpenses": 234506000, "operatingExpenses": 6317842000, "costAndExpenses": 13582270000, "interestIncome": 115515000, "interestExpense": 45396000, "depreciationAndAmortization": 115515000, "ebitda": -1017050000, "ebitdaratio": -0.0816926987, "operatingIncome": -1132565000, "operatingIncomeRatio": -0.0909712318, "totalOtherIncomeExpensesNet": -367968000, "incomeBeforeTax": -1500533000, "incomeBeforeTaxRatio": -0.1205275948, "incomeTaxExpense": 168395000, "netIncome": -1668928000, "netIncomeRatio": -0.1340536181, "eps": -2.99, "epsdiluted": -2.99, "weightedAverageShsOut": 558119948, "weightedAverageShsOutDil": 558119948, "link": "https://www.sec.gov/Archives/edgar/data/1703399/000114036123017021/0001140361-23-017021-index.htm", "finalLink": "https://www.sec.gov/Archives/edgar/data/1703399/000114036123017021/brhc10050860_20f.htm", "calculatedOtherExpenses": 234506000, "calculatedOperatingExpenses": 6317842000, "calculatedNetInterest": 70119000, "calculatedOtherIncome": -438087000, "calculatedIncomeNonControlling": 0, "calculatedEbitda": -1017050000}, {"date": "2021-12-31", "symbol": "SE", "reportedCurrency": "USD", "cik": "0001703399", "fillingDate": "2022-04-22", "acceptedDate": "2022-04-22 16:25:14", "calendarYear": "2021", "period": "FY", "revenue": 9955190000, "costOfRevenue": 6059455000, "grossProfit": 3895735000, "grossProfitRatio": 0.3913270365, "researchAndDevelopmentExpenses": 831703000, "generalAndAdministrativeExpenses": 1105295000, "sellingAndMarketingExpenses": 3829743000, "sellingGeneralAndAdministrativeExpenses": 4935038000, "otherExpenses": -287946000, "operatingExpenses": 5478795000, "costAndExpenses": 11538250000, "interestIncome": 36082000, "interestExpense": 138945000, "depreciationAndAmortization": 36082000, "ebitda": -1546978000, "ebitdaratio": -0.1553941211, "operatingIncome": -1583060000, "operatingIncomeRatio": -0.1590185622, "totalOtherIncomeExpensesNet": -132124000, "incomeBeforeTax": -1715184000, "incomeBeforeTaxRatio": -0.1722904334, "incomeTaxExpense": 332865000, "netIncome": -2048049000, "netIncomeRatio": -0.2057267616, "eps": -3.84, "epsdiluted": -3.84, "weightedAverageShsOut": 532705795, "weightedAverageShsOutDil": 532705795, "link": "https://www.sec.gov/Archives/edgar/data/1703399/000114036122015578/0001140361-22-015578-index.htm", "finalLink": "https://www.sec.gov/Archives/edgar/data/1703399/000114036122015578/brhc10036000_20f.htm", "calculatedOtherExpenses": -287946000, "calculatedOperatingExpenses": 5478795000, "calculatedNetInterest": -102863000, "calculatedOtherIncome": -29261000, "calculatedIncomeNonControlling": 0, "calculatedEbitda": -1546978000}, {"date": "2020-12-31", "symbol": "SE", "reportedCurrency": "USD", "cik": "0001703399", "fillingDate": "2021-04-16", "acceptedDate": "2021-04-16 16:14:04", "calendarYear": "2020", "period": "FY", "revenue": 4375664000, "costOfRevenue": 3026759000, "grossProfit": 1348905000, "grossProfitRatio": 0.3082743556, "researchAndDevelopmentExpenses": 353785000, "generalAndAdministrativeExpenses": 657215000, "sellingAndMarketingExpenses": 1830875000, "sellingGeneralAndAdministrativeExpenses": 2488090000, "otherExpenses": -189645000, "operatingExpenses": 2652230000, "costAndExpenses": 5678989000, "interestIncome": 24804000, "interestExpense": 148243000, "depreciationAndAmortization": 24717000, "ebitda": -1278608000, "ebitdaratio": -0.2922089082, "operatingIncome": -1303325000, "operatingIncomeRatio": -0.2978576509, "totalOtherIncomeExpensesNet": -179913000, "incomeBeforeTax": -1483238000, "incomeBeforeTaxRatio": -0.3389743819, "incomeTaxExpense": 141640000, "netIncome": -1624878000, "netIncomeRatio": -0.3713443263, "eps": -3.4, "epsdiluted": -3.4, "weightedAverageShsOut": 477264888, "weightedAverageShsOutDil": 477264888, "link": "https://www.sec.gov/Archives/edgar/data/1703399/000114036121013089/0001140361-21-013089-index.htm", "finalLink": "https://www.sec.gov/Archives/edgar/data/1703399/000114036121013089/brhc10022673_20f.htm", "calculatedOtherExpenses": -189645000, "calculatedOperatingExpenses": 2652230000, "calculatedNetInterest": -123439000, "calculatedOtherIncome": -56474000, "calculatedIncomeNonControlling": 0, "calculatedEbitda": -1278608000}, {"date": "2019-12-31", "symbol": "SE", "reportedCurrency": "USD", "cik": "0001703399", "fillingDate": "2020-04-14", "acceptedDate": "2020-04-14 16:12:29", "calendarYear": "2019", "period": "FY", "revenue": 2175378000, "costOfRevenue": 1570458000, "grossProfit": 604920000, "grossProfitRatio": 0.2780758103, "researchAndDevelopmentExpenses": 156634000, "generalAndAdministrativeExpenses": 385865000, "sellingAndMarketingExpenses": 969543000, "sellingGeneralAndAdministrativeExpenses": 1355408000, "otherExpenses": -15890000, "operatingExpenses": 1496152000, "costAndExpenses": 3066610000, "interestIncome": 33935000, "interestExpense": 48208000, "depreciationAndAmortization": -438942000, "ebitda": -1330174000, "ebitdaratio": -0.611467984, "operatingIncome": -891232000, "operatingIncomeRatio": -0.4096906377, "totalOtherIncomeExpensesNet": -477387000, "incomeBeforeTax": -1368619000, "incomeBeforeTaxRatio": -0.6291407746, "incomeTaxExpense": 85864000, "netIncome": -1454483000, "netIncomeRatio": -0.668611616, "eps": -3.33, "epsdiluted": -3.33, "weightedAverageShsOut": 436601801, "weightedAverageShsOutDil": 436601801, "link": "https://www.sec.gov/Archives/edgar/data/1703399/000114036120008832/0001140361-20-008832-index.htm", "finalLink": "https://www.sec.gov/Archives/edgar/data/1703399/000114036120008832/form20f.htm", "calculatedOtherExpenses": -15890000, "calculatedOperatingExpenses": 1496152000, "calculatedNetInterest": -14273000, "calculatedOtherIncome": -463114000, "calculatedIncomeNonControlling": 0, "calculatedEbitda": -1330174000}, {"date": "2018-12-31", "symbol": "SE", "reportedCurrency": "USD", "cik": "0001703399", "fillingDate": "2019-03-01", "acceptedDate": "2019-03-01 16:11:12", "calendarYear": "2018", "period": "FY", "revenue": 826968000, "costOfRevenue": 812210000, "grossProfit": 14758000, "grossProfitRatio": 0.0178459142, "researchAndDevelopmentExpenses": 67529000, "generalAndAdministrativeExpenses": 240781000, "sellingAndMarketingExpenses": 705015000, "sellingGeneralAndAdministrativeExpenses": 945796000, "otherExpenses": 41259000, "operatingExpenses": 1003526000, "costAndExpenses": 1815736000, "interestIncome": 11520000, "interestExpense": 31295000, "depreciationAndAmortization": 78728000, "ebitda": -935989000, "ebitdaratio": -1.131832187, "operatingIncome": -988768000, "operatingIncomeRatio": -1.1956544872, "totalOtherIncomeExpensesNet": 54663000, "incomeBeforeTax": -953880000, "incomeBeforeTaxRatio": -1.1534666396, "incomeTaxExpense": 4088000, "netIncome": -961241000, "netIncomeRatio": -1.1623678304, "eps": -2.84, "epsdiluted": -2.84, "weightedAverageShsOut": 338472987, "weightedAverageShsOutDil": 338472987, "link": "https://www.sec.gov/Archives/edgar/data/1703399/000114420419011639/0001144204-19-011639-index.htm", "finalLink": "https://www.sec.gov/Archives/edgar/data/1703399/000114420419011639/tv512574_20f.htm", "calculatedOtherExpenses": -9799000, "calculatedOperatingExpenses": 1003526000, "calculatedNetInterest": -19775000, "calculatedOtherIncome": 54663000, "calculatedIncomeNonControlling": 3273000, "calculatedEbitda": -910040000}, {"date": "2017-12-31", "symbol": "SE", "reportedCurrency": "USD", "cik": "0001703399", "fillingDate": "2018-04-11", "acceptedDate": "2018-04-10 21:32:38", "calendarYear": "2017", "period": "FY", "revenue": 414190000, "costOfRevenue": 326878000, "grossProfit": 87312000, "grossProfitRatio": 0.2108018059, "researchAndDevelopmentExpenses": 29323000, "generalAndAdministrativeExpenses": 137868000, "sellingAndMarketingExpenses": 425974000, "sellingGeneralAndAdministrativeExpenses": 563842000, "otherExpenses": -51950000, "operatingExpenses": 589668000, "costAndExpenses": 916546000, "interestIncome": 2922000, "interestExpense": 26501000, "depreciationAndAmortization": 40922000, "ebitda": -551384000, "ebitdaratio": -1.3312344576, "operatingIncome": -502356000, "operatingIncomeRatio": -1.2128636616, "totalOtherIncomeExpensesNet": -22574000, "incomeBeforeTax": -548509000, "incomeBeforeTaxRatio": -1.3242931988, "incomeTaxExpense": 10745000, "netIncome": -560485000, "netIncomeRatio": -1.3532074652, "eps": -2.72, "epsdiluted": -2.72, "weightedAverageShsOut": 205727195, "weightedAverageShsOutDil": 205727195, "link": "https://www.sec.gov/Archives/edgar/data/1703399/000119312518113294/0001193125-18-113294-index.htm", "finalLink": "https://www.sec.gov/Archives/edgar/data/1703399/000119312518113294/d414468d20f.htm", "calculatedOtherExpenses": -3497000, "calculatedOperatingExpenses": 589668000, "calculatedNetInterest": -23579000, "calculatedOtherIncome": -22574000, "calculatedIncomeNonControlling": 1231000, "calculatedEbitda": -461434000}, {"date": "2016-12-31", "symbol": "SE", "reportedCurrency": "USD", "cik": "0001703399", "fillingDate": "2016-12-31", "acceptedDate": "2016-12-30 19:00:00", "calendarYear": "2016", "period": "FY", "revenue": 345670000, "costOfRevenue": 232598000, "grossProfit": 113072000, "grossProfitRatio": 0.3271096711, "researchAndDevelopmentExpenses": 20809000, "generalAndAdministrativeExpenses": 112383000, "sellingAndMarketingExpenses": 187372000, "sellingGeneralAndAdministrativeExpenses": 299755000, "otherExpenses": -2103000, "operatingExpenses": 318461000, "costAndExpenses": 551059000, "interestIncome": 741000, "interestExpense": 23000, "depreciationAndAmortization": 39554000, "ebitda": -165094000, "ebitdaratio": -0.477605809, "operatingIncome": -205389000, "operatingIncomeRatio": -0.5941765267, "totalOtherIncomeExpensesNet": 7785000, "incomeBeforeTax": -196886000, "incomeBeforeTaxRatio": -0.5695779211, "incomeTaxExpense": 8546000, "netIncome": -222867000, "netIncomeRatio": -0.6447392021, "eps": -0.85, "epsdiluted": -0.85, "weightedAverageShsOut": 261324809, "weightedAverageShsOutDil": 261324809, "link": "", "finalLink": "", "calculatedOtherExpenses": -2103000, "calculatedOperatingExpenses": 318461000, "calculatedNetInterest": 718000, "calculatedOtherIncome": 7785000, "calculatedIncomeNonControlling": 17435000, "calculatedEbitda": -165835000}, {"date": "2015-12-31", "symbol": "SE", "reportedCurrency": "USD", "cik": "0001703399", "fillingDate": "2015-12-31", "acceptedDate": "2015-12-30 19:00:00", "calendarYear": "2015", "period": "FY", "revenue": 292124000, "costOfRevenue": 184298000, "grossProfit": 107826000, "grossProfitRatio": 0.3691103778, "researchAndDevelopmentExpenses": 17732000, "generalAndAdministrativeExpenses": 87202000, "sellingAndMarketingExpenses": 89015000, "sellingGeneralAndAdministrativeExpenses": 176217000, "otherExpenses": -3063000, "operatingExpenses": 190886000, "costAndExpenses": 375184000, "interestIncome": 545000, "interestExpense": 32000, "depreciationAndAmortization": 29261000, "ebitda": -53254000, "ebitdaratio": -0.1822992976, "operatingIncome": -83060000, "operatingIncomeRatio": -0.2843313114, "totalOtherIncomeExpensesNet": -4911000, "incomeBeforeTax": -87458000, "incomeBeforeTaxRatio": -0.2993865619, "incomeTaxExpense": 11730000, "netIncome": -103366000, "netIncomeRatio": -0.3538428886, "eps": -0.4, "epsdiluted": -0.4, "weightedAverageShsOut": 261324809, "weightedAverageShsOutDil": 261324809, "link": "", "finalLink": "", "calculatedOtherExpenses": -3063000, "calculatedOperatingExpenses": 190886000, "calculatedNetInterest": 513000, "calculatedOtherIncome": -4911000, "calculatedIncomeNonControlling": 4178000, "calculatedEbitda": -53799000}, {"date": "2014-12-31", "symbol": "SE", "reportedCurrency": "USD", "cik": "0001703399", "fillingDate": "2014-12-31", "acceptedDate": "2014-12-30 19:00:00", "calendarYear": "2014", "period": "FY", "revenue": 160756000, "costOfRevenue": 124573000, "grossProfit": 36183000, "grossProfitRatio": 0.2250802458, "researchAndDevelopmentExpenses": 11053000, "generalAndAdministrativeExpenses": 44964000, "sellingAndMarketingExpenses": 68787000, "sellingGeneralAndAdministrativeExpenses": 113751000, "otherExpenses": -742000, "operatingExpenses": 124062000, "costAndExpenses": 248635000, "interestIncome": 217000, "interestExpense": 181000, "depreciationAndAmortization": 18384000, "ebitda": -69278000, "ebitdaratio": -0.4309512553, "operatingIncome": -87879000, "operatingIncomeRatio": -0.5466607778, "totalOtherIncomeExpensesNet": 365000, "incomeBeforeTax": -87478000, "incomeBeforeTaxRatio": -0.5441663142, "incomeTaxExpense": 2521000, "netIncome": -88383000, "netIncomeRatio": -0.5497959641, "eps": -0.34, "epsdiluted": -0.34, "weightedAverageShsOut": 257463818, "weightedAverageShsOutDil": 257463818, "link": "", "finalLink": "", "calculatedOtherExpenses": -742000, "calculatedOperatingExpenses": 124062000, "calculatedNetInterest": 36000, "calculatedOtherIncome": 365000, "calculatedIncomeNonControlling": -1616000, "calculatedEbitda": -69495000}]}