{"originalCurrency": "USD", "convertedCurrency": "USD", "report": [{"date": "2023-12-31", "symbol": "SEB", "reportedCurrency": "USD", "cik": "0000088121", "fillingDate": "2024-02-13", "acceptedDate": "2024-02-13 17:05:34", "calendarYear": "2023", "period": "FY", "revenue": 9562000000, "costOfRevenue": 9246000000, "grossProfit": 316000000, "grossProfitRatio": 0.0330474796, "researchAndDevelopmentExpenses": 361000000, "generalAndAdministrativeExpenses": 0, "sellingAndMarketingExpenses": 0, "sellingGeneralAndAdministrativeExpenses": 403000000, "otherExpenses": 4000000, "operatingExpenses": 403000000, "costAndExpenses": 9649000000, "interestIncome": 62000000, "interestExpense": 58000000, "depreciationAndAmortization": 283000000, "ebitda": 367000000, "ebitdaratio": 0.0383810918, "operatingIncome": -87000000, "operatingIncomeRatio": -0.009098515, "totalOtherIncomeExpensesNet": 190000000, "incomeBeforeTax": 107000000, "incomeBeforeTaxRatio": 0.0111901276, "incomeTaxExpense": -120000000, "netIncome": 226000000, "netIncomeRatio": 0.0236352228, "eps": 202.21, "epsdiluted": 202.21, "weightedAverageShsOut": 1117636, "weightedAverageShsOutDil": 1117636, "link": "https://www.sec.gov/Archives/edgar/data/88121/000008812124000025/0000088121-24-000025-index.htm", "finalLink": "https://www.sec.gov/Archives/edgar/data/88121/000008812124000025/seb-20231231x10k.htm", "calculatedOtherExpenses": -361000000, "calculatedOperatingExpenses": 403000000, "calculatedNetInterest": 4000000, "calculatedOtherIncome": 190000000, "calculatedIncomeNonControlling": 1000000, "calculatedEbitda": 196000000}, {"date": "2022-12-31", "symbol": "SEB", "reportedCurrency": "USD", "cik": "0000088121", "fillingDate": "2023-02-14", "acceptedDate": "2023-02-14 16:22:34", "calendarYear": "2022", "period": "FY", "revenue": 11243000000, "costOfRevenue": 10213000000, "grossProfit": 1030000000, "grossProfitRatio": 0.0916125589, "researchAndDevelopmentExpenses": 210000000, "generalAndAdministrativeExpenses": 0, "sellingAndMarketingExpenses": 0, "sellingGeneralAndAdministrativeExpenses": 373000000, "otherExpenses": 12000000, "operatingExpenses": 373000000, "costAndExpenses": 10586000000, "interestIncome": 32000000, "interestExpense": 40000000, "depreciationAndAmortization": 431000000, "ebitda": 1088000000, "ebitdaratio": 0.0967713244, "operatingIncome": 657000000, "operatingIncomeRatio": 0.0584363604, "totalOtherIncomeExpensesNet": -78000000, "incomeBeforeTax": 579000000, "incomeBeforeTaxRatio": 0.0514987103, "incomeTaxExpense": -3000000, "netIncome": 580000000, "netIncomeRatio": 0.0515876545, "eps": 499.66, "epsdiluted": 499.66, "weightedAverageShsOut": 1160779, "weightedAverageShsOutDil": 1160779, "link": "https://www.sec.gov/Archives/edgar/data/88121/000008812123000020/0000088121-23-000020-index.htm", "finalLink": "https://www.sec.gov/Archives/edgar/data/88121/000008812123000020/seb-20221231x10k.htm", "calculatedOtherExpenses": -210000000, "calculatedOperatingExpenses": 373000000, "calculatedNetInterest": -8000000, "calculatedOtherIncome": -70000000, "calculatedIncomeNonControlling": 2000000, "calculatedEbitda": 1088000000}, {"date": "2021-12-31", "symbol": "SEB", "reportedCurrency": "USD", "cik": "0000088121", "fillingDate": "2022-02-15", "acceptedDate": "2022-02-15 16:21:31", "calendarYear": "2021", "period": "FY", "revenue": 9229000000, "costOfRevenue": 8411000000, "grossProfit": 818000000, "grossProfitRatio": 0.0886336548, "researchAndDevelopmentExpenses": 191000000, "generalAndAdministrativeExpenses": 0, "sellingAndMarketingExpenses": 0, "sellingGeneralAndAdministrativeExpenses": 360000000, "otherExpenses": 13000000, "operatingExpenses": 360000000, "costAndExpenses": 8771000000, "interestIncome": 22000000, "interestExpense": 13000000, "depreciationAndAmortization": 220000000, "ebitda": 678000000, "ebitdaratio": 0.0734640806, "operatingIncome": 458000000, "operatingIncomeRatio": 0.0496261784, "totalOtherIncomeExpensesNet": 178000000, "incomeBeforeTax": 636000000, "incomeBeforeTaxRatio": 0.0689132084, "incomeTaxExpense": 65000000, "netIncome": 570000000, "netIncomeRatio": 0.0617618377, "eps": 491.05, "epsdiluted": 491.05, "weightedAverageShsOut": 1160779, "weightedAverageShsOutDil": 1160779, "link": "https://www.sec.gov/Archives/edgar/data/88121/000008812122000017/0000088121-22-000017-index.htm", "finalLink": "https://www.sec.gov/Archives/edgar/data/88121/000008812122000017/seb-20211231x10k.htm", "calculatedOtherExpenses": -191000000, "calculatedOperatingExpenses": 360000000, "calculatedNetInterest": 9000000, "calculatedOtherIncome": 169000000, "calculatedIncomeNonControlling": 1000000, "calculatedEbitda": 678000000}, {"date": "2020-12-31", "symbol": "SEB", "reportedCurrency": "USD", "cik": "0000088121", "fillingDate": "2021-02-17", "acceptedDate": "2021-02-16 17:32:31", "calendarYear": "2020", "period": "FY", "revenue": 7126000000, "costOfRevenue": 6552000000, "grossProfit": 574000000, "grossProfitRatio": 0.0805500982, "researchAndDevelopmentExpenses": 134000000, "generalAndAdministrativeExpenses": 0, "sellingAndMarketingExpenses": 0, "sellingGeneralAndAdministrativeExpenses": 329000000, "otherExpenses": 3000000, "operatingExpenses": 329000000, "costAndExpenses": 6881000000, "interestIncome": 22000000, "interestExpense": 19000000, "depreciationAndAmortization": 179000000, "ebitda": 424000000, "ebitdaratio": 0.059500421, "operatingIncome": 245000000, "operatingIncomeRatio": 0.0343811395, "totalOtherIncomeExpensesNet": 41000000, "incomeBeforeTax": 286000000, "incomeBeforeTaxRatio": 0.0401347179, "incomeTaxExpense": 3000000, "netIncome": 283000000, "netIncomeRatio": 0.0397137244, "eps": 243.65, "epsdiluted": 243.65, "weightedAverageShsOut": 1161526, "weightedAverageShsOutDil": 1161526, "link": "https://www.sec.gov/Archives/edgar/data/88121/000008812121000013/0000088121-21-000013-index.htm", "finalLink": "https://www.sec.gov/Archives/edgar/data/88121/000008812121000013/seb-20201231x10k.htm", "calculatedOtherExpenses": -134000000, "calculatedOperatingExpenses": 329000000, "calculatedNetInterest": 3000000, "calculatedOtherIncome": 38000000, "calculatedIncomeNonControlling": 0, "calculatedEbitda": 424000000}, {"date": "2019-12-31", "symbol": "SEB", "reportedCurrency": "USD", "cik": "0000088121", "fillingDate": "2020-02-19", "acceptedDate": "2020-02-19 16:26:21", "calendarYear": "2019", "period": "FY", "revenue": 6840000000, "costOfRevenue": 6400000000, "grossProfit": 440000000, "grossProfitRatio": 0.0643274854, "researchAndDevelopmentExpenses": 143000000, "generalAndAdministrativeExpenses": 0, "sellingAndMarketingExpenses": 0, "sellingGeneralAndAdministrativeExpenses": 336000000, "otherExpenses": 2000000, "operatingExpenses": 336000000, "costAndExpenses": 6736000000, "interestIncome": 30000000, "interestExpense": 36000000, "depreciationAndAmortization": 129000000, "ebitda": 233000000, "ebitdaratio": 0.0340643275, "operatingIncome": 104000000, "operatingIncomeRatio": 0.0152046784, "totalOtherIncomeExpensesNet": 180000000, "incomeBeforeTax": 284000000, "incomeBeforeTaxRatio": 0.0415204678, "incomeTaxExpense": 1000000, "netIncome": 283000000, "netIncomeRatio": 0.041374269, "eps": 246.19, "epsdiluted": 246.19, "weightedAverageShsOut": 1165758, "weightedAverageShsOutDil": 1165758, "link": "https://www.sec.gov/Archives/edgar/data/88121/000008812120000010/0000088121-20-000010-index.htm", "finalLink": "https://www.sec.gov/Archives/edgar/data/88121/000008812120000010/seb-20191231x10k.htm", "calculatedOtherExpenses": -143000000, "calculatedOperatingExpenses": 336000000, "calculatedNetInterest": -6000000, "calculatedOtherIncome": 186000000, "calculatedIncomeNonControlling": 0, "calculatedEbitda": 233000000}, {"date": "2018-12-31", "symbol": "SEB", "reportedCurrency": "USD", "cik": "0000088121", "fillingDate": "2019-02-20", "acceptedDate": "2019-02-20 16:28:10", "calendarYear": "2018", "period": "FY", "revenue": 6583000000, "costOfRevenue": 6060000000, "grossProfit": 523000000, "grossProfitRatio": 0.0794470606, "researchAndDevelopmentExpenses": 77000000, "generalAndAdministrativeExpenses": 314000000, "sellingAndMarketingExpenses": 0, "sellingGeneralAndAdministrativeExpenses": 314000000, "otherExpenses": -3000000, "operatingExpenses": 314000000, "costAndExpenses": 6374000000, "interestIncome": 14000000, "interestExpense": 44000000, "depreciationAndAmortization": 134000000, "ebitda": 310000000, "ebitdaratio": 0.0470909919, "operatingIncome": 209000000, "operatingIncomeRatio": 0.031748443, "totalOtherIncomeExpensesNet": -195000000, "incomeBeforeTax": -16000000, "incomeBeforeTaxRatio": -0.0024305028, "incomeTaxExpense": 1000000, "netIncome": -17000000, "netIncomeRatio": -0.0025824092, "eps": -14.52, "epsdiluted": -14.52, "weightedAverageShsOut": 1170501, "weightedAverageShsOutDil": 1170501, "link": "https://www.sec.gov/Archives/edgar/data/88121/000008812119000011/0000088121-19-000011-index.htm", "finalLink": "https://www.sec.gov/Archives/edgar/data/88121/000008812119000011/seb-20181231x10k.htm", "calculatedOtherExpenses": -77000000, "calculatedOperatingExpenses": 314000000, "calculatedNetInterest": -30000000, "calculatedOtherIncome": -195000000, "calculatedIncomeNonControlling": 0, "calculatedEbitda": 343000000}, {"date": "2017-12-31", "symbol": "SEB", "reportedCurrency": "USD", "cik": "0000088121", "fillingDate": "2018-02-21", "acceptedDate": "2018-02-21 16:22:30", "calendarYear": "2017", "period": "FY", "revenue": 5809000000, "costOfRevenue": 5260000000, "grossProfit": 549000000, "grossProfitRatio": 0.0945085213, "researchAndDevelopmentExpenses": 0, "generalAndAdministrativeExpenses": 317000000, "sellingAndMarketingExpenses": 0, "sellingGeneralAndAdministrativeExpenses": 317000000, "otherExpenses": 3000000, "operatingExpenses": 317000000, "costAndExpenses": 5577000000, "interestIncome": 37000000, "interestExpense": 29000000, "depreciationAndAmortization": 118000000, "ebitda": 383000000, "ebitdaratio": 0.0659321742, "operatingIncome": 232000000, "operatingIncomeRatio": 0.0399380272, "totalOtherIncomeExpensesNet": 187000000, "incomeBeforeTax": 427000000, "incomeBeforeTaxRatio": 0.0735066276, "incomeTaxExpense": 181000000, "netIncome": 247000000, "netIncomeRatio": 0.0425202272, "eps": 211.01, "epsdiluted": 211.01, "weightedAverageShsOut": 1170550, "weightedAverageShsOutDil": 1170550, "link": "https://www.sec.gov/Archives/edgar/data/88121/000008812118000012/0000088121-18-000012-index.htm", "finalLink": "https://www.sec.gov/Archives/edgar/data/88121/000008812118000012/seb-20171231x10k.htm", "calculatedOtherExpenses": 0, "calculatedOperatingExpenses": 317000000, "calculatedNetInterest": 8000000, "calculatedOtherIncome": 187000000, "calculatedIncomeNonControlling": -1000000, "calculatedEbitda": 350000000}, {"date": "2016-12-31", "symbol": "SEB", "reportedCurrency": "USD", "cik": "0000088121", "fillingDate": "2017-02-21", "acceptedDate": "2017-02-21 17:25:30", "calendarYear": "2016", "period": "FY", "revenue": 5379000000, "costOfRevenue": 4882000000, "grossProfit": 497000000, "grossProfitRatio": 0.0923963562, "researchAndDevelopmentExpenses": 0, "generalAndAdministrativeExpenses": 275000000, "sellingAndMarketingExpenses": 0, "sellingGeneralAndAdministrativeExpenses": 275000000, "otherExpenses": 0, "operatingExpenses": 275000000, "costAndExpenses": 5157000000, "interestIncome": 39000000, "interestExpense": 29000000, "depreciationAndAmortization": 102000000, "ebitda": 444000000, "ebitdaratio": 0.0825432236, "operatingIncome": 222000000, "operatingIncomeRatio": 0.0412716118, "totalOtherIncomeExpensesNet": 152000000, "incomeBeforeTax": 384000000, "incomeBeforeTaxRatio": 0.071388734, "incomeTaxExpense": 70000000, "netIncome": 312000000, "netIncomeRatio": 0.0580033463, "eps": 266.5, "epsdiluted": 266.5, "weightedAverageShsOut": 1170550, "weightedAverageShsOutDil": 1170550, "link": "https://www.sec.gov/Archives/edgar/data/88121/000008812117000016/0000088121-17-000016-index.htm", "finalLink": "https://www.sec.gov/Archives/edgar/data/88121/000008812117000016/seb-20161231x10k.htm", "calculatedOtherExpenses": 0, "calculatedOperatingExpenses": 275000000, "calculatedNetInterest": 10000000, "calculatedOtherIncome": 152000000, "calculatedIncomeNonControlling": 2000000, "calculatedEbitda": 324000000}, {"date": "2015-12-31", "symbol": "SEB", "reportedCurrency": "USD", "cik": "0000088121", "fillingDate": "2016-02-25", "acceptedDate": "2016-02-25 17:15:53", "calendarYear": "2015", "period": "FY", "revenue": 5594000000, "costOfRevenue": 5198000000, "grossProfit": 396000000, "grossProfitRatio": 0.0707901323, "researchAndDevelopmentExpenses": 0, "generalAndAdministrativeExpenses": 270000000, "sellingAndMarketingExpenses": 0, "sellingGeneralAndAdministrativeExpenses": 270000000, "otherExpenses": -2000000, "operatingExpenses": 270000000, "costAndExpenses": 5468000000, "interestIncome": 69000000, "interestExpense": 18000000, "depreciationAndAmortization": 91000000, "ebitda": 354000000, "ebitdaratio": 0.063282088, "operatingIncome": 126000000, "operatingIncomeRatio": 0.022524133, "totalOtherIncomeExpensesNet": 64000000, "incomeBeforeTax": 241000000, "incomeBeforeTaxRatio": 0.0430818734, "incomeTaxExpense": 69000000, "netIncome": 171000000, "netIncomeRatio": 0.0305684662, "eps": 146.44, "epsdiluted": 146.44, "weightedAverageShsOut": 1170550, "weightedAverageShsOutDil": 1170550, "link": "https://www.sec.gov/Archives/edgar/data/88121/000155837016003549/0001558370-16-003549-index.htm", "finalLink": "https://www.sec.gov/Archives/edgar/data/88121/000155837016003549/seb-20151231x10k.htm", "calculatedOtherExpenses": 0, "calculatedOperatingExpenses": 270000000, "calculatedNetInterest": 51000000, "calculatedOtherIncome": 64000000, "calculatedIncomeNonControlling": 1000000, "calculatedEbitda": 217000000}, {"date": "2014-12-31", "symbol": "SEB", "reportedCurrency": "USD", "cik": "0000088121", "fillingDate": "2015-02-26", "acceptedDate": "2015-02-26 16:11:43", "calendarYear": "2014", "period": "FY", "revenue": 6473076000, "costOfRevenue": 5795054000, "grossProfit": 678022000, "grossProfitRatio": 0.1047449466, "researchAndDevelopmentExpenses": 0, "generalAndAdministrativeExpenses": 254463000, "sellingAndMarketingExpenses": 0, "sellingGeneralAndAdministrativeExpenses": 254463000, "otherExpenses": -5128000, "operatingExpenses": 254463000, "costAndExpenses": 6049517000, "interestIncome": 41408000, "interestExpense": 20178000, "depreciationAndAmortization": 92385000, "ebitda": 587580000, "ebitdaratio": 0.0907729185, "operatingIncome": 423559000, "operatingIncomeRatio": 0.0654339606, "totalOtherIncomeExpensesNet": 89010000, "incomeBeforeTax": 533799000, "incomeBeforeTaxRatio": 0.0824645037, "incomeTaxExpense": 167799000, "netIncome": 365270000, "netIncomeRatio": 0.0564291227, "eps": 311.44, "epsdiluted": 311.44, "weightedAverageShsOut": 1178441, "weightedAverageShsOutDil": 1178441, "link": "https://www.sec.gov/Archives/edgar/data/88121/000110465915014380/0001104659-15-014380-index.htm", "finalLink": "https://www.sec.gov/Archives/edgar/data/88121/000110465915014380/a14-24467_110k.htm", "calculatedOtherExpenses": 0, "calculatedOperatingExpenses": 254463000, "calculatedNetInterest": 21230000, "calculatedOtherIncome": 89010000, "calculatedIncomeNonControlling": 730000, "calculatedEbitda": 515944000}, {"date": "2013-12-31", "symbol": "SEB", "reportedCurrency": "USD", "cik": "0000088121", "fillingDate": "2014-02-26", "acceptedDate": "2014-02-26 16:11:06", "calendarYear": "2013", "period": "FY", "revenue": 6670414000, "costOfRevenue": 6201565000, "grossProfit": 468849000, "grossProfitRatio": 0.0702878412, "researchAndDevelopmentExpenses": 0, "generalAndAdministrativeExpenses": 263985000, "sellingAndMarketingExpenses": 0, "sellingGeneralAndAdministrativeExpenses": 263985000, "otherExpenses": 5867000, "operatingExpenses": 263985000, "costAndExpenses": 6465550000, "interestIncome": 42275000, "interestExpense": 11422000, "depreciationAndAmortization": 93077000, "ebitda": 335791000, "ebitdaratio": 0.0503403537, "operatingIncome": 204864000, "operatingIncomeRatio": 0.0307123366, "totalOtherIncomeExpensesNet": 3498000, "incomeBeforeTax": 239215000, "incomeBeforeTaxRatio": 0.0358620919, "incomeTaxExpense": 32450000, "netIncome": 205236000, "netIncomeRatio": 0.0307681052, "eps": 177.53, "epsdiluted": 177.53, "weightedAverageShsOut": 1193801, "weightedAverageShsOutDil": 1193801, "link": "https://www.sec.gov/Archives/edgar/data/88121/000110465914013620/0001104659-14-013620-index.htm", "finalLink": "https://www.sec.gov/Archives/edgar/data/88121/000110465914013620/a13-23470_110k.htm", "calculatedOtherExpenses": 0, "calculatedOperatingExpenses": 263985000, "calculatedNetInterest": 30853000, "calculatedOtherIncome": 3498000, "calculatedIncomeNonControlling": 1529000, "calculatedEbitda": 297941000}, {"date": "2012-12-31", "symbol": "SEB", "reportedCurrency": "USD", "cik": "0000088121", "fillingDate": "2013-02-27", "acceptedDate": "2013-02-27 16:11:15", "calendarYear": "2012", "period": "FY", "revenue": 6189133000, "costOfRevenue": 5628075000, "grossProfit": 561058000, "grossProfitRatio": 0.0906521156, "researchAndDevelopmentExpenses": 0, "generalAndAdministrativeExpenses": 251397000, "sellingAndMarketingExpenses": 0, "sellingGeneralAndAdministrativeExpenses": 251397000, "otherExpenses": -2974000, "operatingExpenses": 251397000, "costAndExpenses": 5879472000, "interestIncome": 31620000, "interestExpense": 11049000, "depreciationAndAmortization": 90216000, "ebitda": 459230000, "ebitdaratio": 0.0741994073, "operatingIncome": 309661000, "operatingIncomeRatio": 0.0500330175, "totalOtherIncomeExpensesNet": 36546000, "incomeBeforeTax": 366778000, "incomeBeforeTaxRatio": 0.0592616122, "incomeTaxExpense": 84190000, "netIncome": 282311000, "netIncomeRatio": 0.0456139818, "eps": 234.54, "epsdiluted": 234.54, "weightedAverageShsOut": 1203698, "weightedAverageShsOutDil": 1203698, "link": "https://www.sec.gov/Archives/edgar/data/88121/000110465913015039/0001104659-13-015039-index.htm", "finalLink": "https://www.sec.gov/Archives/edgar/data/88121/000110465913015039/a12-26614_110k.htm", "calculatedOtherExpenses": 0, "calculatedOperatingExpenses": 251397000, "calculatedNetInterest": 20571000, "calculatedOtherIncome": 36546000, "calculatedIncomeNonControlling": 277000, "calculatedEbitda": 399877000}, {"date": "2011-12-31", "symbol": "SEB", "reportedCurrency": "USD", "cik": "0000088121", "fillingDate": "2012-02-28", "acceptedDate": "2012-02-28 16:14:45", "calendarYear": "2011", "period": "FY", "revenue": 5746902000, "costOfRevenue": 5119019000, "grossProfit": 627883000, "grossProfitRatio": 0.1092559087, "researchAndDevelopmentExpenses": 0, "generalAndAdministrativeExpenses": 220679000, "sellingAndMarketingExpenses": 0, "sellingGeneralAndAdministrativeExpenses": 220679000, "otherExpenses": 0, "operatingExpenses": 220679000, "costAndExpenses": 5339698000, "interestIncome": 27830000, "interestExpense": 6868000, "depreciationAndAmortization": 81223000, "ebitda": 542878000, "ebitdaratio": 0.094464461, "operatingIncome": 407204000, "operatingIncomeRatio": 0.0708562631, "totalOtherIncomeExpensesNet": 14442000, "incomeBeforeTax": 442608000, "incomeBeforeTaxRatio": 0.0770167997, "incomeTaxExpense": 99051000, "netIncome": 345847000, "netIncomeRatio": 0.0601797281, "eps": 284.66, "epsdiluted": 284.66, "weightedAverageShsOut": 1214934, "weightedAverageShsOutDil": 1214934, "link": "https://www.sec.gov/Archives/edgar/data/88121/000110465912014042/0001104659-12-014042-index.htm", "finalLink": "https://www.sec.gov/Archives/edgar/data/88121/000110465912014042/a12-2715_110k.htm", "calculatedOtherExpenses": 0, "calculatedOperatingExpenses": 220679000, "calculatedNetInterest": 20962000, "calculatedOtherIncome": 14442000, "calculatedIncomeNonControlling": -2290000, "calculatedEbitda": 488427000}, {"date": "2010-12-31", "symbol": "SEB", "reportedCurrency": "USD", "cik": "0000088121", "fillingDate": "2011-03-09", "acceptedDate": "2011-03-09 16:05:55", "calendarYear": "2010", "period": "FY", "revenue": 4385702000, "costOfRevenue": 3859708000, "grossProfit": 525994000, "grossProfitRatio": 0.1199338213, "researchAndDevelopmentExpenses": 0, "generalAndAdministrativeExpenses": 204928000, "sellingAndMarketingExpenses": 0, "sellingGeneralAndAdministrativeExpenses": 204928000, "otherExpenses": 0, "operatingExpenses": 204928000, "costAndExpenses": 4064636000, "interestIncome": 12631000, "interestExpense": 5632000, "depreciationAndAmortization": 86802000, "ebitda": 441464000, "ebitdaratio": 0.100659826, "operatingIncome": 321066000, "operatingIncomeRatio": 0.0732074363, "totalOtherIncomeExpensesNet": 35980000, "incomeBeforeTax": 364045000, "incomeBeforeTaxRatio": 0.0830072358, "incomeTaxExpense": 81033000, "netIncome": 283611000, "netIncomeRatio": 0.0646671844, "eps": 231.69, "epsdiluted": 231.69, "weightedAverageShsOut": 1224092, "weightedAverageShsOutDil": 1224092, "link": "https://www.sec.gov/Archives/edgar/data/88121/000008812111000002/0000088121-11-000002-index.htm", "finalLink": "https://www.sec.gov/Archives/edgar/data/88121/000008812111000002/k102010.txt", "calculatedOtherExpenses": 0, "calculatedOperatingExpenses": 204928000, "calculatedNetInterest": 6999000, "calculatedOtherIncome": 35980000, "calculatedIncomeNonControlling": -599000, "calculatedEbitda": 407868000}, {"date": "2009-12-31", "symbol": "SEB", "reportedCurrency": "USD", "cik": "0000088121", "fillingDate": "2010-03-05", "acceptedDate": "2010-03-05 16:10:15", "calendarYear": "2009", "period": "FY", "revenue": 3601308000, "costOfRevenue": 3383695000, "grossProfit": 217613000, "grossProfitRatio": 0.0604261007, "researchAndDevelopmentExpenses": 0, "generalAndAdministrativeExpenses": 193890000, "sellingAndMarketingExpenses": 0, "sellingGeneralAndAdministrativeExpenses": 193890000, "otherExpenses": 0, "operatingExpenses": 193890000, "costAndExpenses": 3577585000, "interestIncome": 17336000, "interestExpense": 13158000, "depreciationAndAmortization": 91841000, "ebitda": 153058000, "ebitdaratio": 0.0425006692, "operatingIncome": 23723000, "operatingIncomeRatio": 0.0065873288, "totalOtherIncomeExpensesNet": 61340000, "incomeBeforeTax": 89241000, "incomeBeforeTaxRatio": 0.0247801632, "incomeTaxExpense": -2276000, "netIncome": 92482000, "netIncomeRatio": 0.025680114, "eps": 74.74, "epsdiluted": 74.74, "weightedAverageShsOut": 1237452, "weightedAverageShsOutDil": 1237452, "link": "https://www.sec.gov/Archives/edgar/data/88121/000008812110000002/0000088121-10-000002-index.htm", "finalLink": "https://www.sec.gov/Archives/edgar/data/88121/000008812110000002/k1012319.txt", "calculatedOtherExpenses": 0, "calculatedOperatingExpenses": 193890000, "calculatedNetInterest": 4178000, "calculatedOtherIncome": 61340000, "calculatedIncomeNonControlling": -965000, "calculatedEbitda": 115564000}, {"date": "2008-12-31", "symbol": "SEB", "reportedCurrency": "USD", "cik": "0000088121", "fillingDate": "2009-03-02", "acceptedDate": "2009-03-02 17:17:20", "calendarYear": "2008", "period": "FY", "revenue": 4267804000, "costOfRevenue": 3970133000, "grossProfit": 297671000, "grossProfitRatio": 0.0697480484, "researchAndDevelopmentExpenses": 0, "generalAndAdministrativeExpenses": 175862000, "sellingAndMarketingExpenses": 0, "sellingGeneralAndAdministrativeExpenses": 175862000, "otherExpenses": 0, "operatingExpenses": 175862000, "costAndExpenses": 4145995000, "interestIncome": 14939000, "interestExpense": 15354000, "depreciationAndAmortization": 90381000, "ebitda": 240213000, "ebitdaratio": 0.0562849184, "operatingIncome": 121809000, "operatingIncomeRatio": 0.0285413763, "totalOtherIncomeExpensesNet": 2836000, "incomeBeforeTax": 124230000, "incomeBeforeTaxRatio": 0.029108647, "incomeTaxExpense": -22689000, "netIncome": 146919000, "netIncomeRatio": 0.0344249642, "eps": 118.19, "epsdiluted": 118.19, "weightedAverageShsOut": 1243087, "weightedAverageShsOutDil": 1244205, "link": "https://www.sec.gov/Archives/edgar/data/88121/000008812109000004/0000088121-09-000004-index.htm", "finalLink": "https://www.sec.gov/Archives/edgar/data/88121/000008812109000004/k-102008.txt", "calculatedOtherExpenses": 0, "calculatedOperatingExpenses": 175862000, "calculatedNetInterest": -415000, "calculatedOtherIncome": 2836000, "calculatedIncomeNonControlling": 0, "calculatedEbitda": 212190000}, {"date": "2007-12-31", "symbol": "SEB", "reportedCurrency": "USD", "cik": "0000088121", "fillingDate": "2008-02-28", "acceptedDate": "2008-02-28 16:12:08", "calendarYear": "2007", "period": "FY", "revenue": 3213301000, "costOfRevenue": 2871327000, "grossProfit": 341974000, "grossProfitRatio": 0.1064245149, "researchAndDevelopmentExpenses": 0, "generalAndAdministrativeExpenses": 172059000, "sellingAndMarketingExpenses": 0, "sellingGeneralAndAdministrativeExpenses": 172059000, "otherExpenses": 0, "operatingExpenses": 172059000, "costAndExpenses": 3043386000, "interestIncome": 0, "interestExpense": -32971000, "depreciationAndAmortization": 79221000, "ebitda": 237759000, "ebitdaratio": 0.0739921346, "operatingIncome": 169915000, "operatingIncomeRatio": 0.0528786441, "totalOtherIncomeExpensesNet": 15251000, "incomeBeforeTax": 191509000, "incomeBeforeTaxRatio": 0.0595988362, "incomeTaxExpense": 10177000, "netIncome": 181332000, "netIncomeRatio": 0.0564316882, "eps": 144.15, "epsdiluted": 144.15, "weightedAverageShsOut": 1257901, "weightedAverageShsOutDil": 1257901, "link": "https://www.sec.gov/Archives/edgar/data/88121/000008812108000002/0000088121-08-000002-index.htm", "finalLink": "https://www.sec.gov/Archives/edgar/data/88121/000008812108000002/k102007.txt", "calculatedOtherExpenses": 0, "calculatedOperatingExpenses": 172059000, "calculatedNetInterest": 32971000, "calculatedOtherIncome": -11377000, "calculatedIncomeNonControlling": 0, "calculatedEbitda": 249136000}, {"date": "2006-12-31", "symbol": "SEB", "reportedCurrency": "USD", "cik": "0000088121", "fillingDate": "2007-03-05", "acceptedDate": "2007-03-05 16:20:45", "calendarYear": "2006", "period": "FY", "revenue": 2707397000, "costOfRevenue": 2253158000, "grossProfit": 454239000, "grossProfitRatio": 0.1677770198, "researchAndDevelopmentExpenses": 0, "generalAndAdministrativeExpenses": 157244000, "sellingAndMarketingExpenses": 0, "sellingGeneralAndAdministrativeExpenses": 157244000, "otherExpenses": 0, "operatingExpenses": 157244000, "costAndExpenses": 2410402000, "interestIncome": 0, "interestExpense": -35236000, "depreciationAndAmortization": 71258000, "ebitda": 352446000, "ebitdaratio": 0.1301789135, "operatingIncome": 296995000, "operatingIncomeRatio": 0.1096976173, "totalOtherIncomeExpensesNet": 19829000, "incomeBeforeTax": 316424000, "incomeBeforeTaxRatio": 0.1168738829, "incomeTaxExpense": 57735000, "netIncome": 258689000, "netIncomeRatio": 0.0955489719, "eps": 205.09, "epsdiluted": 205.09, "weightedAverageShsOut": 1261367, "weightedAverageShsOutDil": 1261367, "link": "https://www.sec.gov/Archives/edgar/data/88121/000008812107000002/0000088121-07-000002-index.htm", "finalLink": "https://www.sec.gov/Archives/edgar/data/88121/000008812107000002/k10.txt", "calculatedOtherExpenses": 0, "calculatedOperatingExpenses": 157244000, "calculatedNetInterest": 35236000, "calculatedOtherIncome": -15807000, "calculatedIncomeNonControlling": 0, "calculatedEbitda": 368253000}, {"date": "2005-12-31", "symbol": "SEB", "reportedCurrency": "USD", "cik": "0000088121", "fillingDate": "2006-03-07", "acceptedDate": "2006-03-06 17:38:54", "calendarYear": "2005", "period": "FY", "revenue": 2688894000, "costOfRevenue": 2229577000, "grossProfit": 459317000, "grossProfitRatio": 0.1708200472, "researchAndDevelopmentExpenses": 0, "generalAndAdministrativeExpenses": 139272000, "sellingAndMarketingExpenses": 0, "sellingGeneralAndAdministrativeExpenses": 139272000, "otherExpenses": 0, "operatingExpenses": 139272000, "costAndExpenses": 2368849000, "interestIncome": 0, "interestExpense": 1966000, "depreciationAndAmortization": 65106000, "ebitda": 379884000, "ebitdaratio": 0.141278905, "operatingIncome": 320045000, "operatingIncomeRatio": 0.1190247738, "totalOtherIncomeExpensesNet": 5267000, "incomeBeforeTax": 312812000, "incomeBeforeTaxRatio": 0.1163348202, "incomeTaxExpense": 46150000, "netIncome": 266662000, "netIncomeRatio": 0.0991716297, "eps": 212.2, "epsdiluted": 211.94, "weightedAverageShsOut": 1256645, "weightedAverageShsOutDil": 1258202, "link": "https://www.sec.gov/Archives/edgar/data/88121/000008812106000002/0000088121-06-000002-index.htm", "finalLink": "https://www.sec.gov/Archives/edgar/data/88121/000008812106000002/k-10.txt", "calculatedOtherExpenses": 0, "calculatedOperatingExpenses": 139272000, "calculatedNetInterest": -1966000, "calculatedOtherIncome": -5267000, "calculatedIncomeNonControlling": 0, "calculatedEbitda": 385151000}, {"date": "2004-12-31", "symbol": "SEB", "reportedCurrency": "USD", "cik": "0000088121", "fillingDate": "2005-03-04", "acceptedDate": "2005-03-04 16:16:41", "calendarYear": "2004", "period": "FY", "revenue": 2683980000, "costOfRevenue": 2305002000, "grossProfit": 378978000, "grossProfitRatio": 0.1412000089, "researchAndDevelopmentExpenses": 0, "generalAndAdministrativeExpenses": 127724000, "sellingAndMarketingExpenses": 0, "sellingGeneralAndAdministrativeExpenses": 127724000, "otherExpenses": 0, "operatingExpenses": 127724000, "costAndExpenses": 2432726000, "interestIncome": 0, "interestExpense": 23787000, "depreciationAndAmortization": 64620000, "ebitda": 318318000, "ebitdaratio": 0.1185992444, "operatingIncome": 251254000, "operatingIncomeRatio": 0.093612471, "totalOtherIncomeExpensesNet": -2444000, "incomeBeforeTax": 229911000, "incomeBeforeTaxRatio": 0.0856604744, "incomeTaxExpense": 61815000, "netIncome": 168096000, "netIncomeRatio": 0.0626293788, "eps": 133.94, "epsdiluted": 133.94, "weightedAverageShsOut": 1255054, "weightedAverageShsOutDil": 1255054, "link": "https://www.sec.gov/Archives/edgar/data/88121/000008812105000004/0000088121-05-000004-index.htm", "finalLink": "https://www.sec.gov/Archives/edgar/data/88121/000008812105000004/k-102004.txt", "calculatedOtherExpenses": 0, "calculatedOperatingExpenses": 127724000, "calculatedNetInterest": -23787000, "calculatedOtherIncome": 2444000, "calculatedIncomeNonControlling": 0, "calculatedEbitda": 315874000}, {"date": "2003-12-31", "symbol": "SEB", "reportedCurrency": "USD", "cik": "0000088121", "fillingDate": "2004-02-27", "acceptedDate": "2004-02-27 16:28:55", "calendarYear": "2003", "period": "FY", "revenue": 1981340000, "costOfRevenue": 1794519000, "grossProfit": 186821000, "grossProfitRatio": 0.0942902278, "researchAndDevelopmentExpenses": 0, "generalAndAdministrativeExpenses": 118035000, "sellingAndMarketingExpenses": 0, "sellingGeneralAndAdministrativeExpenses": 118035000, "otherExpenses": 0, "operatingExpenses": 118035000, "costAndExpenses": 1912554000, "interestIncome": 0, "interestExpense": 22603000, "depreciationAndAmortization": 64203000, "ebitda": 133395000, "ebitdaratio": 0.0673256483, "operatingIncome": 68786000, "operatingIncomeRatio": 0.0347169088, "totalOtherIncomeExpensesNet": -406000, "incomeBeforeTax": 43721000, "incomeBeforeTaxRatio": 0.0220663793, "incomeTaxExpense": 14747000, "netIncome": 31842000, "netIncomeRatio": 0.0160709419, "eps": 25.37, "epsdiluted": 25.37, "weightedAverageShsOut": 1255054, "weightedAverageShsOutDil": 1255054, "link": "https://www.sec.gov/Archives/edgar/data/88121/000008812104000009/0000088121-04-000009-index.htm", "finalLink": "https://www.sec.gov/Archives/edgar/data/88121/000008812104000009/k102003.txt", "calculatedOtherExpenses": 0, "calculatedOperatingExpenses": 118035000, "calculatedNetInterest": -22603000, "calculatedOtherIncome": -2462000, "calculatedIncomeNonControlling": -2868000, "calculatedEbitda": 132989000}, {"date": "2002-12-31", "symbol": "SEB", "reportedCurrency": "USD", "cik": "0000088121", "fillingDate": "2003-03-04", "acceptedDate": "2003-03-04 16:14:59", "calendarYear": "2002", "period": "FY", "revenue": 1829307000, "costOfRevenue": 1679264000, "grossProfit": 150043000, "grossProfitRatio": 0.0820217711, "researchAndDevelopmentExpenses": 0, "generalAndAdministrativeExpenses": 102918000, "sellingAndMarketingExpenses": 0, "sellingGeneralAndAdministrativeExpenses": 102918000, "otherExpenses": 0, "operatingExpenses": 102918000, "costAndExpenses": 1782182000, "interestIncome": 0, "interestExpense": 95675000, "depreciationAndAmortization": 52636000, "ebitda": 138669000, "ebitdaratio": 0.075804116, "operatingIncome": 47125000, "operatingIncomeRatio": 0.0257611216, "totalOtherIncomeExpensesNet": -38908000, "incomeBeforeTax": -9642000, "incomeBeforeTaxRatio": -0.0052708485, "incomeTaxExpense": -23149000, "netIncome": 13507000, "netIncomeRatio": 0.0073836704, "eps": 9.38, "epsdiluted": 9.38, "weightedAverageShsOut": 1439753, "weightedAverageShsOutDil": 1487520, "link": "https://www.sec.gov/Archives/edgar/data/88121/000008812103000001/0000088121-03-000001-index.htm", "finalLink": "https://www.sec.gov/Archives/edgar/data/88121/000008812103000001/k-10.txt", "calculatedOtherExpenses": 0, "calculatedOperatingExpenses": 102918000, "calculatedNetInterest": -95675000, "calculatedOtherIncome": 38908000, "calculatedIncomeNonControlling": 0, "calculatedEbitda": 99761000}, {"date": "2001-12-31", "symbol": "SEB", "reportedCurrency": "USD", "cik": "0000088121", "fillingDate": "2002-03-13", "acceptedDate": "2002-03-13 00:00:00", "calendarYear": "2001", "period": "FY", "revenue": 1804610000, "costOfRevenue": 1575070000, "grossProfit": 229540000, "grossProfitRatio": 0.127196458, "researchAndDevelopmentExpenses": 0, "generalAndAdministrativeExpenses": 115188000, "sellingAndMarketingExpenses": 0, "sellingGeneralAndAdministrativeExpenses": 115188000, "otherExpenses": 0, "operatingExpenses": 115188000, "costAndExpenses": 1690258000, "interestIncome": 0, "interestExpense": 32394000, "depreciationAndAmortization": 55800000, "ebitda": 176733000, "ebitdaratio": 0.0979341797, "operatingIncome": 114352000, "operatingIncomeRatio": 0.0633666, "totalOtherIncomeExpensesNet": -6581000, "incomeBeforeTax": 88539000, "incomeBeforeTaxRatio": 0.0490626784, "incomeTaxExpense": 35234000, "netIncome": 53305000, "netIncomeRatio": 0.0295382382, "eps": 35.83, "epsdiluted": 35.83, "weightedAverageShsOut": 1487720, "weightedAverageShsOutDil": 1487720, "link": "https://www.sec.gov/Archives/edgar/data/88121/000008812102000003/0000088121-02-000003-index.htm", "finalLink": "https://www.sec.gov/Archives/edgar/data/88121/000008812102000003/k-10.txt", "calculatedOtherExpenses": 0, "calculatedOperatingExpenses": 115188000, "calculatedNetInterest": -32394000, "calculatedOtherIncome": 6581000, "calculatedIncomeNonControlling": 0, "calculatedEbitda": 170152000}, {"date": "2000-12-31", "symbol": "SEB", "reportedCurrency": "USD", "cik": "0000088121", "fillingDate": "2001-03-09", "acceptedDate": "2001-03-09 00:00:00", "calendarYear": "2000", "period": "FY", "revenue": 1583696000, "costOfRevenue": 1356056000, "grossProfit": 227640000, "grossProfitRatio": 0.1437397076, "researchAndDevelopmentExpenses": 0, "generalAndAdministrativeExpenses": 129192000, "sellingAndMarketingExpenses": 0, "sellingGeneralAndAdministrativeExpenses": 129192000, "otherExpenses": 50383000, "operatingExpenses": 179575000, "costAndExpenses": 1535631000, "interestIncome": 0, "interestExpense": -79282000, "depreciationAndAmortization": 50383000, "ebitda": 95441000, "ebitdaratio": 0.0602647225, "operatingIncome": 48065000, "operatingIncomeRatio": 0.0303498904, "totalOtherIncomeExpensesNet": 3007000, "incomeBeforeTax": 34303000, "incomeBeforeTaxRatio": 0.0216600913, "incomeTaxExpense": 25431000, "netIncome": 98909000, "netIncomeRatio": 0.0624545367, "eps": 66.49, "epsdiluted": 66.49, "weightedAverageShsOut": 1487577, "weightedAverageShsOutDil": 1487577, "link": "https://www.sec.gov/Archives/edgar/data/88121/000008812101500004/0000088121-01-500004-index.htm", "finalLink": "https://www.sec.gov/Archives/edgar/data/88121/000008812101500004/ye10k00a.txt", "calculatedOtherExpenses": 50383000, "calculatedOperatingExpenses": 179575000, "calculatedNetInterest": 79282000, "calculatedOtherIncome": -93044000, "calculatedIncomeNonControlling": -90037000, "calculatedEbitda": 98448000}, {"date": "1999-12-31", "symbol": "SEB", "reportedCurrency": "USD", "cik": "0000088121", "fillingDate": "2000-03-10", "acceptedDate": "2000-03-10 00:00:00", "calendarYear": "1999", "period": "FY", "revenue": 1255300000, "costOfRevenue": 1089300000, "grossProfit": 166000000, "grossProfitRatio": 0.1322393053, "researchAndDevelopmentExpenses": 0, "generalAndAdministrativeExpenses": 107800000, "sellingAndMarketingExpenses": 0, "sellingGeneralAndAdministrativeExpenses": 107800000, "otherExpenses": 45600000, "operatingExpenses": 153400000, "costAndExpenses": 1242700000, "interestIncome": 0, "interestExpense": 5600000, "depreciationAndAmortization": 45600000, "ebitda": 56500000, "ebitdaratio": 0.0450091612, "operatingIncome": 12600000, "operatingIncomeRatio": 0.0100374412, "totalOtherIncomeExpensesNet": 1700000, "incomeBeforeTax": -8300000, "incomeBeforeTaxRatio": -0.0066119653, "incomeTaxExpense": 5100000, "netIncome": 200000, "netIncomeRatio": 0.0001593245, "eps": 0.03, "epsdiluted": 0.03, "weightedAverageShsOut": 1566667, "weightedAverageShsOutDil": 1818182, "link": "https://www.sec.gov/Archives/edgar/data/88121/000008812100000003/0000088121-00-000003-index.htm", "finalLink": "https://www.sec.gov/Archives/edgar/data/88121/000008812100000003/0000088121-00-000003.txt", "calculatedOtherExpenses": 45600000, "calculatedOperatingExpenses": 153400000, "calculatedNetInterest": -5600000, "calculatedOtherIncome": -15300000, "calculatedIncomeNonControlling": -13600000, "calculatedEbitda": 58200000}, {"date": "1998-12-31", "symbol": "SEB", "reportedCurrency": "USD", "cik": "0000088121", "fillingDate": "1999-03-25", "acceptedDate": "1999-03-25 00:00:00", "calendarYear": "1998", "period": "FY", "revenue": 1779900000, "costOfRevenue": 1505900000, "grossProfit": 274000000, "grossProfitRatio": 0.1539412327, "researchAndDevelopmentExpenses": 0, "generalAndAdministrativeExpenses": 147000000, "sellingAndMarketingExpenses": 0, "sellingGeneralAndAdministrativeExpenses": 147000000, "otherExpenses": 58600000, "operatingExpenses": 205600000, "costAndExpenses": 1711500000, "interestIncome": 0, "interestExpense": -65800000, "depreciationAndAmortization": 58600000, "ebitda": 78100000, "ebitdaratio": 0.0438788696, "operatingIncome": 68400000, "operatingIncomeRatio": 0.0384291252, "totalOtherIncomeExpensesNet": 48900000, "incomeBeforeTax": 85300000, "incomeBeforeTaxRatio": 0.0479240407, "incomeTaxExpense": 32900000, "netIncome": 52400000, "netIncomeRatio": 0.0294398562, "eps": 35.2, "epsdiluted": 35.2, "weightedAverageShsOut": 1447102, "weightedAverageShsOutDil": 1486359, "link": "https://www.sec.gov/Archives/edgar/data/88121/000008812199000005/0000088121-99-000005-index.htm", "finalLink": "https://www.sec.gov/Archives/edgar/data/88121/0000088121-99-000005.txt", "calculatedOtherExpenses": 58600000, "calculatedOperatingExpenses": 205600000, "calculatedNetInterest": 65800000, "calculatedOtherIncome": -48900000, "calculatedIncomeNonControlling": 0, "calculatedEbitda": 127000000}, {"date": "1997-12-31", "symbol": "SEB", "reportedCurrency": "USD", "cik": "0000088121", "fillingDate": "1998-03-26", "acceptedDate": "1998-03-26 00:00:00", "calendarYear": "1997", "period": "FY", "revenue": 1780300000, "costOfRevenue": 1504400000, "grossProfit": 275900000, "grossProfitRatio": 0.1549738808, "researchAndDevelopmentExpenses": 0, "generalAndAdministrativeExpenses": 142000000, "sellingAndMarketingExpenses": 0, "sellingGeneralAndAdministrativeExpenses": 142000000, "otherExpenses": 56900000, "operatingExpenses": 198900000, "costAndExpenses": 1703300000, "interestIncome": 0, "interestExpense": 33800000, "depreciationAndAmortization": 56900000, "ebitda": 135300000, "ebitdaratio": 0.0759984272, "operatingIncome": 77000000, "operatingIncomeRatio": 0.0432511374, "totalOtherIncomeExpensesNet": -1400000, "incomeBeforeTax": 44600000, "incomeBeforeTaxRatio": 0.0250519575, "incomeTaxExpense": 14000000, "netIncome": 30600000, "netIncomeRatio": 0.0171881144, "eps": 20.55, "epsdiluted": 20.55, "weightedAverageShsOut": 1489051, "weightedAverageShsOutDil": 1489051, "link": "https://www.sec.gov/Archives/edgar/data/88121/000008812198000003/0000088121-98-000003-index.htm", "finalLink": "https://www.sec.gov/Archives/edgar/data/88121/0000088121-98-000003.txt", "calculatedOtherExpenses": 56900000, "calculatedOperatingExpenses": 198900000, "calculatedNetInterest": -33800000, "calculatedOtherIncome": 1400000, "calculatedIncomeNonControlling": 0, "calculatedEbitda": 133900000}, {"date": "1996-12-31", "symbol": "SEB", "reportedCurrency": "USD", "cik": "0000088121", "fillingDate": "1997-03-27", "acceptedDate": "1997-03-27 00:00:00", "calendarYear": "1996", "period": "FY", "revenue": 1464400000, "costOfRevenue": 1264900000, "grossProfit": 199500000, "grossProfitRatio": 0.1362332696, "researchAndDevelopmentExpenses": 0, "generalAndAdministrativeExpenses": 128800000, "sellingAndMarketingExpenses": 0, "sellingGeneralAndAdministrativeExpenses": 128800000, "otherExpenses": 50900000, "operatingExpenses": 179700000, "costAndExpenses": 1444600000, "interestIncome": 0, "interestExpense": 9100000, "depreciationAndAmortization": 50900000, "ebitda": 63300000, "ebitdaratio": 0.0432258946, "operatingIncome": 19800000, "operatingIncomeRatio": 0.0135208959, "totalOtherIncomeExpensesNet": 7400000, "incomeBeforeTax": 300000, "incomeBeforeTaxRatio": 0.0002048621, "incomeTaxExpense": -2500000, "netIncome": 5800000, "netIncomeRatio": 0.0039606665, "eps": 3.93, "epsdiluted": 3.93, "weightedAverageShsOut": 1475827, "weightedAverageShsOutDil": 1475827, "link": "https://www.sec.gov/Archives/edgar/data/88121/000008812197000004/0000088121-97-000004-index.htm", "finalLink": "https://www.sec.gov/Archives/edgar/data/88121/0000088121-97-000004.txt", "calculatedOtherExpenses": 50900000, "calculatedOperatingExpenses": 179700000, "calculatedNetInterest": -9100000, "calculatedOtherIncome": -10400000, "calculatedIncomeNonControlling": -3000000, "calculatedEbitda": 70700000}, {"date": "1995-12-31", "symbol": "SEB", "reportedCurrency": "USD", "cik": "0000088121", "fillingDate": "1996-03-29", "acceptedDate": "1996-03-29 00:00:00", "calendarYear": "1995", "period": "FY", "revenue": 1174000000, "costOfRevenue": 958700000, "grossProfit": 215300000, "grossProfitRatio": 0.1833901193, "researchAndDevelopmentExpenses": 0, "generalAndAdministrativeExpenses": 139200000, "sellingAndMarketingExpenses": 0, "sellingGeneralAndAdministrativeExpenses": 139200000, "otherExpenses": 44900000, "operatingExpenses": 184100000, "costAndExpenses": 1142800000, "interestIncome": 0, "interestExpense": -10500000, "depreciationAndAmortization": 44900000, "ebitda": 63000000, "ebitdaratio": 0.0536626917, "operatingIncome": 31200000, "operatingIncomeRatio": 0.0265758092, "totalOtherIncomeExpensesNet": 13100000, "incomeBeforeTax": 28600000, "incomeBeforeTaxRatio": 0.0243611584, "incomeTaxExpense": 8400000, "netIncome": 20200000, "netIncomeRatio": 0.0172061329, "eps": 13.58, "epsdiluted": 13.58, "weightedAverageShsOut": 1487482, "weightedAverageShsOutDil": 1488783, "link": "https://www.sec.gov/Archives/edgar/data/88121/000008812196000013/0000088121-96-000013-index.htm", "finalLink": "https://www.sec.gov/Archives/edgar/data/88121/0000088121-96-000013.txt", "calculatedOtherExpenses": 44900000, "calculatedOperatingExpenses": 184100000, "calculatedNetInterest": 10500000, "calculatedOtherIncome": -13100000, "calculatedIncomeNonControlling": 0, "calculatedEbitda": 76100000}, {"date": "1994-12-31", "symbol": "SEB", "reportedCurrency": "USD", "cik": "0000088121", "fillingDate": "1995-03-31", "acceptedDate": "1995-03-31 00:00:00", "calendarYear": "1994", "period": "FY", "revenue": 983800000, "costOfRevenue": 791000000, "grossProfit": 192800000, "grossProfitRatio": 0.1959747916, "researchAndDevelopmentExpenses": 0, "generalAndAdministrativeExpenses": 112300000, "sellingAndMarketingExpenses": 0, "sellingGeneralAndAdministrativeExpenses": 112300000, "otherExpenses": 33400000, "operatingExpenses": 145700000, "costAndExpenses": 936700000, "interestIncome": 0, "interestExpense": -17200000, "depreciationAndAmortization": 33400000, "ebitda": 65300000, "ebitdaratio": 0.0663752795, "operatingIncome": 47100000, "operatingIncomeRatio": 0.0478755845, "totalOtherIncomeExpensesNet": 15200000, "incomeBeforeTax": 49100000, "incomeBeforeTaxRatio": 0.049908518, "incomeTaxExpense": 13900000, "netIncome": 35200000, "netIncomeRatio": 0.03577963, "eps": 23.67, "epsdiluted": 23.67, "weightedAverageShsOut": 1487114, "weightedAverageShsOutDil": 1488971, "link": "https://www.sec.gov/Archives/edgar/data/88121/000008812195000009/0000088121-95-000009-index.htm", "finalLink": "https://www.sec.gov/Archives/edgar/data/88121/0000088121-95-000009.txt", "calculatedOtherExpenses": 33400000, "calculatedOperatingExpenses": 145700000, "calculatedNetInterest": 17200000, "calculatedOtherIncome": -15200000, "calculatedIncomeNonControlling": 0, "calculatedEbitda": 80500000}, {"date": "1993-12-31", "symbol": "SEB", "reportedCurrency": "USD", "cik": "0000088121", "fillingDate": "1994-03-31", "acceptedDate": "1994-03-31 00:00:00", "calendarYear": "1993", "period": "FY", "revenue": 1142100000, "costOfRevenue": 982200000, "grossProfit": 159900000, "grossProfitRatio": 0.1400052535, "researchAndDevelopmentExpenses": 0, "generalAndAdministrativeExpenses": 0, "sellingAndMarketingExpenses": 0, "sellingGeneralAndAdministrativeExpenses": 104500000, "otherExpenses": 34400000, "operatingExpenses": 138900000, "costAndExpenses": 1121100000, "interestIncome": 0, "interestExpense": -30400000, "depreciationAndAmortization": 34400000, "ebitda": 46700000, "ebitdaratio": 0.0408895894, "operatingIncome": 21000000, "operatingIncomeRatio": 0.0183871815, "totalOtherIncomeExpensesNet": 8700000, "incomeBeforeTax": 22600000, "incomeBeforeTaxRatio": 0.0197881096, "incomeTaxExpense": 6800000, "netIncome": 35900000, "netIncomeRatio": 0.0314333246, "eps": 24.12, "epsdiluted": 24.12, "weightedAverageShsOut": 1488391, "weightedAverageShsOutDil": 1488391, "link": "https://www.sec.gov/Archives/edgar/data/88121/000008812194000006/0000088121-94-000006-index.htm", "finalLink": "https://www.sec.gov/Archives/edgar/data/88121/", "calculatedOtherExpenses": 34400000, "calculatedOperatingExpenses": 138900000, "calculatedNetInterest": 30400000, "calculatedOtherIncome": -28800000, "calculatedIncomeNonControlling": -20100000, "calculatedEbitda": 55400000}, {"date": "1992-12-31", "symbol": "SEB", "reportedCurrency": "USD", "cik": "0000088121", "fillingDate": "1992-12-31", "acceptedDate": "1992-12-31 00:00:00", "calendarYear": "1992", "period": "FY", "revenue": 1053700000, "costOfRevenue": 891300000, "grossProfit": 162400000, "grossProfitRatio": 0.1541235646, "researchAndDevelopmentExpenses": 0, "generalAndAdministrativeExpenses": 0, "sellingAndMarketingExpenses": 0, "sellingGeneralAndAdministrativeExpenses": 93200000, "otherExpenses": 29600000, "operatingExpenses": 122800000, "costAndExpenses": 1014100000, "interestIncome": 0, "interestExpense": -14600000, "depreciationAndAmortization": 29600000, "ebitda": 58600000, "ebitdaratio": 0.0556135522, "operatingIncome": 39600000, "operatingIncomeRatio": 0.0375818544, "totalOtherIncomeExpensesNet": 10600000, "incomeBeforeTax": 43600000, "incomeBeforeTaxRatio": 0.0413780013, "incomeTaxExpense": 12500000, "netIncome": 31100000, "netIncomeRatio": 0.0295150422, "eps": 20.89, "epsdiluted": 20.89, "weightedAverageShsOut": 1488751, "weightedAverageShsOutDil": 1488751, "link": null, "finalLink": null, "calculatedOtherExpenses": 29600000, "calculatedOperatingExpenses": 122800000, "calculatedNetInterest": 14600000, "calculatedOtherIncome": -10600000, "calculatedIncomeNonControlling": 0, "calculatedEbitda": 69200000}, {"date": "1991-12-31", "symbol": "SEB", "reportedCurrency": "USD", "cik": "0000088121", "fillingDate": "1991-12-31", "acceptedDate": "1991-12-31 00:00:00", "calendarYear": "1991", "period": "FY", "revenue": 875900000, "costOfRevenue": 746200000, "grossProfit": 129700000, "grossProfitRatio": 0.1480762644, "researchAndDevelopmentExpenses": 0, "generalAndAdministrativeExpenses": 0, "sellingAndMarketingExpenses": 0, "sellingGeneralAndAdministrativeExpenses": 85700000, "otherExpenses": 26100000, "operatingExpenses": 111800000, "costAndExpenses": 858000000, "interestIncome": 0, "interestExpense": -27200000, "depreciationAndAmortization": 26100000, "ebitda": 26500000, "ebitdaratio": 0.0302545953, "operatingIncome": 17900000, "operatingIncomeRatio": 0.0204361228, "totalOtherIncomeExpensesNet": 17500000, "incomeBeforeTax": 27600000, "incomeBeforeTaxRatio": 0.0315104464, "incomeTaxExpense": 6400000, "netIncome": 21200000, "netIncomeRatio": 0.0242036762, "eps": 14.28, "epsdiluted": 14.28, "weightedAverageShsOut": 1484594, "weightedAverageShsOutDil": 1484594, "link": null, "finalLink": null, "calculatedOtherExpenses": 26100000, "calculatedOperatingExpenses": 111800000, "calculatedNetInterest": 27200000, "calculatedOtherIncome": -17500000, "calculatedIncomeNonControlling": 0, "calculatedEbitda": 44000000}, {"date": "1990-12-31", "symbol": "SEB", "reportedCurrency": "USD", "cik": "0000088121", "fillingDate": "1990-12-31", "acceptedDate": "1990-12-31 00:00:00", "calendarYear": "1990", "period": "FY", "revenue": 557300000, "costOfRevenue": 441600000, "grossProfit": 115700000, "grossProfitRatio": 0.2076081105, "researchAndDevelopmentExpenses": 0, "generalAndAdministrativeExpenses": 0, "sellingAndMarketingExpenses": 0, "sellingGeneralAndAdministrativeExpenses": 70300000, "otherExpenses": 18800000, "operatingExpenses": 89100000, "costAndExpenses": 530700000, "interestIncome": 0, "interestExpense": -39600000, "depreciationAndAmortization": 18800000, "ebitda": 21700000, "ebitdaratio": 0.0389377355, "operatingIncome": 26600000, "operatingIncomeRatio": 0.0477301274, "totalOtherIncomeExpensesNet": 23700000, "incomeBeforeTax": 42500000, "incomeBeforeTaxRatio": 0.0762605419, "incomeTaxExpense": 12500000, "netIncome": 30000000, "netIncomeRatio": 0.0538309708, "eps": 20.19, "epsdiluted": 20.19, "weightedAverageShsOut": 1485884, "weightedAverageShsOutDil": 1485884, "link": null, "finalLink": null, "calculatedOtherExpenses": 18800000, "calculatedOperatingExpenses": 89100000, "calculatedNetInterest": 39600000, "calculatedOtherIncome": -23700000, "calculatedIncomeNonControlling": 0, "calculatedEbitda": 45400000}, {"date": "1989-12-31", "symbol": "SEB", "reportedCurrency": "USD", "cik": "0000088121", "fillingDate": "1989-12-31", "acceptedDate": "1989-12-31 00:00:00", "calendarYear": "1989", "period": "FY", "revenue": 518800000, "costOfRevenue": 428500000, "grossProfit": 90300000, "grossProfitRatio": 0.1740555127, "researchAndDevelopmentExpenses": 0, "generalAndAdministrativeExpenses": 0, "sellingAndMarketingExpenses": 0, "sellingGeneralAndAdministrativeExpenses": 61400000, "otherExpenses": 14300000, "operatingExpenses": 75700000, "costAndExpenses": 504200000, "interestIncome": 0, "interestExpense": -39800000, "depreciationAndAmortization": 14300000, "ebitda": 7100000, "ebitdaratio": 0.0136854279, "operatingIncome": 14600000, "operatingIncomeRatio": 0.0281418658, "totalOtherIncomeExpensesNet": 21800000, "incomeBeforeTax": 32600000, "incomeBeforeTaxRatio": 0.0628373169, "incomeTaxExpense": 13900000, "netIncome": 18700000, "netIncomeRatio": 0.0360447186, "eps": 12.56, "epsdiluted": 12.56, "weightedAverageShsOut": 1488854, "weightedAverageShsOutDil": 1488854, "link": null, "finalLink": null, "calculatedOtherExpenses": 14300000, "calculatedOperatingExpenses": 75700000, "calculatedNetInterest": 39800000, "calculatedOtherIncome": -21800000, "calculatedIncomeNonControlling": 0, "calculatedEbitda": 28900000}, {"date": "1988-12-31", "symbol": "SEB", "reportedCurrency": "USD", "cik": "0000088121", "fillingDate": "1988-12-31", "acceptedDate": "1988-12-31 00:00:00", "calendarYear": "1988", "period": "FY", "revenue": 448100000, "costOfRevenue": 357200000, "grossProfit": 90900000, "grossProfitRatio": 0.2028565052, "researchAndDevelopmentExpenses": 0, "generalAndAdministrativeExpenses": 0, "sellingAndMarketingExpenses": 0, "sellingGeneralAndAdministrativeExpenses": 53800000, "otherExpenses": 9700000, "operatingExpenses": 63500000, "costAndExpenses": 420700000, "interestIncome": 0, "interestExpense": -39600000, "depreciationAndAmortization": 9700000, "ebitda": 16100000, "ebitdaratio": 0.03592948, "operatingIncome": 27400000, "operatingIncomeRatio": 0.0611470654, "totalOtherIncomeExpensesNet": 21000000, "incomeBeforeTax": 46000000, "incomeBeforeTaxRatio": 0.1026556572, "incomeTaxExpense": 17900000, "netIncome": 28100000, "netIncomeRatio": 0.0627092167, "eps": 18.89, "epsdiluted": 18.89, "weightedAverageShsOut": 1487560, "weightedAverageShsOutDil": 1487560, "link": null, "finalLink": null, "calculatedOtherExpenses": 9700000, "calculatedOperatingExpenses": 63500000, "calculatedNetInterest": 39600000, "calculatedOtherIncome": -21000000, "calculatedIncomeNonControlling": 0, "calculatedEbitda": 37100000}, {"date": "1987-12-31", "symbol": "SEB", "reportedCurrency": "USD", "cik": "0000088121", "fillingDate": "1987-12-31", "acceptedDate": "1987-12-31 00:00:00", "calendarYear": "1987", "period": "FY", "revenue": 356600000, "costOfRevenue": 305900000, "grossProfit": 50700000, "grossProfitRatio": 0.1421761077, "researchAndDevelopmentExpenses": 0, "generalAndAdministrativeExpenses": 0, "sellingAndMarketingExpenses": 0, "sellingGeneralAndAdministrativeExpenses": 44900000, "otherExpenses": 9600000, "operatingExpenses": 54500000, "costAndExpenses": 360400000, "interestIncome": 0, "interestExpense": -24300000, "depreciationAndAmortization": 9600000, "ebitda": -8000000, "ebitdaratio": -0.0224340998, "operatingIncome": -3800000, "operatingIncomeRatio": -0.0106561974, "totalOtherIncomeExpensesNet": 13800000, "incomeBeforeTax": 6700000, "incomeBeforeTaxRatio": 0.0187885586, "incomeTaxExpense": 2000000, "netIncome": 4700000, "netIncomeRatio": 0.0131800337, "eps": 3.15, "epsdiluted": 3.15, "weightedAverageShsOut": 1492063, "weightedAverageShsOutDil": 1492063, "link": null, "finalLink": null, "calculatedOtherExpenses": 9600000, "calculatedOperatingExpenses": 54500000, "calculatedNetInterest": 24300000, "calculatedOtherIncome": -13800000, "calculatedIncomeNonControlling": 0, "calculatedEbitda": 5800000}, {"date": "1986-12-31", "symbol": "SEB", "reportedCurrency": "USD", "cik": "0000088121", "fillingDate": "1986-12-31", "acceptedDate": "1986-12-31 00:00:00", "calendarYear": "1986", "period": "FY", "revenue": 252900000, "costOfRevenue": 0, "grossProfit": 252900000, "grossProfitRatio": 1, "researchAndDevelopmentExpenses": 0, "generalAndAdministrativeExpenses": 0, "sellingAndMarketingExpenses": 0, "sellingGeneralAndAdministrativeExpenses": 0, "otherExpenses": 0, "operatingExpenses": 0, "costAndExpenses": 0, "interestIncome": 0, "interestExpense": 0, "depreciationAndAmortization": 0, "ebitda": 252900000, "ebitdaratio": 1, "operatingIncome": 252900000, "operatingIncomeRatio": 1, "totalOtherIncomeExpensesNet": 0, "incomeBeforeTax": 0, "incomeBeforeTaxRatio": 0, "incomeTaxExpense": 0, "netIncome": 0, "netIncomeRatio": 0, "eps": 14.63, "epsdiluted": 14.63, "weightedAverageShsOut": 1488000, "weightedAverageShsOutDil": 1488000, "link": null, "finalLink": null, "calculatedOtherExpenses": 0, "calculatedOperatingExpenses": 0, "calculatedNetInterest": 0, "calculatedOtherIncome": -252900000, "calculatedIncomeNonControlling": 0, "calculatedEbitda": 252900000}, {"date": "1985-12-31", "symbol": "SEB", "reportedCurrency": "USD", "cik": "0000088121", "fillingDate": "1986-05-31", "acceptedDate": "1986-05-30 20:00:00", "calendarYear": "1985", "period": "FY", "revenue": 382000000, "costOfRevenue": 309400000, "grossProfit": 72600000, "grossProfitRatio": 0.190052356, "researchAndDevelopmentExpenses": 0, "generalAndAdministrativeExpenses": 0, "sellingAndMarketingExpenses": 0, "sellingGeneralAndAdministrativeExpenses": 42600000, "otherExpenses": 0, "operatingExpenses": 51000000, "costAndExpenses": 360400000, "interestIncome": 0, "interestExpense": 0, "depreciationAndAmortization": 8400000, "ebitda": 15600000, "ebitdaratio": 0.0408376963, "operatingIncome": 21600000, "operatingIncomeRatio": 0.0565445026, "totalOtherIncomeExpensesNet": 14400000, "incomeBeforeTax": 32600000, "incomeBeforeTaxRatio": 0.0853403141, "incomeTaxExpense": 15600000, "netIncome": 17000000, "netIncomeRatio": 0.0445026178, "eps": 11.45, "epsdiluted": 11.45, "weightedAverageShsOut": 1484716, "weightedAverageShsOutDil": 1484716, "link": null, "finalLink": null, "calculatedOtherExpenses": 8400000, "calculatedOperatingExpenses": 51000000, "calculatedNetInterest": 0, "calculatedOtherIncome": 11000000, "calculatedIncomeNonControlling": 0, "calculatedEbitda": 30000000}]}