{"originalCurrency": "USD", "convertedCurrency": "USD", "report": [{"date": "2023-12-31", "symbol": "SEIC", "reportedCurrency": "USD", "cik": "0000350894", "fillingDate": "2024-02-20", "acceptedDate": "2024-02-20 13:40:03", "calendarYear": "2023", "period": "FY", "revenue": 1921600000, "costOfRevenue": 295521000, "grossProfit": 1626079000, "grossProfitRatio": 0.84621097, "researchAndDevelopmentExpenses": 129170999, "generalAndAdministrativeExpenses": 262777000, "sellingAndMarketingExpenses": 0, "sellingGeneralAndAdministrativeExpenses": 262777000, "otherExpenses": -1198798000, "operatingExpenses": 1198798000, "costAndExpenses": 1494319000, "interestIncome": 41027000, "interestExpense": 583000, "depreciationAndAmortization": 73969000, "ebitda": 501250000, "ebitdaratio": 0.2608503331, "operatingIncome": 427281000, "operatingIncomeRatio": 0.2223568901, "totalOtherIncomeExpensesNet": 167374000, "incomeBeforeTax": 594655000, "incomeBeforeTaxRatio": 0.3094582639, "incomeTaxExpense": 132396999, "netIncome": 462258000, "netIncomeRatio": 0.2405589092, "eps": 3.49, "epsdiluted": 3.46, "weightedAverageShsOut": 132592999, "weightedAverageShsOutDil": 133728000, "link": "https://www.sec.gov/Archives/edgar/data/350894/000035089424000024/0000350894-24-000024-index.htm", "finalLink": "https://www.sec.gov/Archives/edgar/data/350894/000035089424000024/seic-20231231.htm", "calculatedOtherExpenses": 806850001, "calculatedOperatingExpenses": 1198798000, "calculatedNetInterest": 40444000, "calculatedOtherIncome": 126930000, "calculatedIncomeNonControlling": 1, "calculatedEbitda": 501250000}, {"date": "2022-12-31", "symbol": "SEIC", "reportedCurrency": "USD", "cik": "0000350894", "fillingDate": "2023-02-21", "acceptedDate": "2023-02-21 13:14:03", "calendarYear": "2022", "period": "FY", "revenue": 1991037000, "costOfRevenue": 945767000, "grossProfit": 1045270000, "grossProfitRatio": 0.5249877325, "researchAndDevelopmentExpenses": 144804000, "generalAndAdministrativeExpenses": 481580000, "sellingAndMarketingExpenses": 0, "sellingGeneralAndAdministrativeExpenses": 481580000, "otherExpenses": 87937000, "operatingExpenses": 569517000, "costAndExpenses": 1515284000, "interestIncome": 13308000, "interestExpense": 749000, "depreciationAndAmortization": 225291000, "ebitda": 701044000, "ebitdaratio": 0.3520999359, "operatingIncome": 475753000, "operatingIncomeRatio": 0.2389473425, "totalOtherIncomeExpensesNet": 133527000, "incomeBeforeTax": 609280000, "incomeBeforeTaxRatio": 0.30601139, "incomeTaxExpense": 133813000, "netIncome": 475467000, "netIncomeRatio": 0.2388036988, "eps": 3.49, "epsdiluted": 3.46, "weightedAverageShsOut": 136071000, "weightedAverageShsOutDil": 137423000, "link": "https://www.sec.gov/Archives/edgar/data/350894/000035089423000012/0000350894-23-000012-index.htm", "finalLink": "https://www.sec.gov/Archives/edgar/data/350894/000035089423000012/seic-20221231.htm", "calculatedOtherExpenses": -56867000, "calculatedOperatingExpenses": 569517000, "calculatedNetInterest": 12559000, "calculatedOtherIncome": 120968000, "calculatedIncomeNonControlling": 0, "calculatedEbitda": 701044000}, {"date": "2021-12-31", "symbol": "SEIC", "reportedCurrency": "USD", "cik": "0000350894", "fillingDate": "2022-02-22", "acceptedDate": "2022-02-22 13:28:32", "calendarYear": "2021", "period": "FY", "revenue": 1918309000, "costOfRevenue": 830324000, "grossProfit": 1087985000, "grossProfitRatio": 0.5671583671, "researchAndDevelopmentExpenses": 190251000, "generalAndAdministrativeExpenses": 441971000, "sellingAndMarketingExpenses": 0, "sellingGeneralAndAdministrativeExpenses": 441971000, "otherExpenses": 92633000, "operatingExpenses": 534604000, "costAndExpenses": 1364928000, "interestIncome": 3649000, "interestExpense": 563000, "depreciationAndAmortization": 233854000, "ebitda": 787235000, "ebitdaratio": 0.4103796625, "operatingIncome": 553381000, "operatingIncomeRatio": 0.2884733377, "totalOtherIncomeExpensesNet": 140292000, "incomeBeforeTax": 693673000, "incomeBeforeTaxRatio": 0.3616064982, "incomeTaxExpense": 147080000, "netIncome": 546593000, "netIncomeRatio": 0.2849348046, "eps": 3.87, "epsdiluted": 3.81, "weightedAverageShsOut": 141216000, "weightedAverageShsOutDil": 143312000, "link": "https://www.sec.gov/Archives/edgar/data/350894/000035089422000007/0000350894-22-000007-index.htm", "finalLink": "https://www.sec.gov/Archives/edgar/data/350894/000035089422000007/seic-20211231.htm", "calculatedOtherExpenses": -97618000, "calculatedOperatingExpenses": 534604000, "calculatedNetInterest": 3086000, "calculatedOtherIncome": 137206000, "calculatedIncomeNonControlling": 0, "calculatedEbitda": 787235000}, {"date": "2020-12-31", "symbol": "SEIC", "reportedCurrency": "USD", "cik": "0000350894", "fillingDate": "2021-02-22", "acceptedDate": "2021-02-22 13:37:39", "calendarYear": "2020", "period": "FY", "revenue": 1684058000, "costOfRevenue": 738064000, "grossProfit": 945994000, "grossProfitRatio": 0.5617348096, "researchAndDevelopmentExpenses": 195190000, "generalAndAdministrativeExpenses": 416173000, "sellingAndMarketingExpenses": 0, "sellingGeneralAndAdministrativeExpenses": 416173000, "otherExpenses": 83934000, "operatingExpenses": 500107000, "costAndExpenses": 1238171000, "interestIncome": 6568000, "interestExpense": 609000, "depreciationAndAmortization": 207636000, "ebitda": 653523000, "ebitdaratio": 0.3880644253, "operatingIncome": 445887000, "operatingIncomeRatio": 0.2647693844, "totalOtherIncomeExpensesNet": 122807000, "incomeBeforeTax": 568694000, "incomeBeforeTaxRatio": 0.3376926448, "incomeTaxExpense": 121408000, "netIncome": 447286000, "netIncomeRatio": 0.2656001159, "eps": 3.05, "epsdiluted": 3, "weightedAverageShsOut": 146709000, "weightedAverageShsOutDil": 149003000, "link": "https://www.sec.gov/Archives/edgar/data/350894/000035089421000010/0000350894-21-000010-index.htm", "finalLink": "https://www.sec.gov/Archives/edgar/data/350894/000035089421000010/seic-20201231.htm", "calculatedOtherExpenses": -111256000, "calculatedOperatingExpenses": 500107000, "calculatedNetInterest": 5959000, "calculatedOtherIncome": 116848000, "calculatedIncomeNonControlling": 0, "calculatedEbitda": 653523000}, {"date": "2019-12-31", "symbol": "SEIC", "reportedCurrency": "USD", "cik": "0000350894", "fillingDate": "2020-02-24", "acceptedDate": "2020-02-24 16:37:05", "calendarYear": "2019", "period": "FY", "revenue": 1649885000, "costOfRevenue": 729328000, "grossProfit": 920557000, "grossProfitRatio": 0.5579522209, "researchAndDevelopmentExpenses": 171231000, "generalAndAdministrativeExpenses": 379278000, "sellingAndMarketingExpenses": 0, "sellingGeneralAndAdministrativeExpenses": 379278000, "otherExpenses": 80855000, "operatingExpenses": 460133000, "costAndExpenses": 1189461000, "interestIncome": 16582000, "interestExpense": 630000, "depreciationAndAmortization": 80855000, "ebitda": 709752000, "ebitdaratio": 0.4301827097, "operatingIncome": 628897000, "operatingIncomeRatio": 0.3811762638, "totalOtherIncomeExpensesNet": 2544000, "incomeBeforeTax": 631441000, "incomeBeforeTaxRatio": 0.3827181894, "incomeTaxExpense": 130015000, "netIncome": 501426000, "netIncomeRatio": 0.3039157275, "eps": 3.31, "epsdiluted": 3.24, "weightedAverageShsOut": 151540000, "weightedAverageShsOutDil": 154901000, "link": "https://www.sec.gov/Archives/edgar/data/350894/000035089420000012/0000350894-20-000012-index.htm", "finalLink": "https://www.sec.gov/Archives/edgar/data/350894/000035089420000012/seic-123119form10xk.htm", "calculatedOtherExpenses": -258849000, "calculatedOperatingExpenses": 291660000, "calculatedNetInterest": 15952000, "calculatedOtherIncome": -13408000, "calculatedIncomeNonControlling": 0, "calculatedEbitda": 709752000}, {"date": "2018-12-31", "symbol": "SEIC", "reportedCurrency": "USD", "cik": "0000350894", "fillingDate": "2019-02-25", "acceptedDate": "2019-02-25 16:07:09", "calendarYear": "2018", "period": "FY", "revenue": 1624167000, "costOfRevenue": 724195000, "grossProfit": 899972000, "grossProfitRatio": 0.5541129699, "researchAndDevelopmentExpenses": 154780000, "generalAndAdministrativeExpenses": 224667000, "sellingAndMarketingExpenses": 0, "sellingGeneralAndAdministrativeExpenses": 224667000, "otherExpenses": 77687000, "operatingExpenses": 457984000, "costAndExpenses": 1182179000, "interestIncome": 13397000, "interestExpense": 645000, "depreciationAndAmortization": 77687000, "ebitda": 692863000, "ebitdaratio": 0.4265959104, "operatingIncome": 441988000, "operatingIncomeRatio": 0.2721321145, "totalOtherIncomeExpensesNet": 159466000, "incomeBeforeTax": 614206000, "incomeBeforeTaxRatio": 0.3781667772, "incomeTaxExpense": 108338000, "netIncome": 505868000, "netIncomeRatio": 0.3114630454, "eps": 3.23, "epsdiluted": 3.14, "weightedAverageShsOut": 156579000, "weightedAverageShsOutDil": 161232000, "link": "https://www.sec.gov/Archives/edgar/data/350894/000035089419000012/0000350894-19-000012-index.htm", "finalLink": "https://www.sec.gov/Archives/edgar/data/350894/000035089419000012/seic-123118form10xk.htm", "calculatedOtherExpenses": 78537000, "calculatedOperatingExpenses": 457984000, "calculatedNetInterest": 12752000, "calculatedOtherIncome": 159466000, "calculatedIncomeNonControlling": 0, "calculatedEbitda": 519675000}, {"date": "2017-12-31", "symbol": "SEIC", "reportedCurrency": "USD", "cik": "0000350894", "fillingDate": "2018-02-22", "acceptedDate": "2018-02-22 15:21:20", "calendarYear": "2017", "period": "FY", "revenue": 1526552000, "costOfRevenue": 687038000, "grossProfit": 839514000, "grossProfitRatio": 0.5499413056, "researchAndDevelopmentExpenses": 140714000, "generalAndAdministrativeExpenses": 222723000, "sellingAndMarketingExpenses": 0, "sellingGeneralAndAdministrativeExpenses": 222723000, "otherExpenses": 75586000, "operatingExpenses": 442570000, "costAndExpenses": 1129608000, "interestIncome": 7057000, "interestExpense": 781000, "depreciationAndAmortization": 75586000, "ebitda": 632137000, "ebitdaratio": 0.4140946394, "operatingIncome": 396944000, "operatingIncomeRatio": 0.2600265173, "totalOtherIncomeExpensesNet": 153819000, "incomeBeforeTax": 557039000, "incomeBeforeTaxRatio": 0.3649001148, "incomeTaxExpense": 152650000, "netIncome": 404389000, "netIncomeRatio": 0.2649035211, "eps": 2.56, "epsdiluted": 2.49, "weightedAverageShsOut": 158177000, "weightedAverageShsOutDil": 162269000, "link": "https://www.sec.gov/Archives/edgar/data/350894/000035089418000011/0000350894-18-000011-index.htm", "finalLink": "https://www.sec.gov/Archives/edgar/data/350894/000035089418000011/seic-123117form10xk.htm", "calculatedOtherExpenses": 79133000, "calculatedOperatingExpenses": 442570000, "calculatedNetInterest": 6276000, "calculatedOtherIncome": 153819000, "calculatedIncomeNonControlling": 0, "calculatedEbitda": 472530000}, {"date": "2016-12-31", "symbol": "SEIC", "reportedCurrency": "USD", "cik": "0000350894", "fillingDate": "2017-02-22", "acceptedDate": "2017-02-22 15:10:04", "calendarYear": "2016", "period": "FY", "revenue": 1401545000, "costOfRevenue": 638058000, "grossProfit": 763487000, "grossProfitRatio": 0.5447466903, "researchAndDevelopmentExpenses": 128978000, "generalAndAdministrativeExpenses": 182786000, "sellingAndMarketingExpenses": 0, "sellingGeneralAndAdministrativeExpenses": 182786000, "otherExpenses": 71832000, "operatingExpenses": 387793000, "costAndExpenses": 1025851000, "interestIncome": 4316000, "interestExpense": 531000, "depreciationAndAmortization": 71832000, "ebitda": 577945000, "ebitdaratio": 0.4123627854, "operatingIncome": 375694000, "operatingIncomeRatio": 0.2680570371, "totalOtherIncomeExpensesNet": 129006000, "incomeBeforeTax": 508485000, "incomeBeforeTaxRatio": 0.3628031922, "incomeTaxExpense": 174668000, "netIncome": 333817000, "netIncomeRatio": 0.238177868, "eps": 2.07, "epsdiluted": 2.03, "weightedAverageShsOut": 161350000, "weightedAverageShsOutDil": 164431000, "link": "https://www.sec.gov/Archives/edgar/data/350894/000035089417000010/0000350894-17-000010-index.htm", "finalLink": "https://www.sec.gov/Archives/edgar/data/350894/000035089417000010/seic-123116form10xk.htm", "calculatedOtherExpenses": 76029000, "calculatedOperatingExpenses": 387793000, "calculatedNetInterest": 3785000, "calculatedOtherIncome": 129006000, "calculatedIncomeNonControlling": 0, "calculatedEbitda": 447526000}, {"date": "2015-12-31", "symbol": "SEIC", "reportedCurrency": "USD", "cik": "0000350894", "fillingDate": "2016-02-22", "acceptedDate": "2016-02-22 16:37:13", "calendarYear": "2015", "period": "FY", "revenue": 1334208000, "costOfRevenue": 611721000, "grossProfit": 722487000, "grossProfitRatio": 0.5415100194, "researchAndDevelopmentExpenses": 121441000, "generalAndAdministrativeExpenses": 163748000, "sellingAndMarketingExpenses": 0, "sellingGeneralAndAdministrativeExpenses": 163748000, "otherExpenses": 66674000, "operatingExpenses": 364274000, "costAndExpenses": 975995000, "interestIncome": 3358000, "interestExpense": 483000, "depreciationAndAmortization": 66674000, "ebitda": 565302000, "ebitdaratio": 0.4236985537, "operatingIncome": 358213000, "operatingIncomeRatio": 0.2684836247, "totalOtherIncomeExpensesNet": 139392000, "incomeBeforeTax": 500480000, "incomeBeforeTaxRatio": 0.3751139253, "incomeTaxExpense": 168825000, "netIncome": 331655000, "netIncomeRatio": 0.2485781827, "eps": 2, "epsdiluted": 1.96, "weightedAverageShsOut": 165725000, "weightedAverageShsOutDil": 169598000, "link": "https://www.sec.gov/Archives/edgar/data/350894/000035089416000102/0000350894-16-000102-index.htm", "finalLink": "https://www.sec.gov/Archives/edgar/data/350894/000035089416000102/seic-123115form10xk.htm", "calculatedOtherExpenses": 79085000, "calculatedOperatingExpenses": 364274000, "calculatedNetInterest": 2875000, "calculatedOtherIncome": 139392000, "calculatedIncomeNonControlling": 0, "calculatedEbitda": 424887000}, {"date": "2014-12-31", "symbol": "SEIC", "reportedCurrency": "USD", "cik": "0000350894", "fillingDate": "2015-02-23", "acceptedDate": "2015-02-23 16:41:53", "calendarYear": "2014", "period": "FY", "revenue": 1266005000, "costOfRevenue": 583188000, "grossProfit": 682817000, "grossProfitRatio": 0.5393477909, "researchAndDevelopmentExpenses": 102102000, "generalAndAdministrativeExpenses": 150281000, "sellingAndMarketingExpenses": 0, "sellingGeneralAndAdministrativeExpenses": 150281000, "otherExpenses": 61127000, "operatingExpenses": 330033000, "costAndExpenses": 913221000, "interestIncome": 3354000, "interestExpense": 458000, "depreciationAndAmortization": 61127000, "ebitda": 545051000, "ebitdaratio": 0.4305283154, "operatingIncome": 352784000, "operatingIncomeRatio": 0.278659247, "totalOtherIncomeExpensesNet": 133982000, "incomeBeforeTax": 489662000, "incomeBeforeTaxRatio": 0.3867773034, "incomeTaxExpense": 170949000, "netIncome": 318713000, "netIncomeRatio": 0.251747031, "eps": 1.89, "epsdiluted": 1.85, "weightedAverageShsOut": 168246000, "weightedAverageShsOutDil": 172565000, "link": "https://www.sec.gov/Archives/edgar/data/350894/000035089415000009/0000350894-15-000009-index.htm", "finalLink": "https://www.sec.gov/Archives/edgar/data/350894/000035089415000009/seic-123114form10xk.htm", "calculatedOtherExpenses": 77650000, "calculatedOperatingExpenses": 330033000, "calculatedNetInterest": 2896000, "calculatedOtherIncome": 133982000, "calculatedIncomeNonControlling": 0, "calculatedEbitda": 413911000}, {"date": "2013-12-31", "symbol": "SEIC", "reportedCurrency": "USD", "cik": "0000350894", "fillingDate": "2014-02-27", "acceptedDate": "2014-02-27 11:42:02", "calendarYear": "2013", "period": "FY", "revenue": 1126132000, "costOfRevenue": 535346000, "grossProfit": 590786000, "grossProfitRatio": 0.5246152316, "researchAndDevelopmentExpenses": 95184000, "generalAndAdministrativeExpenses": 169264000, "sellingAndMarketingExpenses": 0, "sellingGeneralAndAdministrativeExpenses": 169264000, "otherExpenses": 57099000, "operatingExpenses": 342377000, "costAndExpenses": 877723000, "interestIncome": 3248000, "interestExpense": 535000, "depreciationAndAmortization": 57099000, "ebitda": 426832000, "ebitdaratio": 0.379024839, "operatingIncome": 248409000, "operatingIncomeRatio": 0.2205860414, "totalOtherIncomeExpensesNet": 184276000, "incomeBeforeTax": 435398000, "incomeBeforeTaxRatio": 0.3866314073, "incomeTaxExpense": 146924000, "netIncome": 288124000, "netIncomeRatio": 0.2558527775, "eps": 1.68, "epsdiluted": 1.64, "weightedAverageShsOut": 171561000, "weightedAverageShsOutDil": 175718000, "link": "https://www.sec.gov/Archives/edgar/data/350894/000035089414000008/0000350894-14-000008-index.htm", "finalLink": "https://www.sec.gov/Archives/edgar/data/350894/000035089414000008/seic-123113x10k.htm", "calculatedOtherExpenses": 77929000, "calculatedOperatingExpenses": 342377000, "calculatedNetInterest": 2713000, "calculatedOtherIncome": 184276000, "calculatedIncomeNonControlling": 350000, "calculatedEbitda": 305508000}, {"date": "2012-12-31", "symbol": "SEIC", "reportedCurrency": "USD", "cik": "0000350894", "fillingDate": "2013-02-22", "acceptedDate": "2013-02-22 14:49:47", "calendarYear": "2012", "period": "FY", "revenue": 992522000, "costOfRevenue": 491955000, "grossProfit": 500567000, "grossProfitRatio": 0.5043384429, "researchAndDevelopmentExpenses": 83438000, "generalAndAdministrativeExpenses": 125564000, "sellingAndMarketingExpenses": 0, "sellingGeneralAndAdministrativeExpenses": 125564000, "otherExpenses": 55844000, "operatingExpenses": 289001000, "costAndExpenses": 780956000, "interestIncome": 5696000, "interestExpense": 504000, "depreciationAndAmortization": 55844000, "ebitda": 371777000, "ebitdaratio": 0.374578095, "operatingIncome": 211566000, "operatingIncomeRatio": 0.2131600106, "totalOtherIncomeExpensesNet": 112738000, "incomeBeforeTax": 329496000, "incomeBeforeTaxRatio": 0.3319785355, "incomeTaxExpense": 121462000, "netIncome": 206848000, "netIncomeRatio": 0.2084064635, "eps": 1.19, "epsdiluted": 1.18, "weightedAverageShsOut": 174295000, "weightedAverageShsOutDil": 175872000, "link": "https://www.sec.gov/Archives/edgar/data/350894/000035089413000006/0000350894-13-000006-index.htm", "finalLink": "https://www.sec.gov/Archives/edgar/data/350894/000035089413000006/seic-123112x10k.htm", "calculatedOtherExpenses": 79999000, "calculatedOperatingExpenses": 289001000, "calculatedNetInterest": 5192000, "calculatedOtherIncome": 112738000, "calculatedIncomeNonControlling": 1186000, "calculatedEbitda": 267410000}, {"date": "2011-12-31", "symbol": "SEIC", "reportedCurrency": "USD", "cik": "0000350894", "fillingDate": "2012-02-27", "acceptedDate": "2012-02-27 14:33:07", "calendarYear": "2011", "period": "FY", "revenue": 929727000, "costOfRevenue": 130571000, "grossProfit": 799156000, "grossProfitRatio": 0.8595598493, "researchAndDevelopmentExpenses": 0, "generalAndAdministrativeExpenses": 546332000, "sellingAndMarketingExpenses": 0, "sellingGeneralAndAdministrativeExpenses": 546332000, "otherExpenses": 48759000, "operatingExpenses": 595091000, "costAndExpenses": 725662000, "interestIncome": 5829000, "interestExpense": 585000, "depreciationAndAmortization": 48759000, "ebitda": 364471000, "ebitdaratio": 0.3920193777, "operatingIncome": 204065000, "operatingIncomeRatio": 0.2194891619, "totalOtherIncomeExpensesNet": 109178000, "incomeBeforeTax": 318487000, "incomeBeforeTaxRatio": 0.3425596976, "incomeTaxExpense": 111837000, "netIncome": 204959000, "netIncomeRatio": 0.2204507345, "eps": 1.12, "epsdiluted": 1.11, "weightedAverageShsOut": 182547000, "weightedAverageShsOutDil": 184127000, "link": "https://www.sec.gov/Archives/edgar/data/350894/000119312512081132/0001193125-12-081132-index.htm", "finalLink": "https://www.sec.gov/Archives/edgar/data/350894/000119312512081132/d259616d10k.htm", "calculatedOtherExpenses": 48759000, "calculatedOperatingExpenses": 595091000, "calculatedNetInterest": 5244000, "calculatedOtherIncome": 109178000, "calculatedIncomeNonControlling": 1691000, "calculatedEbitda": 252824000}, {"date": "2010-12-31", "symbol": "SEIC", "reportedCurrency": "USD", "cik": "0000350894", "fillingDate": "2011-02-24", "acceptedDate": "2011-02-24 17:27:05", "calendarYear": "2010", "period": "FY", "revenue": 900835000, "costOfRevenue": 452584000, "grossProfit": 448251000, "grossProfitRatio": 0.4975950091, "researchAndDevelopmentExpenses": 0, "generalAndAdministrativeExpenses": 184768000, "sellingAndMarketingExpenses": 0, "sellingGeneralAndAdministrativeExpenses": 184768000, "otherExpenses": 45950000, "operatingExpenses": 230718000, "costAndExpenses": 683302000, "interestIncome": 6326000, "interestExpense": 1478000, "depreciationAndAmortization": 45950000, "ebitda": 368676000, "ebitdaratio": 0.4092602974, "operatingIncome": 217533000, "operatingIncomeRatio": 0.2414792942, "totalOtherIncomeExpensesNet": 147990000, "incomeBeforeTax": 369781000, "incomeBeforeTaxRatio": 0.4104869371, "incomeTaxExpense": 136461000, "netIncome": 231687000, "netIncomeRatio": 0.2571913835, "eps": 1.23, "epsdiluted": 1.22, "weightedAverageShsOut": 188468000, "weightedAverageShsOutDil": 190321000, "link": "https://www.sec.gov/Archives/edgar/data/350894/000119312511045593/0001193125-11-045593-index.htm", "finalLink": "https://www.sec.gov/Archives/edgar/data/350894/000119312511045593/d10k.htm", "calculatedOtherExpenses": 45950000, "calculatedOperatingExpenses": 230718000, "calculatedNetInterest": 4848000, "calculatedOtherIncome": 147400000, "calculatedIncomeNonControlling": 1633000, "calculatedEbitda": 263483000}, {"date": "2009-12-31", "symbol": "SEIC", "reportedCurrency": "USD", "cik": "0000350894", "fillingDate": "2010-02-25", "acceptedDate": "2010-02-25 12:04:39", "calendarYear": "2009", "period": "FY", "revenue": 1060548000, "costOfRevenue": 436723000, "grossProfit": 623825000, "grossProfitRatio": 0.5882100574, "researchAndDevelopmentExpenses": 0, "generalAndAdministrativeExpenses": 0, "sellingAndMarketingExpenses": 0, "sellingGeneralAndAdministrativeExpenses": 193979000, "otherExpenses": 66139000, "operatingExpenses": 260118000, "costAndExpenses": 696841000, "interestIncome": 7281000, "interestExpense": 3744000, "depreciationAndAmortization": 66139000, "ebitda": 437127000, "ebitdaratio": 0.4121708777, "operatingIncome": 363707000, "operatingIncomeRatio": 0.3429425165, "totalOtherIncomeExpensesNet": -4926000, "incomeBeforeTax": 362318000, "incomeBeforeTaxRatio": 0.3416328162, "incomeTaxExpense": 89886000, "netIncome": 174335000, "netIncomeRatio": 0.1643819987, "eps": 0.91, "epsdiluted": 0.91, "weightedAverageShsOut": 190821000, "weightedAverageShsOutDil": 191783000, "link": "https://www.sec.gov/Archives/edgar/data/350894/000119312510040123/0001193125-10-040123-index.htm", "finalLink": "https://www.sec.gov/Archives/edgar/data/350894/000119312510040123/d10k.htm", "calculatedOtherExpenses": 66139000, "calculatedOperatingExpenses": 260118000, "calculatedNetInterest": 3537000, "calculatedOtherIncome": -4926000, "calculatedIncomeNonControlling": 98097000, "calculatedEbitda": 429846000}, {"date": "2008-12-31", "symbol": "SEIC", "reportedCurrency": "USD", "cik": "0000350894", "fillingDate": "2009-02-25", "acceptedDate": "2009-02-25 16:59:54", "calendarYear": "2008", "period": "FY", "revenue": 1247919000, "costOfRevenue": 481842000, "grossProfit": 766077000, "grossProfitRatio": 0.6138835934, "researchAndDevelopmentExpenses": 0, "generalAndAdministrativeExpenses": 309870000, "sellingAndMarketingExpenses": 171972000, "sellingGeneralAndAdministrativeExpenses": 481842000, "otherExpenses": -212114000, "operatingExpenses": 751570000, "costAndExpenses": 751570000, "interestIncome": 13740000, "interestExpense": 3418000, "depreciationAndAmortization": 46959000, "ebitda": 427792000, "ebitdaratio": 0.3428043006, "operatingIncome": 496349000, "operatingIncomeRatio": 0.3977413598, "totalOtherIncomeExpensesNet": -152441000, "incomeBeforeTax": 224974000, "incomeBeforeTaxRatio": 0.180279329, "incomeTaxExpense": 85720000, "netIncome": 139254000, "netIncomeRatio": 0.1115889733, "eps": 0.73, "epsdiluted": 0.71, "weightedAverageShsOut": 192057000, "weightedAverageShsOutDil": 195233000, "link": "https://www.sec.gov/Archives/edgar/data/350894/000119312509037490/0001193125-09-037490-index.htm", "finalLink": "https://www.sec.gov/Archives/edgar/data/350894/000119312509037490/d10k.htm", "calculatedOtherExpenses": -212114000, "calculatedOperatingExpenses": 269728000, "calculatedNetInterest": 10322000, "calculatedOtherIncome": -281697000, "calculatedIncomeNonControlling": 0, "calculatedEbitda": 543308000}, {"date": "2007-12-31", "symbol": "SEIC", "reportedCurrency": "USD", "cik": "0000350894", "fillingDate": "2008-02-26", "acceptedDate": "2008-02-26 15:48:45", "calendarYear": "2007", "period": "FY", "revenue": 1369028000, "costOfRevenue": 526673000, "grossProfit": 842355000, "grossProfitRatio": 0.6152942087, "researchAndDevelopmentExpenses": 0, "generalAndAdministrativeExpenses": 0, "sellingAndMarketingExpenses": 0, "sellingGeneralAndAdministrativeExpenses": 211244000, "otherExpenses": 37136000, "operatingExpenses": 248380000, "costAndExpenses": 775053000, "interestIncome": 0, "interestExpense": 0, "depreciationAndAmortization": 37136000, "ebitda": 653554000, "ebitdaratio": 0.4773854151, "operatingIncome": 593975000, "operatingIncomeRatio": 0.4338662175, "totalOtherIncomeExpensesNet": -22443000, "incomeBeforeTax": 409540000, "incomeBeforeTaxRatio": 0.2991465478, "incomeTaxExpense": 149731000, "netIncome": 259809000, "netIncomeRatio": 0.18977625, "eps": 1.32, "epsdiluted": 1.28, "weightedAverageShsOut": 196825000, "weightedAverageShsOutDil": 202975781, "link": "https://www.sec.gov/Archives/edgar/data/350894/000119312508038641/0001193125-08-038641-index.htm", "finalLink": "https://www.sec.gov/Archives/edgar/data/350894/000119312508038641/d10k.htm", "calculatedOtherExpenses": 37136000, "calculatedOperatingExpenses": 248380000, "calculatedNetInterest": 0, "calculatedOtherIncome": -184435000, "calculatedIncomeNonControlling": 0, "calculatedEbitda": 631111000}, {"date": "2006-12-31", "symbol": "SEIC", "reportedCurrency": "USD", "cik": "0000350894", "fillingDate": "2007-02-23", "acceptedDate": "2007-02-23 15:51:50", "calendarYear": "2006", "period": "FY", "revenue": 1175749000, "costOfRevenue": 463337000, "grossProfit": 712412000, "grossProfitRatio": 0.6059218422, "researchAndDevelopmentExpenses": 0, "generalAndAdministrativeExpenses": 0, "sellingAndMarketingExpenses": 0, "sellingGeneralAndAdministrativeExpenses": 184814000, "otherExpenses": 29147000, "operatingExpenses": 213961000, "costAndExpenses": 677298000, "interestIncome": 0, "interestExpense": 0, "depreciationAndAmortization": 29147000, "ebitda": 528388000, "ebitdaratio": 0.4494054428, "operatingIncome": 498451000, "operatingIncomeRatio": 0.4239433757, "totalOtherIncomeExpensesNet": -790000, "incomeBeforeTax": 358756000, "incomeBeforeTaxRatio": 0.3051297513, "incomeTaxExpense": 121766000, "netIncome": 236990000, "netIncomeRatio": 0.20156513, "eps": 1.2, "epsdiluted": 1.17, "weightedAverageShsOut": 197491667, "weightedAverageShsOutDil": 202555556, "link": "https://www.sec.gov/Archives/edgar/data/350894/000119312507038332/0001193125-07-038332-index.htm", "finalLink": "https://www.sec.gov/Archives/edgar/data/350894/000119312507038332/d10k.htm", "calculatedOtherExpenses": 29147000, "calculatedOperatingExpenses": 213961000, "calculatedNetInterest": 0, "calculatedOtherIncome": -139695000, "calculatedIncomeNonControlling": 0, "calculatedEbitda": 527598000}, {"date": "2005-12-31", "symbol": "SEIC", "reportedCurrency": "USD", "cik": "0000350894", "fillingDate": "2006-03-16", "acceptedDate": "2006-03-16 10:31:34", "calendarYear": "2005", "period": "FY", "revenue": 773007000, "costOfRevenue": 393954000, "grossProfit": 379053000, "grossProfitRatio": 0.4903616655, "researchAndDevelopmentExpenses": 0, "generalAndAdministrativeExpenses": 0, "sellingAndMarketingExpenses": 0, "sellingGeneralAndAdministrativeExpenses": 167100000, "otherExpenses": 0, "operatingExpenses": 167100000, "costAndExpenses": 561054000, "interestIncome": 0, "interestExpense": 0, "depreciationAndAmortization": 17585000, "ebitda": 227943000, "ebitdaratio": 0.2948783129, "operatingIncome": 211953000, "operatingIncomeRatio": 0.2741928598, "totalOtherIncomeExpensesNet": 76413000, "incomeBeforeTax": 295209000, "incomeBeforeTaxRatio": 0.3818969298, "incomeTaxExpense": 106865000, "netIncome": 188344000, "netIncomeRatio": 0.2436510924, "eps": 0.94, "epsdiluted": 0.92, "weightedAverageShsOut": 200365957, "weightedAverageShsOutDil": 205840437, "link": "https://www.sec.gov/Archives/edgar/data/350894/000119312506056025/0001193125-06-056025-index.htm", "finalLink": "https://www.sec.gov/Archives/edgar/data/350894/000119312506056025/d10k.htm", "calculatedOtherExpenses": 0, "calculatedOperatingExpenses": 167100000, "calculatedNetInterest": 0, "calculatedOtherIncome": 83256000, "calculatedIncomeNonControlling": 0, "calculatedEbitda": 229538000}, {"date": "2004-12-31", "symbol": "SEIC", "reportedCurrency": "USD", "cik": "0000350894", "fillingDate": "2005-03-14", "acceptedDate": "2005-03-14 15:22:51", "calendarYear": "2004", "period": "FY", "revenue": 692269000, "costOfRevenue": 321298000, "grossProfit": 370971000, "grossProfitRatio": 0.5358769496, "researchAndDevelopmentExpenses": 0, "generalAndAdministrativeExpenses": 0, "sellingAndMarketingExpenses": 0, "sellingGeneralAndAdministrativeExpenses": 161521000, "otherExpenses": 0, "operatingExpenses": 161521000, "costAndExpenses": 482819000, "interestIncome": 0, "interestExpense": 0, "depreciationAndAmortization": 16183000, "ebitda": 218096000, "ebitdaratio": 0.3150451631, "operatingIncome": 209450000, "operatingIncomeRatio": 0.3025557984, "totalOtherIncomeExpensesNet": 53248000, "incomeBeforeTax": 265131000, "incomeBeforeTaxRatio": 0.3829884048, "incomeTaxExpense": 96110000, "netIncome": 169021000, "netIncomeRatio": 0.24415509, "eps": 0.82, "epsdiluted": 0.8, "weightedAverageShsOut": 207387730, "weightedAverageShsOutDil": 211276250, "link": "https://www.sec.gov/Archives/edgar/data/350894/000119312505049381/0001193125-05-049381-index.htm", "finalLink": "https://www.sec.gov/Archives/edgar/data/350894/000119312505049381/d10k.htm", "calculatedOtherExpenses": 0, "calculatedOperatingExpenses": 161521000, "calculatedNetInterest": 0, "calculatedOtherIncome": 55681000, "calculatedIncomeNonControlling": 0, "calculatedEbitda": 225633000}, {"date": "2003-12-31", "symbol": "SEIC", "reportedCurrency": "USD", "cik": "0000350894", "fillingDate": "2004-03-15", "acceptedDate": "2004-03-15 12:10:14", "calendarYear": "2003", "period": "FY", "revenue": 636233000, "costOfRevenue": 283624000, "grossProfit": 352609000, "grossProfitRatio": 0.5542136293, "researchAndDevelopmentExpenses": 0, "generalAndAdministrativeExpenses": 0, "sellingAndMarketingExpenses": 0, "sellingGeneralAndAdministrativeExpenses": 146428000, "otherExpenses": 0, "operatingExpenses": 146428000, "costAndExpenses": 430052000, "interestIncome": 0, "interestExpense": 0, "depreciationAndAmortization": 16788000, "ebitda": 229389000, "ebitdaratio": 0.3605424428, "operatingIncome": 206181000, "operatingIncomeRatio": 0.3240652403, "totalOtherIncomeExpensesNet": 16041000, "incomeBeforeTax": 224284000, "incomeBeforeTaxRatio": 0.3525186528, "incomeTaxExpense": 81303000, "netIncome": 142981000, "netIncomeRatio": 0.2247305625, "eps": 0.68, "epsdiluted": 0.66, "weightedAverageShsOut": 210266176, "weightedAverageShsOutDil": 216637879, "link": "https://www.sec.gov/Archives/edgar/data/350894/000119312504041807/0001193125-04-041807-index.htm", "finalLink": "https://www.sec.gov/Archives/edgar/data/350894/000119312504041807/d10k.htm", "calculatedOtherExpenses": 0, "calculatedOperatingExpenses": 146428000, "calculatedNetInterest": 0, "calculatedOtherIncome": 18103000, "calculatedIncomeNonControlling": 0, "calculatedEbitda": 222969000}, {"date": "2002-12-31", "symbol": "SEIC", "reportedCurrency": "USD", "cik": "0000350894", "fillingDate": "2003-03-28", "acceptedDate": "2003-03-28 08:52:04", "calendarYear": "2002", "period": "FY", "revenue": 620819000, "costOfRevenue": 264032000, "grossProfit": 356787000, "grossProfitRatio": 0.5747037381, "researchAndDevelopmentExpenses": 0, "generalAndAdministrativeExpenses": 0, "sellingAndMarketingExpenses": 0, "sellingGeneralAndAdministrativeExpenses": 146968000, "otherExpenses": 0, "operatingExpenses": 146968000, "costAndExpenses": 411000000, "interestIncome": 0, "interestExpense": 0, "depreciationAndAmortization": 18060000, "ebitda": 230239000, "ebitdaratio": 0.3708633273, "operatingIncome": 209819000, "operatingIncomeRatio": 0.3379712928, "totalOtherIncomeExpensesNet": 10292000, "incomeBeforeTax": 223048000, "incomeBeforeTaxRatio": 0.3592802411, "incomeTaxExpense": 82528000, "netIncome": 140520000, "netIncomeRatio": 0.2263461653, "eps": 0.65, "epsdiluted": 0.63, "weightedAverageShsOut": 216184615, "weightedAverageShsOutDil": 224832000, "link": "https://www.sec.gov/Archives/edgar/data/350894/000102140803005203/0001021408-03-005203-index.htm", "finalLink": "https://www.sec.gov/Archives/edgar/data/350894/000102140803005203/d10k.txt", "calculatedOtherExpenses": 0, "calculatedOperatingExpenses": 146968000, "calculatedNetInterest": 0, "calculatedOtherIncome": 13229000, "calculatedIncomeNonControlling": 0, "calculatedEbitda": 227879000}, {"date": "2001-12-31", "symbol": "SEIC", "reportedCurrency": "USD", "cik": "0000350894", "fillingDate": "2002-03-28", "acceptedDate": "2002-03-28 00:00:00", "calendarYear": "2001", "period": "FY", "revenue": 658013000, "costOfRevenue": 298728000, "grossProfit": 359285000, "grossProfitRatio": 0.5460150483, "researchAndDevelopmentExpenses": 0, "generalAndAdministrativeExpenses": 176099000, "sellingAndMarketingExpenses": 0, "sellingGeneralAndAdministrativeExpenses": 176099000, "otherExpenses": 0, "operatingExpenses": 176099000, "costAndExpenses": 474827000, "interestIncome": 0, "interestExpense": 0, "depreciationAndAmortization": 19650000, "ebitda": 202836000, "ebitdaratio": 0.308255308, "operatingIncome": 183186000, "operatingIncomeRatio": 0.2783926761, "totalOtherIncomeExpensesNet": 10342000, "incomeBeforeTax": 198324000, "incomeBeforeTaxRatio": 0.3013983006, "incomeTaxExpense": 73380000, "netIncome": 124944000, "netIncomeRatio": 0.189880747, "eps": 0.57, "epsdiluted": 0.55, "weightedAverageShsOut": 217293913, "weightedAverageShsOutDil": 229255046, "link": "https://www.sec.gov/Archives/edgar/data/350894/000093066102000926/0000930661-02-000926-index.htm", "finalLink": "https://www.sec.gov/Archives/edgar/data/350894/000093066102000926/d10k.txt", "calculatedOtherExpenses": 0, "calculatedOperatingExpenses": 176099000, "calculatedNetInterest": 0, "calculatedOtherIncome": 15138000, "calculatedIncomeNonControlling": 0, "calculatedEbitda": 202836000}, {"date": "2000-12-31", "symbol": "SEIC", "reportedCurrency": "USD", "cik": "0000350894", "fillingDate": "2001-03-29", "acceptedDate": "2001-03-29 00:00:00", "calendarYear": "2000", "period": "FY", "revenue": 598806000, "costOfRevenue": 261719000, "grossProfit": 337087000, "grossProfitRatio": 0.5629319011, "researchAndDevelopmentExpenses": 0, "generalAndAdministrativeExpenses": 171823000, "sellingAndMarketingExpenses": 0, "sellingGeneralAndAdministrativeExpenses": 171823000, "otherExpenses": 17305000, "operatingExpenses": 189128000, "costAndExpenses": 450847000, "interestIncome": 0, "interestExpense": 0, "depreciationAndAmortization": 17305000, "ebitda": 157731000, "ebitdaratio": 0.2634091843, "operatingIncome": 147959000, "operatingIncomeRatio": 0.2470900425, "totalOtherIncomeExpensesNet": 7533000, "incomeBeforeTax": 159618000, "incomeBeforeTaxRatio": 0.2665604553, "incomeTaxExpense": 60655000, "netIncome": 98963000, "netIncomeRatio": 0.1652672151, "eps": 0.47, "epsdiluted": 0.44, "weightedAverageShsOut": 212823656, "weightedAverageShsOutDil": 227501149, "link": "https://www.sec.gov/Archives/edgar/data/350894/000103605001000535/0001036050-01-000535-index.htm", "finalLink": "https://www.sec.gov/Archives/edgar/data/350894/000103605001000535/0001036050-01-000535-0001.txt", "calculatedOtherExpenses": 17305000, "calculatedOperatingExpenses": 189128000, "calculatedNetInterest": 0, "calculatedOtherIncome": 11659000, "calculatedIncomeNonControlling": 0, "calculatedEbitda": 165264000}, {"date": "1999-12-31", "symbol": "SEIC", "reportedCurrency": "USD", "cik": "0000350894", "fillingDate": "2000-03-29", "acceptedDate": "2000-03-29 00:00:00", "calendarYear": "1999", "period": "FY", "revenue": 456200000, "costOfRevenue": 199400000, "grossProfit": 256800000, "grossProfitRatio": 0.5629110039, "researchAndDevelopmentExpenses": 0, "generalAndAdministrativeExpenses": 138500000, "sellingAndMarketingExpenses": 0, "sellingGeneralAndAdministrativeExpenses": 138500000, "otherExpenses": 15800000, "operatingExpenses": 154300000, "costAndExpenses": 353700000, "interestIncome": 0, "interestExpense": 0, "depreciationAndAmortization": 15800000, "ebitda": 111500000, "ebitdaratio": 0.2444103463, "operatingIncome": 102500000, "operatingIncomeRatio": 0.2246821569, "totalOtherIncomeExpensesNet": 6800000, "incomeBeforeTax": 109100000, "incomeBeforeTaxRatio": 0.2391494958, "incomeTaxExpense": 42000000, "netIncome": 68400000, "netIncomeRatio": 0.1499342394, "eps": 0.32, "epsdiluted": 0.3, "weightedAverageShsOut": 213750000, "weightedAverageShsOutDil": 228000000, "link": "https://www.sec.gov/Archives/edgar/data/350894/000103605000000477/0001036050-00-000477-index.htm", "finalLink": "https://www.sec.gov/Archives/edgar/data/350894/000103605000000477/0001036050-00-000477.txt", "calculatedOtherExpenses": 15800000, "calculatedOperatingExpenses": 154300000, "calculatedNetInterest": 0, "calculatedOtherIncome": 6600000, "calculatedIncomeNonControlling": -1300000, "calculatedEbitda": 118300000}, {"date": "1998-12-31", "symbol": "SEIC", "reportedCurrency": "USD", "cik": "0000350894", "fillingDate": "1999-03-29", "acceptedDate": "1999-03-29 00:00:00", "calendarYear": "1998", "period": "FY", "revenue": 366100000, "costOfRevenue": 165200000, "grossProfit": 200900000, "grossProfitRatio": 0.5487571702, "researchAndDevelopmentExpenses": 0, "generalAndAdministrativeExpenses": 117300000, "sellingAndMarketingExpenses": 0, "sellingGeneralAndAdministrativeExpenses": 117300000, "otherExpenses": 15700000, "operatingExpenses": 133000000, "costAndExpenses": 298200000, "interestIncome": 0, "interestExpense": 0, "depreciationAndAmortization": 15700000, "ebitda": 79000000, "ebitdaratio": 0.2157880361, "operatingIncome": 67900000, "operatingIncomeRatio": 0.1854684512, "totalOtherIncomeExpensesNet": 4600000, "incomeBeforeTax": 69900000, "incomeBeforeTaxRatio": 0.1909314395, "incomeTaxExpense": 26900000, "netIncome": 43700000, "netIncomeRatio": 0.1193662934, "eps": 0.2, "epsdiluted": 0.19, "weightedAverageShsOut": 214040816, "weightedAverageShsOutDil": 230000000, "link": "https://www.sec.gov/Archives/edgar/data/350894/000103605099000631/0001036050-99-000631-index.htm", "finalLink": "https://www.sec.gov/Archives/edgar/data/350894/0001036050-99-000631.txt", "calculatedOtherExpenses": 15700000, "calculatedOperatingExpenses": 133000000, "calculatedNetInterest": 0, "calculatedOtherIncome": 2000000, "calculatedIncomeNonControlling": -700000, "calculatedEbitda": 83600000}, {"date": "1997-12-31", "symbol": "SEIC", "reportedCurrency": "USD", "cik": "0000350894", "fillingDate": "1998-03-27", "acceptedDate": "1998-03-27 00:00:00", "calendarYear": "1997", "period": "FY", "revenue": 292700000, "costOfRevenue": 134400000, "grossProfit": 158300000, "grossProfitRatio": 0.5408267851, "researchAndDevelopmentExpenses": 0, "generalAndAdministrativeExpenses": 98700000, "sellingAndMarketingExpenses": 0, "sellingGeneralAndAdministrativeExpenses": 98700000, "otherExpenses": 14100000, "operatingExpenses": 112800000, "costAndExpenses": 247200000, "interestIncome": 0, "interestExpense": 0, "depreciationAndAmortization": 14100000, "ebitda": 58600000, "ebitdaratio": 0.200204988, "operatingIncome": 45500000, "operatingIncomeRatio": 0.1554492655, "totalOtherIncomeExpensesNet": 1000000, "incomeBeforeTax": 44000000, "incomeBeforeTaxRatio": 0.1503245644, "incomeTaxExpense": 17200000, "netIncome": 26800000, "netIncomeRatio": 0.0915613256, "eps": 0.12, "epsdiluted": 0.12, "weightedAverageShsOut": 218775510, "weightedAverageShsOutDil": 229714286, "link": "https://www.sec.gov/Archives/edgar/data/350894/000103605098000479/0001036050-98-000479-index.htm", "finalLink": "https://www.sec.gov/Archives/edgar/data/350894/000103605098000479/", "calculatedOtherExpenses": 14100000, "calculatedOperatingExpenses": 112800000, "calculatedNetInterest": 0, "calculatedOtherIncome": -1500000, "calculatedIncomeNonControlling": 0, "calculatedEbitda": 59600000}, {"date": "1996-12-31", "symbol": "SEIC", "reportedCurrency": "USD", "cik": "0000350894", "fillingDate": "1997-03-31", "acceptedDate": "1997-03-31 00:00:00", "calendarYear": "1996", "period": "FY", "revenue": 247800000, "costOfRevenue": 119700000, "grossProfit": 128100000, "grossProfitRatio": 0.5169491525, "researchAndDevelopmentExpenses": 0, "generalAndAdministrativeExpenses": 82000000, "sellingAndMarketingExpenses": 0, "sellingGeneralAndAdministrativeExpenses": 82000000, "otherExpenses": 10000000, "operatingExpenses": 92000000, "costAndExpenses": 211700000, "interestIncome": 0, "interestExpense": 0, "depreciationAndAmortization": 10000000, "ebitda": 44200000, "ebitdaratio": 0.1783696529, "operatingIncome": 36100000, "operatingIncomeRatio": 0.1456820016, "totalOtherIncomeExpensesNet": 1900000, "incomeBeforeTax": 37900000, "incomeBeforeTaxRatio": 0.1529459241, "incomeTaxExpense": 14800000, "netIncome": 6800000, "netIncomeRatio": 0.0274414851, "eps": 0.0292, "epsdiluted": 0.0292, "weightedAverageShsOut": 233142857, "weightedAverageShsOutDil": 233142857, "link": "https://www.sec.gov/Archives/edgar/data/350894/000103605097000049/0001036050-97-000049-index.htm", "finalLink": "https://www.sec.gov/Archives/edgar/data/350894/0001036050-97-000049.txt", "calculatedOtherExpenses": 10000000, "calculatedOperatingExpenses": 92000000, "calculatedNetInterest": 0, "calculatedOtherIncome": 1800000, "calculatedIncomeNonControlling": 16300000, "calculatedEbitda": 46100000}, {"date": "1995-12-31", "symbol": "SEIC", "reportedCurrency": "USD", "cik": "0000350894", "fillingDate": "1996-03-29", "acceptedDate": "1996-03-29 00:00:00", "calendarYear": "1995", "period": "FY", "revenue": 226000000, "costOfRevenue": 103800000, "grossProfit": 122200000, "grossProfitRatio": 0.5407079646, "researchAndDevelopmentExpenses": 0, "generalAndAdministrativeExpenses": 75900000, "sellingAndMarketingExpenses": 0, "sellingGeneralAndAdministrativeExpenses": 75900000, "otherExpenses": 11600000, "operatingExpenses": 87500000, "costAndExpenses": 191300000, "interestIncome": 0, "interestExpense": 0, "depreciationAndAmortization": 11600000, "ebitda": 45500000, "ebitdaratio": 0.2013274336, "operatingIncome": 34700000, "operatingIncomeRatio": 0.153539823, "totalOtherIncomeExpensesNet": 800000, "incomeBeforeTax": 35500000, "incomeBeforeTaxRatio": 0.157079646, "incomeTaxExpense": 14400000, "netIncome": 19200000, "netIncomeRatio": 0.0849557522, "eps": 0.0825, "epsdiluted": 0.0825, "weightedAverageShsOut": 232727273, "weightedAverageShsOutDil": 245454545, "link": "https://www.sec.gov/Archives/edgar/data/350894/000095010996001878/0000950109-96-001878-index.htm", "finalLink": "https://www.sec.gov/Archives/edgar/data/350894/0000950109-96-001878.txt", "calculatedOtherExpenses": 11600000, "calculatedOperatingExpenses": 87500000, "calculatedNetInterest": 0, "calculatedOtherIncome": 800000, "calculatedIncomeNonControlling": 1900000, "calculatedEbitda": 46300000}, {"date": "1994-12-31", "symbol": "SEIC", "reportedCurrency": "USD", "cik": "0000350894", "fillingDate": "1994-12-31", "acceptedDate": "1994-12-30 19:00:00", "calendarYear": "1994", "period": "FY", "revenue": 263800000, "costOfRevenue": 139300000, "grossProfit": 124500000, "grossProfitRatio": 0.4719484458, "researchAndDevelopmentExpenses": 0, "generalAndAdministrativeExpenses": 0, "sellingAndMarketingExpenses": 0, "sellingGeneralAndAdministrativeExpenses": 77600000, "otherExpenses": 15700000, "operatingExpenses": 93300000, "costAndExpenses": 232600000, "interestIncome": 0, "interestExpense": 0, "depreciationAndAmortization": 15700000, "ebitda": 46500000, "ebitdaratio": 0.1762699014, "operatingIncome": 31200000, "operatingIncomeRatio": 0.1182714177, "totalOtherIncomeExpensesNet": 400000, "incomeBeforeTax": 31600000, "incomeBeforeTaxRatio": 0.119787718, "incomeTaxExpense": 12300000, "netIncome": 19300000, "netIncomeRatio": 0.073161486, "eps": 0.085, "epsdiluted": 0.08, "weightedAverageShsOut": 227058824, "weightedAverageShsOutDil": 241250000, "link": "", "finalLink": "", "calculatedOtherExpenses": 15700000, "calculatedOperatingExpenses": 93300000, "calculatedNetInterest": 0, "calculatedOtherIncome": 400000, "calculatedIncomeNonControlling": 0, "calculatedEbitda": 46900000}, {"date": "1993-12-31", "symbol": "SEIC", "reportedCurrency": "USD", "cik": "0000350894", "fillingDate": "1993-12-31", "acceptedDate": "1993-12-30 19:00:00", "calendarYear": "1993", "period": "FY", "revenue": 247200000, "costOfRevenue": 139100000, "grossProfit": 108100000, "grossProfitRatio": 0.4372977346, "researchAndDevelopmentExpenses": 0, "generalAndAdministrativeExpenses": 0, "sellingAndMarketingExpenses": 0, "sellingGeneralAndAdministrativeExpenses": 66300000, "otherExpenses": 16100000, "operatingExpenses": 82400000, "costAndExpenses": 221500000, "interestIncome": 0, "interestExpense": 0, "depreciationAndAmortization": 16100000, "ebitda": 41500000, "ebitdaratio": 0.1678802589, "operatingIncome": 25700000, "operatingIncomeRatio": 0.1039644013, "totalOtherIncomeExpensesNet": 300000, "incomeBeforeTax": 26000000, "incomeBeforeTaxRatio": 0.1051779935, "incomeTaxExpense": 9900000, "netIncome": 16100000, "netIncomeRatio": 0.0651294498, "eps": 0.07, "epsdiluted": 0.07, "weightedAverageShsOut": 230000000, "weightedAverageShsOutDil": 230000000, "link": "", "finalLink": "", "calculatedOtherExpenses": 16100000, "calculatedOperatingExpenses": 82400000, "calculatedNetInterest": 0, "calculatedOtherIncome": 300000, "calculatedIncomeNonControlling": 0, "calculatedEbitda": 41800000}, {"date": "1992-12-31", "symbol": "SEIC", "reportedCurrency": "USD", "cik": "0000350894", "fillingDate": "1992-12-31", "acceptedDate": "1992-12-30 19:00:00", "calendarYear": "1992", "period": "FY", "revenue": 208700000, "costOfRevenue": 108200000, "grossProfit": 100500000, "grossProfitRatio": 0.4815524677, "researchAndDevelopmentExpenses": 0, "generalAndAdministrativeExpenses": 0, "sellingAndMarketingExpenses": 0, "sellingGeneralAndAdministrativeExpenses": 66400000, "otherExpenses": 16300000, "operatingExpenses": 82700000, "costAndExpenses": 190900000, "interestIncome": 0, "interestExpense": 0, "depreciationAndAmortization": 16300000, "ebitda": 33600000, "ebitdaratio": 0.1609966459, "operatingIncome": 17800000, "operatingIncomeRatio": 0.0852898898, "totalOtherIncomeExpensesNet": 500000, "incomeBeforeTax": 18200000, "incomeBeforeTaxRatio": 0.0872065165, "incomeTaxExpense": 6900000, "netIncome": 12900000, "netIncomeRatio": 0.0618112123, "eps": 0.055, "epsdiluted": 0.055, "weightedAverageShsOut": 234545455, "weightedAverageShsOutDil": 234545455, "link": "", "finalLink": "", "calculatedOtherExpenses": 16300000, "calculatedOperatingExpenses": 82700000, "calculatedNetInterest": 0, "calculatedOtherIncome": 400000, "calculatedIncomeNonControlling": -1600000, "calculatedEbitda": 34100000}, {"date": "1991-12-31", "symbol": "SEIC", "reportedCurrency": "USD", "cik": "0000350894", "fillingDate": "1991-12-31", "acceptedDate": "1991-12-30 19:00:00", "calendarYear": "1991", "period": "FY", "revenue": 187900000, "costOfRevenue": 90600000, "grossProfit": 97300000, "grossProfitRatio": 0.5178286323, "researchAndDevelopmentExpenses": 0, "generalAndAdministrativeExpenses": 0, "sellingAndMarketingExpenses": 0, "sellingGeneralAndAdministrativeExpenses": 56200000, "otherExpenses": 15800000, "operatingExpenses": 72000000, "costAndExpenses": 162600000, "interestIncome": 0, "interestExpense": 0, "depreciationAndAmortization": 15800000, "ebitda": 40300000, "ebitdaratio": 0.214475785, "operatingIncome": 25300000, "operatingIncomeRatio": 0.1346460883, "totalOtherIncomeExpensesNet": 800000, "incomeBeforeTax": 26000000, "incomeBeforeTaxRatio": 0.1383714742, "incomeTaxExpense": 10000000, "netIncome": 12100000, "netIncomeRatio": 0.0643959553, "eps": 0.045, "epsdiluted": 0.045, "weightedAverageShsOut": 268888889, "weightedAverageShsOutDil": 268888889, "link": "", "finalLink": "", "calculatedOtherExpenses": 15800000, "calculatedOperatingExpenses": 72000000, "calculatedNetInterest": 0, "calculatedOtherIncome": 700000, "calculatedIncomeNonControlling": 3900000, "calculatedEbitda": 41100000}, {"date": "1990-12-31", "symbol": "SEIC", "reportedCurrency": "USD", "cik": "0000350894", "fillingDate": "1990-12-31", "acceptedDate": "1990-12-30 19:00:00", "calendarYear": "1990", "period": "FY", "revenue": 171900000, "costOfRevenue": 79600000, "grossProfit": 92300000, "grossProfitRatio": 0.5369400814, "researchAndDevelopmentExpenses": 0, "generalAndAdministrativeExpenses": 0, "sellingAndMarketingExpenses": 0, "sellingGeneralAndAdministrativeExpenses": 56700000, "otherExpenses": 16500000, "operatingExpenses": 73200000, "costAndExpenses": 152800000, "interestIncome": 0, "interestExpense": 0, "depreciationAndAmortization": 16500000, "ebitda": 35300000, "ebitdaratio": 0.2053519488, "operatingIncome": 19100000, "operatingIncomeRatio": 0.1111111111, "totalOtherIncomeExpensesNet": 300000, "incomeBeforeTax": 19500000, "incomeBeforeTaxRatio": 0.1134380454, "incomeTaxExpense": 7400000, "netIncome": 12100000, "netIncomeRatio": 0.0703897615, "eps": 0.045, "epsdiluted": 0.045, "weightedAverageShsOut": 268888889, "weightedAverageShsOutDil": 268888889, "link": "", "finalLink": "", "calculatedOtherExpenses": 16500000, "calculatedOperatingExpenses": 73200000, "calculatedNetInterest": 0, "calculatedOtherIncome": 400000, "calculatedIncomeNonControlling": 0, "calculatedEbitda": 35600000}, {"date": "1989-12-31", "symbol": "SEIC", "reportedCurrency": "USD", "cik": "0000350894", "fillingDate": "1989-12-31", "acceptedDate": "1989-12-30 19:00:00", "calendarYear": "1989", "period": "FY", "revenue": 149100000, "costOfRevenue": 70200000, "grossProfit": 78900000, "grossProfitRatio": 0.5291750503, "researchAndDevelopmentExpenses": 0, "generalAndAdministrativeExpenses": 0, "sellingAndMarketingExpenses": 0, "sellingGeneralAndAdministrativeExpenses": 46400000, "otherExpenses": 13800000, "operatingExpenses": 60200000, "costAndExpenses": 130400000, "interestIncome": 0, "interestExpense": 0, "depreciationAndAmortization": 13800000, "ebitda": 32200000, "ebitdaratio": 0.2159624413, "operatingIncome": 18700000, "operatingIncomeRatio": 0.1254191818, "totalOtherIncomeExpensesNet": 300000, "incomeBeforeTax": 19100000, "incomeBeforeTaxRatio": 0.128101945, "incomeTaxExpense": 7000000, "netIncome": 12100000, "netIncomeRatio": 0.0811535882, "eps": 0.045, "epsdiluted": 0.045, "weightedAverageShsOut": 268888889, "weightedAverageShsOutDil": 268888889, "link": "", "finalLink": "", "calculatedOtherExpenses": 13800000, "calculatedOperatingExpenses": 60200000, "calculatedNetInterest": 0, "calculatedOtherIncome": 400000, "calculatedIncomeNonControlling": 0, "calculatedEbitda": 32500000}, {"date": "1988-12-31", "symbol": "SEIC", "reportedCurrency": "USD", "cik": "0000350894", "fillingDate": "1988-12-31", "acceptedDate": "1988-12-30 19:00:00", "calendarYear": "1988", "period": "FY", "revenue": 131800000, "costOfRevenue": 61700000, "grossProfit": 70100000, "grossProfitRatio": 0.5318664643, "researchAndDevelopmentExpenses": 0, "generalAndAdministrativeExpenses": 0, "sellingAndMarketingExpenses": 0, "sellingGeneralAndAdministrativeExpenses": 41000000, "otherExpenses": 10200000, "operatingExpenses": 51200000, "costAndExpenses": 112900000, "interestIncome": 0, "interestExpense": 0, "depreciationAndAmortization": 10200000, "ebitda": 27900000, "ebitdaratio": 0.2116843703, "operatingIncome": 18900000, "operatingIncomeRatio": 0.1433990895, "totalOtherIncomeExpensesNet": 1200000, "incomeBeforeTax": 20200000, "incomeBeforeTaxRatio": 0.153262519, "incomeTaxExpense": 7000000, "netIncome": 13200000, "netIncomeRatio": 0.1001517451, "eps": 0.045, "epsdiluted": 0.045, "weightedAverageShsOut": 293333333, "weightedAverageShsOutDil": 293333333, "link": "", "finalLink": "", "calculatedOtherExpenses": 10200000, "calculatedOperatingExpenses": 51200000, "calculatedNetInterest": 0, "calculatedOtherIncome": 1300000, "calculatedIncomeNonControlling": 0, "calculatedEbitda": 29100000}, {"date": "1987-12-31", "symbol": "SEIC", "reportedCurrency": "USD", "cik": "0000350894", "fillingDate": "1987-12-31", "acceptedDate": "1987-12-30 19:00:00", "calendarYear": "1987", "period": "FY", "revenue": 122700000, "costOfRevenue": 61500000, "grossProfit": 61200000, "grossProfitRatio": 0.4987775061, "researchAndDevelopmentExpenses": 0, "generalAndAdministrativeExpenses": 0, "sellingAndMarketingExpenses": 0, "sellingGeneralAndAdministrativeExpenses": 34800000, "otherExpenses": 11400000, "operatingExpenses": 46200000, "costAndExpenses": 107700000, "interestIncome": 0, "interestExpense": 0, "depreciationAndAmortization": 11400000, "ebitda": 26200000, "ebitdaratio": 0.2135289324, "operatingIncome": 15000000, "operatingIncomeRatio": 0.1222493888, "totalOtherIncomeExpensesNet": 200000, "incomeBeforeTax": 15200000, "incomeBeforeTaxRatio": 0.1238793806, "incomeTaxExpense": 5800000, "netIncome": 9400000, "netIncomeRatio": 0.076609617, "eps": 0.035, "epsdiluted": 0.035, "weightedAverageShsOut": 268571429, "weightedAverageShsOutDil": 268571429, "link": "", "finalLink": "", "calculatedOtherExpenses": 11400000, "calculatedOperatingExpenses": 46200000, "calculatedNetInterest": 0, "calculatedOtherIncome": 200000, "calculatedIncomeNonControlling": 0, "calculatedEbitda": 26400000}, {"date": "1986-12-31", "symbol": "SEIC", "reportedCurrency": "USD", "cik": "0000350894", "fillingDate": "1986-12-31", "acceptedDate": "1986-12-30 19:00:00", "calendarYear": "1986", "period": "FY", "revenue": 118500000, "costOfRevenue": 68900000, "grossProfit": 49600000, "grossProfitRatio": 0.4185654008, "researchAndDevelopmentExpenses": 0, "generalAndAdministrativeExpenses": 0, "sellingAndMarketingExpenses": 0, "sellingGeneralAndAdministrativeExpenses": 33800000, "otherExpenses": 13000000, "operatingExpenses": 46800000, "costAndExpenses": 115700000, "interestIncome": 0, "interestExpense": 0, "depreciationAndAmortization": 13000000, "ebitda": 27700000, "ebitdaratio": 0.2337552743, "operatingIncome": 2800000, "operatingIncomeRatio": 0.023628692, "totalOtherIncomeExpensesNet": -11900000, "incomeBeforeTax": -10600000, "incomeBeforeTaxRatio": -0.0894514768, "incomeTaxExpense": -3500000, "netIncome": -7100000, "netIncomeRatio": -0.0599156118, "eps": -0.025, "epsdiluted": -0.025, "weightedAverageShsOut": 284000000, "weightedAverageShsOutDil": 284000000, "link": "", "finalLink": "", "calculatedOtherExpenses": 13000000, "calculatedOperatingExpenses": 46800000, "calculatedNetInterest": 0, "calculatedOtherIncome": -13400000, "calculatedIncomeNonControlling": 0, "calculatedEbitda": 15800000}, {"date": "1985-12-31", "symbol": "SEIC", "reportedCurrency": "USD", "cik": "0000350894", "fillingDate": "1985-12-31", "acceptedDate": "1985-12-30 19:00:00", "calendarYear": "1985", "period": "FY", "revenue": 105600000, "costOfRevenue": 59000000, "grossProfit": 46600000, "grossProfitRatio": 0.4412878788, "researchAndDevelopmentExpenses": 0, "generalAndAdministrativeExpenses": 0, "sellingAndMarketingExpenses": 0, "sellingGeneralAndAdministrativeExpenses": 25400000, "otherExpenses": 12300000, "operatingExpenses": 37700000, "costAndExpenses": 96700000, "interestIncome": 0, "interestExpense": 0, "depreciationAndAmortization": 12300000, "ebitda": 20700000, "ebitdaratio": 0.1960227273, "operatingIncome": 8900000, "operatingIncomeRatio": 0.084280303, "totalOtherIncomeExpensesNet": 500000, "incomeBeforeTax": 6000000, "incomeBeforeTaxRatio": 0.0568181818, "incomeTaxExpense": 2200000, "netIncome": 3800000, "netIncomeRatio": 0.0359848485, "eps": 0.015, "epsdiluted": 0.015, "weightedAverageShsOut": 253333333, "weightedAverageShsOutDil": 253333333, "link": "", "finalLink": "", "calculatedOtherExpenses": 12300000, "calculatedOperatingExpenses": 37700000, "calculatedNetInterest": 0, "calculatedOtherIncome": -2900000, "calculatedIncomeNonControlling": 0, "calculatedEbitda": 21200000}]}