{"originalCurrency": "USD", "convertedCurrency": "USD", "report": [{"date": "2023-12-31", "symbol": "SEM", "reportedCurrency": "USD", "cik": "0001320414", "fillingDate": "2024-02-22", "acceptedDate": "2024-02-22 16:33:43", "calendarYear": "2023", "period": "FY", "revenue": 6664058000, "costOfRevenue": 5732017000, "grossProfit": 932041000, "grossProfitRatio": 0.1398608776, "researchAndDevelopmentExpenses": 0, "generalAndAdministrativeExpenses": 170193000, "sellingAndMarketingExpenses": 0, "sellingGeneralAndAdministrativeExpenses": 170193000, "otherExpenses": 0, "operatingExpenses": 377167000, "costAndExpenses": 6109184000, "interestIncome": 0, "interestExpense": 198639000, "depreciationAndAmortization": 208742000, "ebitda": 804429000, "ebitdaratio": 0.1207115844, "operatingIncome": 554874000, "operatingIncomeRatio": 0.0832636811, "totalOtherIncomeExpensesNet": 26121000, "incomeBeforeTax": 382356000, "incomeBeforeTaxRatio": 0.0573758512, "incomeTaxExpense": 82625000, "netIncome": 243491000, "netIncomeRatio": 0.0365379473, "eps": 1.91, "epsdiluted": 1.91, "weightedAverageShsOut": 123105000, "weightedAverageShsOutDil": 123105000, "link": "https://www.sec.gov/Archives/edgar/data/1320414/000162828024006385/0001628280-24-006385-index.htm", "finalLink": "https://www.sec.gov/Archives/edgar/data/1320414/000162828024006385/sem-20231231.htm", "calculatedOtherExpenses": 206974000, "calculatedOperatingExpenses": 377167000, "calculatedNetInterest": -198639000, "calculatedOtherIncome": 26121000, "calculatedIncomeNonControlling": 56240000, "calculatedEbitda": 763616000}, {"date": "2022-12-31", "symbol": "SEM", "reportedCurrency": "USD", "cik": "0001320414", "fillingDate": "2023-02-23", "acceptedDate": "2023-02-23 16:34:08", "calendarYear": "2022", "period": "FY", "revenue": 6333538000, "costOfRevenue": 5600161000, "grossProfit": 733377000, "grossProfitRatio": 0.1157926265, "researchAndDevelopmentExpenses": 0, "generalAndAdministrativeExpenses": 153035000, "sellingAndMarketingExpenses": 0, "sellingGeneralAndAdministrativeExpenses": 153035000, "otherExpenses": 177059000, "operatingExpenses": 330094000, "costAndExpenses": 5930255000, "interestIncome": 169111000, "interestExpense": 169111000, "depreciationAndAmortization": 232232000, "ebitda": 635515000, "ebitdaratio": 0.1003412311, "operatingIncome": 403283000, "operatingIncomeRatio": 0.0636742055, "totalOtherIncomeExpensesNet": -142704000, "incomeBeforeTax": 260579000, "incomeBeforeTaxRatio": 0.0411427231, "incomeTaxExpense": 62553000, "netIncome": 158994000, "netIncomeRatio": 0.0251035045, "eps": 1.23, "epsdiluted": 1.23, "weightedAverageShsOut": 124628000, "weightedAverageShsOutDil": 124628000, "link": "https://www.sec.gov/Archives/edgar/data/1320414/000162828023004854/0001628280-23-004854-index.htm", "finalLink": "https://www.sec.gov/Archives/edgar/data/1320414/000162828023004854/sem-20221231.htm", "calculatedOtherExpenses": 177059000, "calculatedOperatingExpenses": 330094000, "calculatedNetInterest": 0, "calculatedOtherIncome": -142704000, "calculatedIncomeNonControlling": 39032000, "calculatedEbitda": 635515000}, {"date": "2021-12-31", "symbol": "SEM", "reportedCurrency": "USD", "cik": "0001320414", "fillingDate": "2022-02-24", "acceptedDate": "2022-02-24 16:34:25", "calendarYear": "2021", "period": "FY", "revenue": 6204515000, "costOfRevenue": 5285149000, "grossProfit": 919366000, "grossProfitRatio": 0.1481769324, "researchAndDevelopmentExpenses": 0, "generalAndAdministrativeExpenses": 146975000, "sellingAndMarketingExpenses": 0, "sellingGeneralAndAdministrativeExpenses": 146975000, "otherExpenses": 58617000, "operatingExpenses": 205592000, "costAndExpenses": 5490741000, "interestIncome": 5350000, "interestExpense": 135985000, "depreciationAndAmortization": 252423000, "ebitda": 966197000, "ebitdaratio": 0.155724823, "operatingIncome": 713774000, "operatingIncomeRatio": 0.1150410628, "totalOtherIncomeExpensesNet": -84052000, "incomeBeforeTax": 629722000, "incomeBeforeTaxRatio": 0.1014941539, "incomeTaxExpense": 129773000, "netIncome": 402225000, "netIncomeRatio": 0.0648277907, "eps": 2.99, "epsdiluted": 2.99, "weightedAverageShsOut": 130249000, "weightedAverageShsOutDil": 130249000, "link": "https://www.sec.gov/Archives/edgar/data/1320414/000162828022003840/0001628280-22-003840-index.htm", "finalLink": "https://www.sec.gov/Archives/edgar/data/1320414/000162828022003840/sem-20211231.htm", "calculatedOtherExpenses": 58617000, "calculatedOperatingExpenses": 205592000, "calculatedNetInterest": -130635000, "calculatedOtherIncome": 46583000, "calculatedIncomeNonControlling": 97724000, "calculatedEbitda": 966197000}, {"date": "2020-12-31", "symbol": "SEM", "reportedCurrency": "USD", "cik": "0001320414", "fillingDate": "2021-02-25", "acceptedDate": "2021-02-25 16:36:06", "calendarYear": "2020", "period": "FY", "revenue": 5531713000, "costOfRevenue": 4710372000, "grossProfit": 821341000, "grossProfitRatio": 0.1484785997, "researchAndDevelopmentExpenses": 0, "generalAndAdministrativeExpenses": 138037000, "sellingAndMarketingExpenses": 0, "sellingGeneralAndAdministrativeExpenses": 138037000, "otherExpenses": 115647000, "operatingExpenses": 253684000, "costAndExpenses": 4964056000, "interestIncome": 153011000, "interestExpense": 153011000, "depreciationAndAmortization": 235099000, "ebitda": 802756000, "ebitdaratio": 0.1451188809, "operatingIncome": 567657000, "operatingIncomeRatio": 0.1026186644, "totalOtherIncomeExpensesNet": -111184000, "incomeBeforeTax": 456473000, "incomeBeforeTaxRatio": 0.0825192847, "incomeTaxExpense": 111867000, "netIncome": 258995000, "netIncomeRatio": 0.0468200357, "eps": 1.93, "epsdiluted": 1.93, "weightedAverageShsOut": 129780000, "weightedAverageShsOutDil": 129780000, "link": "https://www.sec.gov/Archives/edgar/data/1320414/000162828021003313/0001628280-21-003313-index.htm", "finalLink": "https://www.sec.gov/Archives/edgar/data/1320414/000162828021003313/sem-20201231.htm", "calculatedOtherExpenses": 115647000, "calculatedOperatingExpenses": 253684000, "calculatedNetInterest": 0, "calculatedOtherIncome": -111184000, "calculatedIncomeNonControlling": 85611000, "calculatedEbitda": 802756000}, {"date": "2019-12-31", "symbol": "SEM", "reportedCurrency": "USD", "cik": "0001320414", "fillingDate": "2020-02-20", "acceptedDate": "2020-02-20 16:41:25", "calendarYear": "2019", "period": "FY", "revenue": 5453922000, "costOfRevenue": 4641002000, "grossProfit": 812920000, "grossProfitRatio": 0.14905237, "researchAndDevelopmentExpenses": 0, "generalAndAdministrativeExpenses": 128463000, "sellingAndMarketingExpenses": 0, "sellingGeneralAndAdministrativeExpenses": 128463000, "otherExpenses": 212576000, "operatingExpenses": 341039000, "costAndExpenses": 4982041000, "interestIncome": 200570000, "interestExpense": 200570000, "depreciationAndAmortization": 237565000, "ebitda": 709446000, "ebitdaratio": 0.1300799681, "operatingIncome": 471881000, "operatingIncomeRatio": 0.0865214061, "totalOtherIncomeExpensesNet": -207132000, "incomeBeforeTax": 264749000, "incomeBeforeTaxRatio": 0.0485428651, "incomeTaxExpense": 63718000, "netIncome": 201031000, "netIncomeRatio": 0.0368598964, "eps": 1.54, "epsdiluted": 1.54, "weightedAverageShsOut": 130247999, "weightedAverageShsOutDil": 130276000, "link": "https://www.sec.gov/Archives/edgar/data/1320414/000162828020001905/0001628280-20-001905-index.htm", "finalLink": "https://www.sec.gov/Archives/edgar/data/1320414/000162828020001905/sem-12311910k.htm", "calculatedOtherExpenses": 212576000, "calculatedOperatingExpenses": 341039000, "calculatedNetInterest": 0, "calculatedOtherIncome": -207132000, "calculatedIncomeNonControlling": 0, "calculatedEbitda": 709446000}, {"date": "2018-12-31", "symbol": "SEM", "reportedCurrency": "USD", "cik": "0001320414", "fillingDate": "2019-02-21", "acceptedDate": "2019-02-21 16:45:19", "calendarYear": "2018", "period": "FY", "revenue": 5081258000, "costOfRevenue": 4341056000, "grossProfit": 740202000, "grossProfitRatio": 0.145672981, "researchAndDevelopmentExpenses": 0, "generalAndAdministrativeExpenses": 121268000, "sellingAndMarketingExpenses": 0, "sellingGeneralAndAdministrativeExpenses": 121268000, "otherExpenses": 201655000, "operatingExpenses": 322923000, "costAndExpenses": 4663979000, "interestIncome": 0, "interestExpense": 198493000, "depreciationAndAmortization": 232576000, "ebitda": 649855000, "ebitdaratio": 0.1278925416, "operatingIncome": 417279000, "operatingIncomeRatio": 0.0821211991, "totalOtherIncomeExpensesNet": -181727000, "incomeBeforeTax": 235552000, "incomeBeforeTaxRatio": 0.0463570242, "incomeTaxExpense": 58610000, "netIncome": 137840000, "netIncomeRatio": 0.0271271406, "eps": 1.06, "epsdiluted": 1.06, "weightedAverageShsOut": 130172000, "weightedAverageShsOutDil": 130256000, "link": "https://www.sec.gov/Archives/edgar/data/1320414/000162828019001659/0001628280-19-001659-index.htm", "finalLink": "https://www.sec.gov/Archives/edgar/data/1035688/000162828019001659/sem-12311810k.htm", "calculatedOtherExpenses": 201655000, "calculatedOperatingExpenses": 322923000, "calculatedNetInterest": -198493000, "calculatedOtherIncome": 16766000, "calculatedIncomeNonControlling": 39102000, "calculatedEbitda": 649855000}, {"date": "2017-12-31", "symbol": "SEM", "reportedCurrency": "USD", "cik": "0001320414", "fillingDate": "2018-02-22", "acceptedDate": "2018-02-22 08:16:56", "calendarYear": "2017", "period": "FY", "revenue": 4443603000, "costOfRevenue": 3734176000, "grossProfit": 709427000, "grossProfitRatio": 0.159651301, "researchAndDevelopmentExpenses": 0, "generalAndAdministrativeExpenses": 114047000, "sellingAndMarketingExpenses": 0, "sellingGeneralAndAdministrativeExpenses": 114047000, "otherExpenses": -49000, "operatingExpenses": 274058000, "costAndExpenses": 4008234000, "interestIncome": 0, "interestExpense": 154703000, "depreciationAndAmortization": 160011000, "ebitda": 616385000, "ebitdaratio": 0.1387128868, "operatingIncome": 355878000, "operatingIncomeRatio": 0.0800877126, "totalOtherIncomeExpensesNet": -78205000, "incomeBeforeTax": 202461000, "incomeBeforeTaxRatio": 0.0455623511, "incomeTaxExpense": -18184000, "netIncome": 177184000, "netIncomeRatio": 0.0398739491, "eps": 1.33, "epsdiluted": 0.87, "weightedAverageShsOut": 128955000, "weightedAverageShsOutDil": 129126000, "link": "https://www.sec.gov/Archives/edgar/data/1320414/000162828018002017/0001628280-18-002017-index.htm", "finalLink": "https://www.sec.gov/Archives/edgar/data/1035688/000162828018002017/sem-12311710k.htm", "calculatedOtherExpenses": 239502000, "calculatedOperatingExpenses": 353549000, "calculatedNetInterest": -154703000, "calculatedOtherIncome": 1286000, "calculatedIncomeNonControlling": 43461000, "calculatedEbitda": 515889000}, {"date": "2016-12-31", "symbol": "SEM", "reportedCurrency": "USD", "cik": "0001320414", "fillingDate": "2017-02-23", "acceptedDate": "2017-02-23 16:49:16", "calendarYear": "2016", "period": "FY", "revenue": 4286021000, "costOfRevenue": 3664843000, "grossProfit": 621178000, "grossProfitRatio": 0.1449311611, "researchAndDevelopmentExpenses": 0, "generalAndAdministrativeExpenses": 106927000, "sellingAndMarketingExpenses": 0, "sellingGeneralAndAdministrativeExpenses": 106927000, "otherExpenses": 42651000, "operatingExpenses": 252238000, "costAndExpenses": 3917081000, "interestIncome": 0, "interestExpense": 170081000, "depreciationAndAmortization": 145311000, "ebitda": 576845000, "ebitdaratio": 0.1345875347, "operatingIncome": 299847000, "operatingIncomeRatio": 0.0699592932, "totalOtherIncomeExpensesNet": -18125000, "incomeBeforeTax": 180734000, "incomeBeforeTaxRatio": 0.0421682488, "incomeTaxExpense": 55464000, "netIncome": 115411000, "netIncomeRatio": 0.0269273062, "eps": 0.88, "epsdiluted": 0.87, "weightedAverageShsOut": 127813000, "weightedAverageShsOutDil": 127968000, "link": "https://www.sec.gov/Archives/edgar/data/1320414/000104746917000890/0001047469-17-000890-index.htm", "finalLink": "https://www.sec.gov/Archives/edgar/data/1035688/000104746917000890/a2230888z10-k.htm", "calculatedOtherExpenses": 214404000, "calculatedOperatingExpenses": 321331000, "calculatedNetInterest": -170081000, "calculatedOtherIncome": 50968000, "calculatedIncomeNonControlling": 9859000, "calculatedEbitda": 445158000}, {"date": "2015-12-31", "symbol": "SEM", "reportedCurrency": "USD", "cik": "0001320414", "fillingDate": "2016-02-26", "acceptedDate": "2016-02-26 06:12:14", "calendarYear": "2015", "period": "FY", "revenue": 3742736000, "costOfRevenue": 3211541000, "grossProfit": 531195000, "grossProfitRatio": 0.1419269219, "researchAndDevelopmentExpenses": 0, "generalAndAdministrativeExpenses": 92052000, "sellingAndMarketingExpenses": 0, "sellingGeneralAndAdministrativeExpenses": 92052000, "otherExpenses": 104981000, "operatingExpenses": 197033000, "costAndExpenses": 3408574000, "interestIncome": 0, "interestExpense": 112816000, "depreciationAndAmortization": 104981000, "ebitda": 485601000, "ebitdaratio": 0.1297449246, "operatingIncome": 274790000, "operatingIncomeRatio": 0.0734195519, "totalOtherIncomeExpensesNet": -12914000, "incomeBeforeTax": 208432000, "incomeBeforeTaxRatio": 0.0556897414, "incomeTaxExpense": 72436000, "netIncome": 130736000, "netIncomeRatio": 0.0349305962, "eps": 1, "epsdiluted": 0.99, "weightedAverageShsOut": 127478000, "weightedAverageShsOutDil": 127752000, "link": "https://www.sec.gov/Archives/edgar/data/1320414/000104746916010467/0001047469-16-010467-index.htm", "finalLink": "https://www.sec.gov/Archives/edgar/data/1035688/000104746916010467/a2227345z10-k.htm", "calculatedOtherExpenses": 164353000, "calculatedOperatingExpenses": 256405000, "calculatedNetInterest": -112816000, "calculatedOtherIncome": 46458000, "calculatedIncomeNonControlling": 5260000, "calculatedEbitda": 379771000}, {"date": "2014-12-31", "symbol": "SEM", "reportedCurrency": "USD", "cik": "0001320414", "fillingDate": "2015-02-25", "acceptedDate": "2015-02-25 14:49:16", "calendarYear": "2014", "period": "FY", "revenue": 3065017000, "costOfRevenue": 2582340000, "grossProfit": 482677000, "grossProfitRatio": 0.1574793876, "researchAndDevelopmentExpenses": 0, "generalAndAdministrativeExpenses": 85247000, "sellingAndMarketingExpenses": 0, "sellingGeneralAndAdministrativeExpenses": 85247000, "otherExpenses": 68354000, "operatingExpenses": 153601000, "costAndExpenses": 2735941000, "interestIncome": 0, "interestExpense": 85446000, "depreciationAndAmortization": 68354000, "ebitda": 404474000, "ebitdaratio": 0.131964684, "operatingIncome": 284476000, "operatingIncomeRatio": 0.0928138408, "totalOtherIncomeExpensesNet": -39833000, "incomeBeforeTax": 203797000, "incomeBeforeTaxRatio": 0.0664913115, "incomeTaxExpense": 75622000, "netIncome": 120627000, "netIncomeRatio": 0.0393560623, "eps": 0.91, "epsdiluted": 0.91, "weightedAverageShsOut": 129026000, "weightedAverageShsOutDil": 129465000, "link": "https://www.sec.gov/Archives/edgar/data/1320414/000104746915001194/0001047469-15-001194-index.htm", "finalLink": "https://www.sec.gov/Archives/edgar/data/1035688/000104746915001194/a2223150z10-k.htm", "calculatedOtherExpenses": 112954000, "calculatedOperatingExpenses": 198201000, "calculatedNetInterest": -85446000, "calculatedOtherIncome": 4767000, "calculatedIncomeNonControlling": 7548000, "calculatedEbitda": 352830000}, {"date": "2013-12-31", "symbol": "SEM", "reportedCurrency": "USD", "cik": "0001320414", "fillingDate": "2014-02-25", "acceptedDate": "2014-02-25 15:03:37", "calendarYear": "2013", "period": "FY", "revenue": 2975648000, "costOfRevenue": 2495476000, "grossProfit": 480172000, "grossProfitRatio": 0.1613672047, "researchAndDevelopmentExpenses": 0, "generalAndAdministrativeExpenses": 76921000, "sellingAndMarketingExpenses": 0, "sellingGeneralAndAdministrativeExpenses": 76921000, "otherExpenses": 64392000, "operatingExpenses": 141313000, "costAndExpenses": 2636789000, "interestIncome": 0, "interestExpense": 87364000, "depreciationAndAmortization": 64392000, "ebitda": 405727000, "ebitdaratio": 0.1363491246, "operatingIncome": 301436000, "operatingIncomeRatio": 0.1013009603, "totalOtherIncomeExpensesNet": -53694000, "incomeBeforeTax": 197801000, "incomeBeforeTaxRatio": 0.0664732522, "incomeTaxExpense": 74792000, "netIncome": 114390000, "netIncomeRatio": 0.0384420469, "eps": 0.82, "epsdiluted": 0.82, "weightedAverageShsOut": 136879000, "weightedAverageShsOutDil": 137047000, "link": "https://www.sec.gov/Archives/edgar/data/1320414/000104746914001304/0001047469-14-001304-index.htm", "finalLink": "https://www.sec.gov/Archives/edgar/data/1035688/000104746914001304/a2218369z10-k.htm", "calculatedOtherExpenses": 101815000, "calculatedOperatingExpenses": 178736000, "calculatedNetInterest": -87364000, "calculatedOtherIncome": -16271000, "calculatedIncomeNonControlling": 8619000, "calculatedEbitda": 365828000}, {"date": "2012-12-31", "symbol": "SEM", "reportedCurrency": "USD", "cik": "0001320414", "fillingDate": "2013-02-26", "acceptedDate": "2013-02-26 15:01:46", "calendarYear": "2012", "period": "FY", "revenue": 2948969000, "costOfRevenue": 2443550000, "grossProfit": 505419000, "grossProfitRatio": 0.1713883734, "researchAndDevelopmentExpenses": 0, "generalAndAdministrativeExpenses": 66194000, "sellingAndMarketingExpenses": 0, "sellingGeneralAndAdministrativeExpenses": 66194000, "otherExpenses": 63311000, "operatingExpenses": 129505000, "costAndExpenses": 2573055000, "interestIncome": 0, "interestExpense": 94950000, "depreciationAndAmortization": 63311000, "ebitda": 446930000, "ebitdaratio": 0.151554662, "operatingIncome": 336859000, "operatingIncomeRatio": 0.1142294137, "totalOtherIncomeExpensesNet": -37414000, "incomeBeforeTax": 243550000, "incomeBeforeTaxRatio": 0.0825881859, "incomeTaxExpense": 89657000, "netIncome": 148230000, "netIncomeRatio": 0.0502650248, "eps": 1.05, "epsdiluted": 1.05, "weightedAverageShsOut": 138767000, "weightedAverageShsOutDil": 139042000, "link": "https://www.sec.gov/Archives/edgar/data/1320414/000104746913001696/0001047469-13-001696-index.htm", "finalLink": "https://www.sec.gov/Archives/edgar/data/1035688/000104746913001696/a2213018z10-k.htm", "calculatedOtherExpenses": 102366000, "calculatedOperatingExpenses": 168560000, "calculatedNetInterest": -94950000, "calculatedOtherIncome": 1641000, "calculatedIncomeNonControlling": 5663000, "calculatedEbitda": 400170000}, {"date": "2011-12-31", "symbol": "SEM", "reportedCurrency": "USD", "cik": "0001320414", "fillingDate": "2012-03-02", "acceptedDate": "2012-03-02 14:39:23", "calendarYear": "2011", "period": "FY", "revenue": 2804507000, "costOfRevenue": 2308570000, "grossProfit": 495937000, "grossProfitRatio": 0.1768357148, "researchAndDevelopmentExpenses": 0, "generalAndAdministrativeExpenses": 62354000, "sellingAndMarketingExpenses": 0, "sellingGeneralAndAdministrativeExpenses": 62354000, "otherExpenses": 122864000, "operatingExpenses": 185218000, "costAndExpenses": 2493788000, "interestIncome": 322000, "interestExpense": 99216000, "depreciationAndAmortization": 71517000, "ebitda": 385481000, "ebitdaratio": 0.1374505394, "operatingIncome": 310719000, "operatingIncomeRatio": 0.1107927347, "totalOtherIncomeExpensesNet": -28095000, "incomeBeforeTax": 183730000, "incomeBeforeTaxRatio": 0.0655124056, "incomeTaxExpense": 70968000, "netIncome": 107846000, "netIncomeRatio": 0.0384545305, "eps": 0.71, "epsdiluted": 0.71, "weightedAverageShsOut": 150501000, "weightedAverageShsOutDil": 150725000, "link": "https://www.sec.gov/Archives/edgar/data/1320414/000119312512094194/0001193125-12-094194-index.htm", "finalLink": "https://www.sec.gov/Archives/edgar/data/1035688/000119312512094194/d282183d10k.htm", "calculatedOtherExpenses": 122864000, "calculatedOperatingExpenses": 185218000, "calculatedNetInterest": -98894000, "calculatedOtherIncome": -28095000, "calculatedIncomeNonControlling": 4916000, "calculatedEbitda": 382236000}, {"date": "2010-12-31", "symbol": "SEM", "reportedCurrency": "USD", "cik": "0001320414", "fillingDate": "2011-03-09", "acceptedDate": "2011-03-09 17:26:56", "calendarYear": "2010", "period": "FY", "revenue": 2390290000, "costOfRevenue": 1982179000, "grossProfit": 408111000, "grossProfitRatio": 0.1707370235, "researchAndDevelopmentExpenses": 0, "generalAndAdministrativeExpenses": 62121000, "sellingAndMarketingExpenses": 0, "sellingGeneralAndAdministrativeExpenses": 62121000, "otherExpenses": 109853000, "operatingExpenses": 171974000, "costAndExpenses": 2154153000, "interestIncome": 0, "interestExpense": 112337000, "depreciationAndAmortization": 68706000, "ebitda": 305035000, "ebitdaratio": 0.1276142225, "operatingIncome": 236137000, "operatingIncomeRatio": 0.098790105, "totalOtherIncomeExpensesNet": -440000, "incomeBeforeTax": 123992000, "incomeBeforeTaxRatio": 0.0518732037, "incomeTaxExpense": 41628000, "netIncome": 77644000, "netIncomeRatio": 0.0324830878, "eps": 0.49, "epsdiluted": 0.48, "weightedAverageShsOut": 159184000, "weightedAverageShsOutDil": 159442000, "link": "https://www.sec.gov/Archives/edgar/data/1320414/000095012311023720/0000950123-11-023720-index.htm", "finalLink": "https://www.sec.gov/Archives/edgar/data/1035688/000095012311023720/w81669e10vk.htm", "calculatedOtherExpenses": 109853000, "calculatedOperatingExpenses": 171974000, "calculatedNetInterest": -112337000, "calculatedOtherIncome": 192000, "calculatedIncomeNonControlling": 4720000, "calculatedEbitda": 304843000}, {"date": "2009-12-31", "symbol": "SEM", "reportedCurrency": "USD", "cik": "0001320414", "fillingDate": "2010-03-17", "acceptedDate": "2010-03-17 15:45:09", "calendarYear": "2009", "period": "FY", "revenue": 2239871000, "costOfRevenue": 1819771000, "grossProfit": 420100000, "grossProfitRatio": 0.187555444, "researchAndDevelopmentExpenses": 0, "generalAndAdministrativeExpenses": 72409000, "sellingAndMarketingExpenses": 40872000, "sellingGeneralAndAdministrativeExpenses": 113281000, "otherExpenses": 70981000, "operatingExpenses": 184262000, "costAndExpenses": 2004033000, "interestIncome": 92000, "interestExpense": 132469000, "depreciationAndAmortization": 72662000, "ebitda": 307960000, "ebitdaratio": 0.1374900608, "operatingIncome": 235838000, "operatingIncomeRatio": 0.1052908851, "totalOtherIncomeExpensesNet": 13575000, "incomeBeforeTax": 116404000, "incomeBeforeTaxRatio": 0.0519690643, "incomeTaxExpense": 37516000, "netIncome": 75282000, "netIncomeRatio": 0.0336099713, "eps": 0.61, "epsdiluted": 0.61, "weightedAverageShsOut": 85587000, "weightedAverageShsOutDil": 86045000, "link": "https://www.sec.gov/Archives/edgar/data/1320414/000095012310025544/0000950123-10-025544-index.htm", "finalLink": "https://www.sec.gov/Archives/edgar/data/1035688/000095012310025544/w77708e10vk.htm", "calculatedOtherExpenses": 70981000, "calculatedOperatingExpenses": 184262000, "calculatedNetInterest": -132377000, "calculatedOtherIncome": 12943000, "calculatedIncomeNonControlling": 3606000, "calculatedEbitda": 308500000}, {"date": "2008-12-31", "symbol": "SEM", "reportedCurrency": "USD", "cik": "0001320414", "fillingDate": "2008-12-31", "acceptedDate": "2008-12-31 00:00:00", "calendarYear": "2008", "period": "FY", "revenue": 2153362000, "costOfRevenue": 1791841000, "grossProfit": 361521000, "grossProfitRatio": 0.1678867743, "researchAndDevelopmentExpenses": 0, "generalAndAdministrativeExpenses": 0, "sellingAndMarketingExpenses": 0, "sellingGeneralAndAdministrativeExpenses": 93327000, "otherExpenses": 71786000, "operatingExpenses": 165113000, "costAndExpenses": 1956954000, "interestIncome": 471000, "interestExpense": 145894000, "depreciationAndAmortization": 71786000, "ebitda": 268665000, "ebitdaratio": 0.1247653669, "operatingIncome": 196408000, "operatingIncomeRatio": 0.0912099313, "totalOtherIncomeExpensesNet": 912000, "incomeBeforeTax": 51897000, "incomeBeforeTaxRatio": 0.0241004532, "incomeTaxExpense": 26063000, "netIncome": 22441000, "netIncomeRatio": 0.0104213783, "eps": -0.04, "epsdiluted": -0.04, "weightedAverageShsOut": 59566000, "weightedAverageShsOutDil": 59566000, "link": null, "finalLink": null, "calculatedOtherExpenses": 71786000, "calculatedOperatingExpenses": 165113000, "calculatedNetInterest": -145423000, "calculatedOtherIncome": 912000, "calculatedIncomeNonControlling": 3393000, "calculatedEbitda": 268194000}, {"date": "2007-12-31", "symbol": "SEM", "reportedCurrency": "USD", "cik": "0001320414", "fillingDate": "2007-12-31", "acceptedDate": "2007-12-31 00:00:00", "calendarYear": "2007", "period": "FY", "revenue": 1991666000, "costOfRevenue": 1660049000, "grossProfit": 331617000, "grossProfitRatio": 0.1665023151, "researchAndDevelopmentExpenses": 0, "generalAndAdministrativeExpenses": 0, "sellingAndMarketingExpenses": 0, "sellingGeneralAndAdministrativeExpenses": 80435000, "otherExpenses": 57297000, "operatingExpenses": 137732000, "costAndExpenses": 1797781000, "interestIncome": 2103000, "interestExpense": 140155000, "depreciationAndAmortization": 58622000, "ebitda": 253073000, "ebitdaratio": 0.127065984, "operatingIncome": 193885000, "operatingIncomeRatio": 0.0973481497, "totalOtherIncomeExpensesNet": -167000, "incomeBeforeTax": 54129000, "incomeBeforeTaxRatio": 0.0271777497, "incomeTaxExpense": 18699000, "netIncome": 35430000, "netIncomeRatio": 0.0177891273, "eps": 0.05, "epsdiluted": 0.05, "weightedAverageShsOut": 190286000, "weightedAverageShsOutDil": 190286000, "link": null, "finalLink": null, "calculatedOtherExpenses": 57297000, "calculatedOperatingExpenses": 137732000, "calculatedNetInterest": -138052000, "calculatedOtherIncome": -1704000, "calculatedIncomeNonControlling": 0, "calculatedEbitda": 252507000}, {"date": "2006-12-31", "symbol": "SEM", "reportedCurrency": "USD", "cik": "0001320414", "fillingDate": "2007-03-30", "acceptedDate": "2007-03-30 17:04:28", "calendarYear": "2006", "period": "FY", "revenue": 1851498000, "costOfRevenue": 1484632000, "grossProfit": 366866000, "grossProfitRatio": 0.1981455016, "researchAndDevelopmentExpenses": 0, "generalAndAdministrativeExpenses": 182003000, "sellingAndMarketingExpenses": -119679000, "sellingGeneralAndAdministrativeExpenses": 62324000, "otherExpenses": 46668000, "operatingExpenses": 108992000, "costAndExpenses": 1593624000, "interestIncome": 1293000, "interestExpense": 131831000, "depreciationAndAmortization": 48020000, "ebitda": 305773000, "ebitdaratio": 0.1651489767, "operatingIncome": 257874000, "operatingIncomeRatio": 0.1392785733, "totalOtherIncomeExpensesNet": -131952000, "incomeBeforeTax": 125922000, "incomeBeforeTaxRatio": 0.0680108755, "incomeTaxExpense": 43521000, "netIncome": 94879000, "netIncomeRatio": 0.0512444518, "eps": 1.19, "epsdiluted": 1.18, "weightedAverageShsOut": 60509000, "weightedAverageShsOutDil": 60991000, "link": "https://www.sec.gov/Archives/edgar/data/1320414/000089322007001117/0000893220-07-001117-index.htm", "finalLink": "https://www.sec.gov/Archives/edgar/data/1320414/000089322007001117/w32643e10vk.htm", "calculatedOtherExpenses": 46668000, "calculatedOperatingExpenses": 108992000, "calculatedNetInterest": -130538000, "calculatedOtherIncome": -1414000, "calculatedIncomeNonControlling": -12478000, "calculatedEbitda": 305894000}, {"date": "2005-12-31", "symbol": "SEM", "reportedCurrency": "USD", "cik": "0001320414", "fillingDate": "2005-12-31", "acceptedDate": "2005-12-31 00:00:00", "calendarYear": "2005", "period": "FY", "revenue": 1858442000, "costOfRevenue": 1488682000, "grossProfit": 369760000, "grossProfitRatio": 0.1989623566, "researchAndDevelopmentExpenses": 0, "generalAndAdministrativeExpenses": 0, "sellingAndMarketingExpenses": 0, "sellingGeneralAndAdministrativeExpenses": 206804000, "otherExpenses": 43855000, "operatingExpenses": 250659000, "costAndExpenses": 1739341000, "interestIncome": 1290000, "interestExpense": 106859000, "depreciationAndAmortization": 46118000, "ebitda": 164403000, "ebitdaratio": 0.0884628092, "operatingIncome": 119101000, "operatingIncomeRatio": 0.0640864767, "totalOtherIncomeExpensesNet": -53402000, "incomeBeforeTax": -41976000, "incomeBeforeTaxRatio": -0.0225866613, "incomeTaxExpense": -10458000, "netIncome": -27924000, "netIncomeRatio": -0.0150254891, "eps": -0.46, "epsdiluted": -0.46, "weightedAverageShsOut": 60509000, "weightedAverageShsOutDil": 60991000, "link": null, "finalLink": null, "calculatedOtherExpenses": 43855000, "calculatedOperatingExpenses": 250659000, "calculatedNetInterest": -105569000, "calculatedOtherIncome": -55508000, "calculatedIncomeNonControlling": -3594000, "calculatedEbitda": 165219000}]}