{"originalCurrency": "USD", "convertedCurrency": "USD", "report": [{"date": "2023-12-31", "symbol": "SFB", "reportedCurrency": "USD", "cik": "0000720672", "fillingDate": "2024-02-16", "acceptedDate": "2024-02-16 16:48:02", "calendarYear": "2023", "period": "FY", "revenue": 5159411000, "costOfRevenue": 864663000, "grossProfit": 4294748000, "grossProfitRatio": 0.8324105213, "researchAndDevelopmentExpenses": 0, "generalAndAdministrativeExpenses": 2554581000, "sellingAndMarketingExpenses": 0, "sellingGeneralAndAdministrativeExpenses": 2554581000, "otherExpenses": -3414370000, "operatingExpenses": 3414370000, "costAndExpenses": 4304032000, "interestIncome": 1955745000, "interestExpense": 85479000, "depreciationAndAmortization": 81462000, "ebitda": 961840000, "ebitdaratio": 0.1864243806, "operatingIncome": 880378000, "operatingIncomeRatio": 0.170635369, "totalOtherIncomeExpensesNet": -173686000, "incomeBeforeTax": 706692000, "incomeBeforeTaxRatio": 0.1369714489, "incomeTaxExpense": 184156000, "netIncome": 522536000, "netIncomeRatio": 0.1012782273, "eps": 4.55, "epsdiluted": 4.28, "weightedAverageShsOut": 106661000, "weightedAverageShsOutDil": 113453000, "link": "https://www.sec.gov/Archives/edgar/data/720672/000095017024016475/0000950170-24-016475-index.htm", "finalLink": "https://www.sec.gov/Archives/edgar/data/720672/000095017024016475/sf-20231231.htm", "calculatedOtherExpenses": 859789000, "calculatedOperatingExpenses": 3414370000, "calculatedNetInterest": 1870266000, "calculatedOtherIncome": -2043952000, "calculatedIncomeNonControlling": 0, "calculatedEbitda": 961840000}, {"date": "2022-12-31", "symbol": "SFB", "reportedCurrency": "USD", "cik": "0000720672", "fillingDate": "2023-02-17", "acceptedDate": "2023-02-17 16:04:19", "calendarYear": "2022", "period": "FY", "revenue": 4333687000, "costOfRevenue": 2586232000, "grossProfit": 1747455000, "grossProfitRatio": 0.4032259367, "researchAndDevelopmentExpenses": 0, "generalAndAdministrativeExpenses": 2586232000, "sellingAndMarketingExpenses": 0, "sellingGeneralAndAdministrativeExpenses": 2586232000, "otherExpenses": 340451000, "operatingExpenses": 340451000, "costAndExpenses": 2926683000, "interestIncome": 1099115000, "interestExpense": 201387000, "depreciationAndAmortization": 70210000, "ebitda": 1049222000, "ebitdaratio": 0.2421083941, "operatingIncome": 979012000, "operatingIncomeRatio": 0.2259074086, "totalOtherIncomeExpensesNet": -93896000, "incomeBeforeTax": 885116000, "incomeBeforeTaxRatio": 0.2042408693, "incomeTaxExpense": 222961000, "netIncome": 662155000, "netIncomeRatio": 0.1527925298, "eps": 5.74, "epsdiluted": 5.32, "weightedAverageShsOut": 108848000, "weightedAverageShsOutDil": 117540000, "link": "https://www.sec.gov/Archives/edgar/data/720672/000095017023003201/0000950170-23-003201-index.htm", "finalLink": "https://www.sec.gov/Archives/edgar/data/720672/000095017023003201/sf-20221231.htm", "calculatedOtherExpenses": -1817789000, "calculatedOperatingExpenses": 768443000, "calculatedNetInterest": 897728000, "calculatedOtherIncome": -991624000, "calculatedIncomeNonControlling": 0, "calculatedEbitda": 1049222000}, {"date": "2021-12-31", "symbol": "SFB", "reportedCurrency": "USD", "cik": "0000720672", "fillingDate": "2022-02-18", "acceptedDate": "2022-02-18 09:26:36", "calendarYear": "2021", "period": "FY", "revenue": 4605282000, "costOfRevenue": 3456338000, "grossProfit": 1148944000, "grossProfitRatio": 0.2494839621, "researchAndDevelopmentExpenses": 0, "generalAndAdministrativeExpenses": 2820301000, "sellingAndMarketingExpenses": 0, "sellingGeneralAndAdministrativeExpenses": 2820301000, "otherExpenses": -6358502000, "operatingExpenses": -3538201000, "costAndExpenses": -3538201000, "interestIncome": 548400000, "interestExpense": 45998000, "depreciationAndAmortization": 63762000, "ebitda": 1130843000, "ebitdaratio": 0.2455534753, "operatingIncome": 1067081000, "operatingIncomeRatio": 0.2317080691, "totalOtherIncomeExpensesNet": -95147000, "incomeBeforeTax": 1067081000, "incomeBeforeTaxRatio": 0.2317080691, "incomeTaxExpense": 242223000, "netIncome": 824858000, "netIncomeRatio": 0.17911129, "eps": 7.34, "epsdiluted": 6.66, "weightedAverageShsOut": 107536000, "weightedAverageShsOutDil": 118530000, "link": "https://www.sec.gov/Archives/edgar/data/720672/000095017022001451/0000950170-22-001451-index.htm", "finalLink": "https://www.sec.gov/Archives/edgar/data/720672/000095017022001451/sf-20211231.htm", "calculatedOtherExpenses": -2738438000, "calculatedOperatingExpenses": 81863000, "calculatedNetInterest": 502402000, "calculatedOtherIncome": -502402000, "calculatedIncomeNonControlling": 0, "calculatedEbitda": 1130843000}, {"date": "2020-12-31", "symbol": "SFB", "reportedCurrency": "USD", "cik": "0000720672", "fillingDate": "2021-02-19", "acceptedDate": "2021-02-19 09:02:58", "calendarYear": "2020", "period": "FY", "revenue": 3696101000, "costOfRevenue": 2846280000, "grossProfit": 849821000, "grossProfitRatio": 0.2299236412, "researchAndDevelopmentExpenses": 0, "generalAndAdministrativeExpenses": 2279335000, "sellingAndMarketingExpenses": 0, "sellingGeneralAndAdministrativeExpenses": 2279335000, "otherExpenses": -5324276000, "operatingExpenses": -3044941000, "costAndExpenses": -3044941000, "interestIncome": 523832000, "interestExpense": 65778000, "depreciationAndAmortization": 60483000, "ebitda": 711643000, "ebitdaratio": 0.1925388403, "operatingIncome": 651160000, "operatingIncomeRatio": 0.1761748394, "totalOtherIncomeExpensesNet": -145466000, "incomeBeforeTax": 651160000, "incomeBeforeTaxRatio": 0.1761748394, "incomeTaxExpense": 147688000, "netIncome": 503472000, "netIncomeRatio": 0.1362170568, "eps": 4.49, "epsdiluted": 4.16, "weightedAverageShsOut": 106174000, "weightedAverageShsOutDil": 114573000, "link": "https://www.sec.gov/Archives/edgar/data/720672/000156459021006800/0001564590-21-006800-index.htm", "finalLink": "https://www.sec.gov/Archives/edgar/data/720672/000156459021006800/sf-10k_20201231.htm", "calculatedOtherExpenses": -2080674000, "calculatedOperatingExpenses": 198661000, "calculatedNetInterest": 458054000, "calculatedOtherIncome": -458054000, "calculatedIncomeNonControlling": 0, "calculatedEbitda": 711643000}, {"date": "2019-12-31", "symbol": "SFB", "reportedCurrency": "USD", "cik": "0000720672", "fillingDate": "2020-02-19", "acceptedDate": "2020-02-19 16:03:41", "calendarYear": "2019", "period": "FY", "revenue": 3293019000, "costOfRevenue": 2546453000, "grossProfit": 746566000, "grossProfitRatio": 0.2267117195, "researchAndDevelopmentExpenses": 0, "generalAndAdministrativeExpenses": 1978116000, "sellingAndMarketingExpenses": 0, "sellingGeneralAndAdministrativeExpenses": 1978116000, "otherExpenses": -4673587000, "operatingExpenses": -2695471000, "costAndExpenses": -2695471000, "interestIncome": 724882000, "interestExpense": 177931000, "depreciationAndAmortization": 54384000, "ebitda": 651932000, "ebitdaratio": 0.1979739564, "operatingIncome": 597548000, "operatingIncomeRatio": 0.1814590198, "totalOtherIncomeExpensesNet": 1590000, "incomeBeforeTax": 599138000, "incomeBeforeTaxRatio": 0.1819418594, "incomeTaxExpense": 149152000, "netIncome": 448396000, "netIncomeRatio": 0.136165628, "eps": 3.99, "epsdiluted": 3.66, "weightedAverageShsOut": 107996995, "weightedAverageShsOutDil": 117877495, "link": "https://www.sec.gov/Archives/edgar/data/720672/000156459020005266/0001564590-20-005266-index.htm", "finalLink": "https://www.sec.gov/Archives/edgar/data/720672/000156459020005266/sf-10k_20191231.htm", "calculatedOtherExpenses": -1829098000, "calculatedOperatingExpenses": 149018000, "calculatedNetInterest": 546951000, "calculatedOtherIncome": -545361000, "calculatedIncomeNonControlling": 1590000, "calculatedEbitda": 651932000}, {"date": "2018-12-31", "symbol": "SFB", "reportedCurrency": "USD", "cik": "0000720672", "fillingDate": "2019-02-20", "acceptedDate": "2019-02-20 17:15:09", "calendarYear": "2018", "period": "FY", "revenue": 2982914000, "costOfRevenue": 2308298000, "grossProfit": 674616000, "grossProfitRatio": 0.2261600569, "researchAndDevelopmentExpenses": 0, "generalAndAdministrativeExpenses": 1770762000, "sellingAndMarketingExpenses": 0, "sellingGeneralAndAdministrativeExpenses": 1770762000, "otherExpenses": -4049238000, "operatingExpenses": -2278476000, "costAndExpenses": -2278476000, "interestIncome": 646449000, "interestExpense": 170076000, "depreciationAndAmortization": 40453000, "ebitda": 744891000, "ebitdaratio": 0.2497192343, "operatingIncome": 704438000, "operatingIncomeRatio": 0.2361576633, "totalOtherIncomeExpensesNet": -170076000, "incomeBeforeTax": 534362000, "incomeBeforeTaxRatio": 0.179140934, "incomeTaxExpense": 140394000, "netIncome": 393968000, "netIncomeRatio": 0.1320748771, "eps": 3.23, "epsdiluted": 3.23, "weightedAverageShsOut": 121981500, "weightedAverageShsOutDil": 121981500, "link": "https://www.sec.gov/Archives/edgar/data/720672/000156459019003474/0001564590-19-003474-index.htm", "finalLink": "https://www.sec.gov/Archives/edgar/data/720672/000156459019003474/sf-10k_20181231.htm", "calculatedOtherExpenses": -1800584000, "calculatedOperatingExpenses": -29822000, "calculatedNetInterest": 476373000, "calculatedOtherIncome": -646449000, "calculatedIncomeNonControlling": 0, "calculatedEbitda": 744891000}, {"date": "2017-12-31", "symbol": "SFB", "reportedCurrency": "USD", "cik": "0000720672", "fillingDate": "2018-02-26", "acceptedDate": "2018-02-23 18:03:31", "calendarYear": "2017", "period": "FY", "revenue": 2882300000, "costOfRevenue": 2479271000, "grossProfit": 403029000, "grossProfitRatio": 0.139828956, "researchAndDevelopmentExpenses": 0, "generalAndAdministrativeExpenses": 1958929000, "sellingAndMarketingExpenses": 0, "sellingGeneralAndAdministrativeExpenses": 1958929000, "otherExpenses": 564578000, "operatingExpenses": 2657000000, "costAndExpenses": 2657000000, "interestIncome": 454381000, "interestExpense": 70030000, "depreciationAndAmortization": 44630000, "ebitda": 384196000, "ebitdaratio": 0.1332949381, "operatingIncome": 339566000, "operatingIncomeRatio": 0.1178107761, "totalOtherIncomeExpensesNet": -70030000, "incomeBeforeTax": 269536000, "incomeBeforeTaxRatio": 0.0935142074, "incomeTaxExpense": 86665000, "netIncome": 182871000, "netIncomeRatio": 0.0634462062, "eps": 1.78, "epsdiluted": 1.5, "weightedAverageShsOut": 102843000, "weightedAverageShsOutDil": 121552500, "link": "https://www.sec.gov/Archives/edgar/data/720672/000156459018003065/0001564590-18-003065-index.htm", "finalLink": "https://www.sec.gov/Archives/edgar/data/720672/000156459018003065/sf-10k_20171231.htm", "calculatedOtherExpenses": -1895466000, "calculatedOperatingExpenses": 63463000, "calculatedNetInterest": 384351000, "calculatedOtherIncome": -454381000, "calculatedIncomeNonControlling": 0, "calculatedEbitda": 384196000}, {"date": "2016-12-31", "symbol": "SFB", "reportedCurrency": "USD", "cik": "0000720672", "fillingDate": "2017-02-23", "acceptedDate": "2017-02-23 16:25:15", "calendarYear": "2016", "period": "FY", "revenue": 2531181000, "costOfRevenue": 2248955000, "grossProfit": 282226000, "grossProfitRatio": 0.1114997308, "researchAndDevelopmentExpenses": 0, "generalAndAdministrativeExpenses": 1726016000, "sellingAndMarketingExpenses": 0, "sellingGeneralAndAdministrativeExpenses": 1726016000, "otherExpenses": 567340000, "operatingExpenses": 2433000000, "costAndExpenses": 2433000000, "interestIncome": 294332000, "interestExpense": 66874000, "depreciationAndAmortization": 57574000, "ebitda": 267030000, "ebitdaratio": 0.1054962091, "operatingIncome": 209456000, "operatingIncomeRatio": 0.0827503051, "totalOtherIncomeExpensesNet": -66874000, "incomeBeforeTax": 142582000, "incomeBeforeTaxRatio": 0.0563302269, "incomeTaxExpense": 61062000, "netIncome": 81520000, "netIncomeRatio": 0.03220631, "eps": 0.81, "epsdiluted": 0.7, "weightedAverageShsOut": 100306500, "weightedAverageShsOutDil": 116344500, "link": "https://www.sec.gov/Archives/edgar/data/720672/000156459017002227/0001564590-17-002227-index.htm", "finalLink": "https://www.sec.gov/Archives/edgar/data/720672/000156459017002227/sf-10k_20161231.htm", "calculatedOtherExpenses": -1653246000, "calculatedOperatingExpenses": 72770000, "calculatedNetInterest": 227458000, "calculatedOtherIncome": -294332000, "calculatedIncomeNonControlling": 0, "calculatedEbitda": 267030000}, {"date": "2015-12-31", "symbol": "SFB", "reportedCurrency": "USD", "cik": "0000720672", "fillingDate": "2016-03-01", "acceptedDate": "2016-03-01 06:31:25", "calendarYear": "2015", "period": "FY", "revenue": 2289076000, "costOfRevenue": 1774149000, "grossProfit": 514927000, "grossProfitRatio": 0.2249497177, "researchAndDevelopmentExpenses": 0, "generalAndAdministrativeExpenses": 1568862000, "sellingAndMarketingExpenses": 0, "sellingGeneralAndAdministrativeExpenses": 1568862000, "otherExpenses": 490460000, "operatingExpenses": 2190000000, "costAndExpenses": 2190000000, "interestIncome": 179101000, "interestExpense": 45399000, "depreciationAndAmortization": 47138000, "ebitda": 234104000, "ebitdaratio": 0.1022700863, "operatingIncome": 186966000, "operatingIncomeRatio": 0.0816774978, "totalOtherIncomeExpensesNet": -45399000, "incomeBeforeTax": 141567000, "incomeBeforeTaxRatio": 0.0618446045, "incomeTaxExpense": 49231000, "netIncome": 92336000, "netIncomeRatio": 0.0403376734, "eps": 0.9, "epsdiluted": 0.78, "weightedAverageShsOut": 102814500, "weightedAverageShsOutDil": 117831000, "link": "https://www.sec.gov/Archives/edgar/data/720672/000156459016013780/0001564590-16-013780-index.htm", "finalLink": "https://www.sec.gov/Archives/edgar/data/720672/000156459016013780/sf-10k_20151231.htm", "calculatedOtherExpenses": -1240901000, "calculatedOperatingExpenses": 327961000, "calculatedNetInterest": 133702000, "calculatedOtherIncome": -179101000, "calculatedIncomeNonControlling": 0, "calculatedEbitda": 234104000}, {"date": "2014-12-31", "symbol": "SFB", "reportedCurrency": "USD", "cik": "0000720672", "fillingDate": "2015-03-02", "acceptedDate": "2015-03-02 17:27:27", "calendarYear": "2014", "period": "FY", "revenue": 2171869000, "costOfRevenue": 1774149000, "grossProfit": 397720000, "grossProfitRatio": 0.1831233836, "researchAndDevelopmentExpenses": 0, "generalAndAdministrativeExpenses": 1403932000, "sellingAndMarketingExpenses": 0, "sellingGeneralAndAdministrativeExpenses": 1403932000, "otherExpenses": 407142000, "operatingExpenses": 1918000000, "costAndExpenses": 1918000000, "interestIncome": 185969000, "interestExpense": 41261000, "depreciationAndAmortization": 41646000, "ebitda": 370638000, "ebitdaratio": 0.1706539391, "operatingIncome": 328992000, "operatingIncomeRatio": 0.1514787494, "totalOtherIncomeExpensesNet": -38198000, "incomeBeforeTax": 290794000, "incomeBeforeTaxRatio": 0.1338911325, "incomeTaxExpense": 111664000, "netIncome": 176067000, "netIncomeRatio": 0.0810670441, "eps": 1.77, "epsdiluted": 1.54, "weightedAverageShsOut": 99708000, "weightedAverageShsOutDil": 114564000, "link": "https://www.sec.gov/Archives/edgar/data/720672/000119312515073686/0001193125-15-073686-index.htm", "finalLink": "https://www.sec.gov/Archives/edgar/data/720672/000119312515073686/d883383d10k.htm", "calculatedOtherExpenses": -1335204000, "calculatedOperatingExpenses": 68728000, "calculatedNetInterest": 144708000, "calculatedOtherIncome": -182906000, "calculatedIncomeNonControlling": 3063000, "calculatedEbitda": 370638000}, {"date": "2013-12-31", "symbol": "SFB", "reportedCurrency": "USD", "cik": "0000720672", "fillingDate": "2014-03-03", "acceptedDate": "2014-03-03 17:29:17", "calendarYear": "2013", "period": "FY", "revenue": 1936221000, "costOfRevenue": 1651266000, "grossProfit": 284955000, "grossProfitRatio": 0.1471707, "researchAndDevelopmentExpenses": 0, "generalAndAdministrativeExpenses": 1311386000, "sellingAndMarketingExpenses": 0, "sellingGeneralAndAdministrativeExpenses": 1311386000, "otherExpenses": 376888000, "operatingExpenses": 1788000000, "costAndExpenses": 1788000000, "interestIncome": 142539000, "interestExpense": 46368000, "depreciationAndAmortization": 46119000, "ebitda": 266822000, "ebitdaratio": 0.1378055501, "operatingIncome": 220703000, "operatingIncomeRatio": 0.1139864716, "totalOtherIncomeExpensesNet": -35474000, "incomeBeforeTax": 185229000, "incomeBeforeTaxRatio": 0.0956652159, "incomeTaxExpense": 12322000, "netIncome": 162013000, "netIncomeRatio": 0.0836748491, "eps": 1.7, "epsdiluted": 1.47, "weightedAverageShsOut": 95352000, "weightedAverageShsOutDil": 110256000, "link": "https://www.sec.gov/Archives/edgar/data/720672/000119312514080643/0001193125-14-080643-index.htm", "finalLink": "https://www.sec.gov/Archives/edgar/data/720672/000119312514080643/d682733d10k.htm", "calculatedOtherExpenses": -1247134000, "calculatedOperatingExpenses": 64252000, "calculatedNetInterest": 96171000, "calculatedOtherIncome": -131645000, "calculatedIncomeNonControlling": 10894000, "calculatedEbitda": 266822000}, {"date": "2012-12-31", "symbol": "SFB", "reportedCurrency": "USD", "cik": "0000720672", "fillingDate": "2013-03-01", "acceptedDate": "2013-02-28 21:56:46", "calendarYear": "2012", "period": "FY", "revenue": 1581780000, "costOfRevenue": 1274967000, "grossProfit": 306813000, "grossProfitRatio": 0.1939669233, "researchAndDevelopmentExpenses": 0, "generalAndAdministrativeExpenses": 1023943000, "sellingAndMarketingExpenses": 0, "sellingGeneralAndAdministrativeExpenses": 1023943000, "otherExpenses": 259116000, "operatingExpenses": 1364000000, "costAndExpenses": 1364000000, "interestIncome": 109776000, "interestExpense": 33383000, "depreciationAndAmortization": 34962000, "ebitda": 294217000, "ebitdaratio": 0.1860037426, "operatingIncome": 259255000, "operatingIncomeRatio": 0.1639007953, "totalOtherIncomeExpensesNet": -33383000, "incomeBeforeTax": 225872000, "incomeBeforeTaxRatio": 0.1427960905, "incomeTaxExpense": 87299000, "netIncome": 138573000, "netIncomeRatio": 0.0876057353, "eps": 1.72, "epsdiluted": 1.47, "weightedAverageShsOut": 80344500, "weightedAverageShsOutDil": 94405500, "link": "https://www.sec.gov/Archives/edgar/data/720672/000119312513085533/0001193125-13-085533-index.htm", "finalLink": "https://www.sec.gov/Archives/edgar/data/720672/000119312513085533/d493953d10k.htm", "calculatedOtherExpenses": -976385000, "calculatedOperatingExpenses": 47558000, "calculatedNetInterest": 76393000, "calculatedOtherIncome": -109776000, "calculatedIncomeNonControlling": 0, "calculatedEbitda": 294217000}, {"date": "2011-12-31", "symbol": "SFB", "reportedCurrency": "USD", "cik": "0000720672", "fillingDate": "2012-02-28", "acceptedDate": "2012-02-28 14:42:13", "calendarYear": "2011", "period": "FY", "revenue": 1416562000, "costOfRevenue": 1175325000, "grossProfit": 241237000, "grossProfitRatio": 0.1702975232, "researchAndDevelopmentExpenses": 0, "generalAndAdministrativeExpenses": 976010000, "sellingAndMarketingExpenses": 27040000, "sellingGeneralAndAdministrativeExpenses": 1003050000, "otherExpenses": 251950000, "operatingExpenses": 1255000000, "costAndExpenses": 1255000000, "interestIncome": 89466000, "interestExpense": 25347000, "depreciationAndAmortization": 33578000, "ebitda": 197533000, "ebitdaratio": 0.1394453614, "operatingIncome": 163955000, "operatingIncomeRatio": 0.1157414924, "totalOtherIncomeExpensesNet": -25347000, "incomeBeforeTax": 138608000, "incomeBeforeTaxRatio": 0.0978481704, "incomeTaxExpense": 54474000, "netIncome": 84134000, "netIncomeRatio": 0.059393094, "eps": 1.07, "epsdiluted": 0.89, "weightedAverageShsOut": 78627000, "weightedAverageShsOutDil": 94587000, "link": "https://www.sec.gov/Archives/edgar/data/720672/000072067212000054/0000720672-12-000054-index.htm", "finalLink": "https://www.sec.gov/Archives/edgar/data/720672/000072067212000054/formx10xk.htm", "calculatedOtherExpenses": -925768000, "calculatedOperatingExpenses": 77282000, "calculatedNetInterest": 64119000, "calculatedOtherIncome": -89466000, "calculatedIncomeNonControlling": 0, "calculatedEbitda": 197533000}, {"date": "2010-12-31", "symbol": "SFB", "reportedCurrency": "USD", "cik": "0000720672", "fillingDate": "2011-02-28", "acceptedDate": "2011-02-28 10:52:28", "calendarYear": "2010", "period": "FY", "revenue": 1382026000, "costOfRevenue": 1286025000, "grossProfit": 96001000, "grossProfitRatio": 0.0694639609, "researchAndDevelopmentExpenses": 0, "generalAndAdministrativeExpenses": 1126131000, "sellingAndMarketingExpenses": 26301000, "sellingGeneralAndAdministrativeExpenses": 1126131000, "otherExpenses": 229568000, "operatingExpenses": 1382000000, "costAndExpenses": 1382000000, "interestIncome": 65326000, "interestExpense": 13211000, "depreciationAndAmortization": 29361000, "ebitda": 42343000, "ebitdaratio": 0.0306383527, "operatingIncome": 12982000, "operatingIncomeRatio": 0.0093934557, "totalOtherIncomeExpensesNet": -13211000, "incomeBeforeTax": -229000, "incomeBeforeTaxRatio": -0.0001656988, "incomeTaxExpense": -2136000, "netIncome": 1907000, "netIncomeRatio": 0.0013798583, "eps": 0.0261, "epsdiluted": 0.022, "weightedAverageShsOut": 73084500, "weightedAverageShsOutDil": 86508000, "link": "https://www.sec.gov/Archives/edgar/data/720672/000072067211000042/0000720672-11-000042-index.htm", "finalLink": "https://www.sec.gov/Archives/edgar/data/720672/000072067211000042/formv10vk.htm", "calculatedOtherExpenses": -1043112000, "calculatedOperatingExpenses": 83019000, "calculatedNetInterest": 52115000, "calculatedOtherIncome": -65326000, "calculatedIncomeNonControlling": 0, "calculatedEbitda": 42343000}, {"date": "2009-12-31", "symbol": "SFB", "reportedCurrency": "USD", "cik": "0000720672", "fillingDate": "2010-02-26", "acceptedDate": "2010-02-26 13:26:53", "calendarYear": "2009", "period": "FY", "revenue": 1090636000, "costOfRevenue": 892061000, "grossProfit": 198575000, "grossProfitRatio": 0.1820726622, "researchAndDevelopmentExpenses": 0, "generalAndAdministrativeExpenses": 772860000, "sellingAndMarketingExpenses": 23416000, "sellingGeneralAndAdministrativeExpenses": 796276000, "otherExpenses": 173724000, "operatingExpenses": 970000000, "costAndExpenses": 970000000, "interestIncome": 46860000, "interestExpense": 12234000, "depreciationAndAmortization": 25978000, "ebitda": 158626000, "ebitdaratio": 0.145443576, "operatingIncome": 132648000, "operatingIncomeRatio": 0.1216244467, "totalOtherIncomeExpensesNet": -12234000, "incomeBeforeTax": 120414000, "incomeBeforeTaxRatio": 0.1104071386, "incomeTaxExpense": 44616000, "netIncome": 75798000, "netIncomeRatio": 0.0694988979, "eps": 1.19, "epsdiluted": 1.04, "weightedAverageShsOut": 63668250, "weightedAverageShsOutDil": 72661500, "link": "https://www.sec.gov/Archives/edgar/data/720672/000072067210000038/0000720672-10-000038-index.htm", "finalLink": "https://www.sec.gov/Archives/edgar/data/720672/000072067210000038/e10vk.htm", "calculatedOtherExpenses": -730349000, "calculatedOperatingExpenses": 65927000, "calculatedNetInterest": 34626000, "calculatedOtherIncome": -46860000, "calculatedIncomeNonControlling": 0, "calculatedEbitda": 158626000}, {"date": "2008-12-31", "symbol": "SFB", "reportedCurrency": "USD", "cik": "0000720672", "fillingDate": "2009-02-27", "acceptedDate": "2009-02-27 16:52:50", "calendarYear": "2008", "period": "FY", "revenue": 870337000, "costOfRevenue": 719660000, "grossProfit": 150677000, "grossProfitRatio": 0.173124893, "researchAndDevelopmentExpenses": 0, "generalAndAdministrativeExpenses": 582778000, "sellingAndMarketingExpenses": 0, "sellingGeneralAndAdministrativeExpenses": 582778000, "otherExpenses": 196222000, "operatingExpenses": 779000000, "costAndExpenses": 779000000, "interestIncome": 50148000, "interestExpense": 18510000, "depreciationAndAmortization": 32230000, "ebitda": 142509000, "ebitdaratio": 0.1637400225, "operatingIncome": 110279000, "operatingIncomeRatio": 0.12670839, "totalOtherIncomeExpensesNet": -18510000, "incomeBeforeTax": 91769000, "incomeBeforeTaxRatio": 0.105440766, "incomeTaxExpense": 36267000, "netIncome": 55502000, "netIncomeRatio": 0.0637707003, "eps": 1.02, "epsdiluted": 0.88, "weightedAverageShsOut": 54155250, "weightedAverageShsOutDil": 63164250, "link": "https://www.sec.gov/Archives/edgar/data/720672/000072067209000030/0000720672-09-000030-index.htm", "finalLink": "https://www.sec.gov/Archives/edgar/data/720672/000072067209000030/rsf200810k_edgar2.htm", "calculatedOtherExpenses": -542380000, "calculatedOperatingExpenses": 40398000, "calculatedNetInterest": 31638000, "calculatedOtherIncome": -50148000, "calculatedIncomeNonControlling": 0, "calculatedEbitda": 142509000}, {"date": "2007-12-31", "symbol": "SFB", "reportedCurrency": "USD", "cik": "0000720672", "fillingDate": "2008-03-04", "acceptedDate": "2008-03-04 16:11:28", "calendarYear": "2007", "period": "FY", "revenue": 763065000, "costOfRevenue": 599147000, "grossProfit": 163918000, "grossProfitRatio": 0.2148152516, "researchAndDevelopmentExpenses": 0, "generalAndAdministrativeExpenses": 543021000, "sellingAndMarketingExpenses": 0, "sellingGeneralAndAdministrativeExpenses": 543021000, "otherExpenses": 165979000, "operatingExpenses": 709000000, "costAndExpenses": 709000000, "interestIncome": 59071000, "interestExpense": 30025000, "depreciationAndAmortization": 32241000, "ebitda": 116112000, "ebitdaratio": 0.1521652808, "operatingIncome": 83871000, "operatingIncomeRatio": 0.1099133101, "totalOtherIncomeExpensesNet": -30025000, "incomeBeforeTax": 53846000, "incomeBeforeTaxRatio": 0.0705654171, "incomeTaxExpense": 21676000, "netIncome": 32170000, "netIncomeRatio": 0.0421589249, "eps": 0.66, "epsdiluted": 0.56, "weightedAverageShsOut": 48946500, "weightedAverageShsOutDil": 57876750, "link": "https://www.sec.gov/Archives/edgar/data/720672/000072067208000046/0000720672-08-000046-index.htm", "finalLink": "https://www.sec.gov/Archives/edgar/data/720672/000072067208000046/r200710k1.htm", "calculatedOtherExpenses": -462974000, "calculatedOperatingExpenses": 80047000, "calculatedNetInterest": 29046000, "calculatedOtherIncome": -59071000, "calculatedIncomeNonControlling": 0, "calculatedEbitda": 116112000}, {"date": "2006-12-31", "symbol": "SFB", "reportedCurrency": "USD", "cik": "0000720672", "fillingDate": "2007-03-16", "acceptedDate": "2007-03-16 16:58:11", "calendarYear": "2006", "period": "FY", "revenue": 451807000, "costOfRevenue": 361633000, "grossProfit": 90174000, "grossProfitRatio": 0.1995852211, "researchAndDevelopmentExpenses": 0, "generalAndAdministrativeExpenses": 329703000, "sellingAndMarketingExpenses": 0, "sellingGeneralAndAdministrativeExpenses": 329703000, "otherExpenses": 95297000, "operatingExpenses": 425000000, "costAndExpenses": 425000000, "interestIncome": 35804000, "interestExpense": 19581000, "depreciationAndAmortization": 15063000, "ebitda": 61013000, "ebitdaratio": 0.1350421751, "operatingIncome": 45950000, "operatingIncomeRatio": 0.1017027182, "totalOtherIncomeExpensesNet": -19581000, "incomeBeforeTax": 26369000, "incomeBeforeTaxRatio": 0.0583634162, "incomeTaxExpense": 10938000, "netIncome": 15431000, "netIncomeRatio": 0.034153964, "eps": 0.4, "epsdiluted": 0.33, "weightedAverageShsOut": 38856375, "weightedAverageShsOutDil": 46942875, "link": "https://www.sec.gov/Archives/edgar/data/720672/000072067207000056/0000720672-07-000056-index.htm", "finalLink": "https://www.sec.gov/Archives/edgar/data/720672/000072067207000056/r200610k.htm", "calculatedOtherExpenses": -285479000, "calculatedOperatingExpenses": 44224000, "calculatedNetInterest": 16223000, "calculatedOtherIncome": -35804000, "calculatedIncomeNonControlling": 0, "calculatedEbitda": 61013000}, {"date": "2005-12-31", "symbol": "SFB", "reportedCurrency": "USD", "cik": "0000720672", "fillingDate": "2006-03-16", "acceptedDate": "2006-03-16 15:46:49", "calendarYear": "2005", "period": "FY", "revenue": 263735000, "costOfRevenue": 192167000, "grossProfit": 71568000, "grossProfitRatio": 0.2713633003, "researchAndDevelopmentExpenses": 0, "generalAndAdministrativeExpenses": 174765000, "sellingAndMarketingExpenses": 0, "sellingGeneralAndAdministrativeExpenses": 174765000, "otherExpenses": 56235000, "operatingExpenses": 231000000, "costAndExpenses": 231000000, "interestIncome": 18022000, "interestExpense": 6275000, "depreciationAndAmortization": 12912000, "ebitda": 51909000, "ebitdaratio": 0.1968225681, "operatingIncome": 38997000, "operatingIncomeRatio": 0.1478643335, "totalOtherIncomeExpensesNet": -6275000, "incomeBeforeTax": 32722000, "incomeBeforeTaxRatio": 0.1240715112, "incomeTaxExpense": 13078000, "netIncome": 19644000, "netIncomeRatio": 0.0744838569, "eps": 0.59, "epsdiluted": 0.46, "weightedAverageShsOut": 33169500, "weightedAverageShsOutDil": 42477750, "link": "https://www.sec.gov/Archives/edgar/data/720672/000072067206000052/0000720672-06-000052-index.htm", "finalLink": "https://www.sec.gov/Archives/edgar/data/720672/000072067206000052/r10k05.htm", "calculatedOtherExpenses": -142194000, "calculatedOperatingExpenses": 32571000, "calculatedNetInterest": 11747000, "calculatedOtherIncome": -18022000, "calculatedIncomeNonControlling": 0, "calculatedEbitda": 51909000}, {"date": "2004-12-31", "symbol": "SFB", "reportedCurrency": "USD", "cik": "0000720672", "fillingDate": "2005-03-15", "acceptedDate": "2005-03-15 14:47:34", "calendarYear": "2004", "period": "FY", "revenue": 246823000, "costOfRevenue": 174773000, "grossProfit": 72050000, "grossProfitRatio": 0.291909587, "researchAndDevelopmentExpenses": 0, "generalAndAdministrativeExpenses": 157314000, "sellingAndMarketingExpenses": 0, "sellingGeneralAndAdministrativeExpenses": 157314000, "otherExpenses": -188381000, "operatingExpenses": -31067000, "costAndExpenses": 143706000, "interestIncome": 13051000, "interestExpense": 4366000, "depreciationAndAmortization": 16706000, "ebitda": 57689000, "ebitdaratio": 0.2337261925, "operatingIncome": 40983000, "operatingIncomeRatio": 0.1660420625, "totalOtherIncomeExpensesNet": -4366000, "incomeBeforeTax": 36617000, "incomeBeforeTaxRatio": 0.1483532734, "incomeTaxExpense": 13469000, "netIncome": 23148000, "netIncomeRatio": 0.0937838046, "eps": 0.71, "epsdiluted": 0.56, "weightedAverageShsOut": 32688075, "weightedAverageShsOutDil": 41555585, "link": "https://www.sec.gov/Archives/edgar/data/720672/000072067205000045/0000720672-05-000045-index.htm", "finalLink": "https://www.sec.gov/Archives/edgar/data/720672/000072067205000045/r200410k.htm", "calculatedOtherExpenses": -126247000, "calculatedOperatingExpenses": 31067000, "calculatedNetInterest": 8685000, "calculatedOtherIncome": -13051000, "calculatedIncomeNonControlling": 0, "calculatedEbitda": 57689000}, {"date": "2003-12-31", "symbol": "SFB", "reportedCurrency": "USD", "cik": "0000720672", "fillingDate": "2004-03-15", "acceptedDate": "2004-03-15 16:14:55", "calendarYear": "2003", "period": "FY", "revenue": 216512000, "costOfRevenue": 0, "grossProfit": 216512000, "grossProfitRatio": 1, "researchAndDevelopmentExpenses": 0, "generalAndAdministrativeExpenses": 140973000, "sellingAndMarketingExpenses": 0, "sellingGeneralAndAdministrativeExpenses": 140973000, "otherExpenses": -327317000, "operatingExpenses": -186344000, "costAndExpenses": -186344000, "interestIncome": 12243000, "interestExpense": 5108000, "depreciationAndAmortization": 15617000, "ebitda": 45785000, "ebitdaratio": 0.211466339, "operatingIncome": 30168000, "operatingIncomeRatio": 0.1393363878, "totalOtherIncomeExpensesNet": -5108000, "incomeBeforeTax": 25060000, "incomeBeforeTaxRatio": 0.115744162, "incomeTaxExpense": 10053000, "netIncome": 15007000, "netIncomeRatio": 0.0693125554, "eps": 0.48, "epsdiluted": 0.41, "weightedAverageShsOut": 31161375, "weightedAverageShsOutDil": 37027125, "link": "https://www.sec.gov/Archives/edgar/data/720672/000106880004000202/0001068800-04-000202-index.htm", "finalLink": "https://www.sec.gov/Archives/edgar/data/720672/000106880004000202/stifelk.txt", "calculatedOtherExpenses": 45371000, "calculatedOperatingExpenses": 186344000, "calculatedNetInterest": 7135000, "calculatedOtherIncome": -12243000, "calculatedIncomeNonControlling": 0, "calculatedEbitda": 45785000}, {"date": "2002-12-31", "symbol": "SFB", "reportedCurrency": "USD", "cik": "0000720672", "fillingDate": "2003-03-31", "acceptedDate": "2003-03-31 15:42:24", "calendarYear": "2002", "period": "FY", "revenue": 187794000, "costOfRevenue": 0, "grossProfit": 187794000, "grossProfitRatio": 1, "researchAndDevelopmentExpenses": 0, "generalAndAdministrativeExpenses": 126726000, "sellingAndMarketingExpenses": 0, "sellingGeneralAndAdministrativeExpenses": 126726000, "otherExpenses": -303407000, "operatingExpenses": -176681000, "costAndExpenses": -176681000, "interestIncome": 14544000, "interestExpense": 6319000, "depreciationAndAmortization": 12173000, "ebitda": 23286000, "ebitdaratio": 0.1239975718, "operatingIncome": 11113000, "operatingIncomeRatio": 0.0591765445, "totalOtherIncomeExpensesNet": -6319000, "incomeBeforeTax": 4794000, "incomeBeforeTaxRatio": 0.0255279721, "incomeTaxExpense": 2014000, "netIncome": 2780000, "netIncomeRatio": 0.0148034548, "eps": 0.0889, "epsdiluted": 0.0756, "weightedAverageShsOut": 31274218, "weightedAverageShsOutDil": 36793198, "link": "https://www.sec.gov/Archives/edgar/data/720672/000106880003000245/0001068800-03-000245-index.htm", "finalLink": "https://www.sec.gov/Archives/edgar/data/720672/000106880003000245/stifelk.txt", "calculatedOtherExpenses": 49955000, "calculatedOperatingExpenses": 176681000, "calculatedNetInterest": 8225000, "calculatedOtherIncome": -14544000, "calculatedIncomeNonControlling": 0, "calculatedEbitda": 23286000}, {"date": "2001-12-31", "symbol": "SFB", "reportedCurrency": "USD", "cik": "0000720672", "fillingDate": "2002-03-27", "acceptedDate": "2002-03-27 00:00:00", "calendarYear": "2001", "period": "FY", "revenue": 177898000, "costOfRevenue": 0, "grossProfit": 177898000, "grossProfitRatio": 1, "researchAndDevelopmentExpenses": 0, "generalAndAdministrativeExpenses": 120889000, "sellingAndMarketingExpenses": 0, "sellingGeneralAndAdministrativeExpenses": 120889000, "otherExpenses": -283678000, "operatingExpenses": -162789000, "costAndExpenses": -162789000, "interestIncome": 21866000, "interestExpense": 11722000, "depreciationAndAmortization": 11553000, "ebitda": 26662000, "ebitdaratio": 0.1498723988, "operatingIncome": 15109000, "operatingIncomeRatio": 0.0849306906, "totalOtherIncomeExpensesNet": -11722000, "incomeBeforeTax": 3387000, "incomeBeforeTaxRatio": 0.0190389999, "incomeTaxExpense": 1377000, "netIncome": 2010000, "netIncomeRatio": 0.0112986093, "eps": 0.0622, "epsdiluted": 0.0556, "weightedAverageShsOut": 32302764, "weightedAverageShsOutDil": 36179096, "link": "https://www.sec.gov/Archives/edgar/data/720672/000095013402002683/0000950134-02-002683-index.htm", "finalLink": "https://www.sec.gov/Archives/edgar/data/720672/000095013402002683/c68372e10-k405.txt", "calculatedOtherExpenses": 41900000, "calculatedOperatingExpenses": 162789000, "calculatedNetInterest": 10144000, "calculatedOtherIncome": -21866000, "calculatedIncomeNonControlling": 0, "calculatedEbitda": 26662000}, {"date": "2000-12-31", "symbol": "SFB", "reportedCurrency": "USD", "cik": "0000720672", "fillingDate": "2001-04-02", "acceptedDate": "2001-04-02 00:00:00", "calendarYear": "2000", "period": "FY", "revenue": 177528000, "costOfRevenue": 0, "grossProfit": 177528000, "grossProfitRatio": 1, "researchAndDevelopmentExpenses": 0, "generalAndAdministrativeExpenses": 117229000, "sellingAndMarketingExpenses": 0, "sellingGeneralAndAdministrativeExpenses": 117229000, "otherExpenses": -259474000, "operatingExpenses": -142245000, "costAndExpenses": -142245000, "interestIncome": 35479000, "interestExpense": 20594000, "depreciationAndAmortization": 8129000, "ebitda": 43412000, "ebitdaratio": 0.2445360732, "operatingIncome": 35283000, "operatingIncomeRatio": 0.1987461133, "totalOtherIncomeExpensesNet": -20594000, "incomeBeforeTax": 14689000, "incomeBeforeTaxRatio": 0.0827418773, "incomeTaxExpense": 5486000, "netIncome": 9203000, "netIncomeRatio": 0.0518397098, "eps": 0.29, "epsdiluted": 0.27, "weightedAverageShsOut": 31694005, "weightedAverageShsOutDil": 34511250, "link": "https://www.sec.gov/Archives/edgar/data/720672/000072067201500004/0000720672-01-500004-index.htm", "finalLink": "https://www.sec.gov/Archives/edgar/data/720672/000072067201500004/r10k-2000.htm", "calculatedOtherExpenses": 25016000, "calculatedOperatingExpenses": 142245000, "calculatedNetInterest": 14885000, "calculatedOtherIncome": -35479000, "calculatedIncomeNonControlling": 0, "calculatedEbitda": 43412000}, {"date": "1999-12-31", "symbol": "SFB", "reportedCurrency": "USD", "cik": "0000720672", "fillingDate": "2000-03-30", "acceptedDate": "2000-03-30 00:00:00", "calendarYear": "1999", "period": "FY", "revenue": 141100000, "costOfRevenue": 0, "grossProfit": 141100000, "grossProfitRatio": 1, "researchAndDevelopmentExpenses": 0, "generalAndAdministrativeExpenses": 92800000, "sellingAndMarketingExpenses": 0, "sellingGeneralAndAdministrativeExpenses": 92800000, "otherExpenses": -212800000, "operatingExpenses": -120000000, "costAndExpenses": -120000000, "interestIncome": 20500000, "interestExpense": 10100000, "depreciationAndAmortization": 5700000, "ebitda": 26800000, "ebitdaratio": 0.1899362155, "operatingIncome": 21100000, "operatingIncomeRatio": 0.1495393338, "totalOtherIncomeExpensesNet": -10100000, "incomeBeforeTax": 11000000, "incomeBeforeTaxRatio": 0.0779588944, "incomeTaxExpense": 3800000, "netIncome": 7200000, "netIncomeRatio": 0.05102764, "eps": 0.24, "epsdiluted": 0.23, "weightedAverageShsOut": 29999250, "weightedAverageShsOutDil": 31455524, "link": "https://www.sec.gov/Archives/edgar/data/720672/000072067200000009/0000720672-00-000009-index.htm", "finalLink": "https://www.sec.gov/Archives/edgar/data/720672/000072067200000009/", "calculatedOtherExpenses": 27200000, "calculatedOperatingExpenses": 120000000, "calculatedNetInterest": 10400000, "calculatedOtherIncome": -20500000, "calculatedIncomeNonControlling": 0, "calculatedEbitda": 26800000}, {"date": "1998-12-31", "symbol": "SFB", "reportedCurrency": "USD", "cik": "0000720672", "fillingDate": "1999-03-30", "acceptedDate": "1999-03-30 00:00:00", "calendarYear": "1998", "period": "FY", "revenue": 127500000, "costOfRevenue": 0, "grossProfit": 127500000, "grossProfitRatio": 1, "researchAndDevelopmentExpenses": 0, "generalAndAdministrativeExpenses": 87000000, "sellingAndMarketingExpenses": 0, "sellingGeneralAndAdministrativeExpenses": 87000000, "otherExpenses": -196200000, "operatingExpenses": -109200000, "costAndExpenses": -109200000, "interestIncome": 18900000, "interestExpense": 9800000, "depreciationAndAmortization": 4400000, "ebitda": 22700000, "ebitdaratio": 0.1780392157, "operatingIncome": 18300000, "operatingIncomeRatio": 0.1435294118, "totalOtherIncomeExpensesNet": -9800000, "incomeBeforeTax": 8500000, "incomeBeforeTaxRatio": 0.0666666667, "incomeTaxExpense": 3300000, "netIncome": 5200000, "netIncomeRatio": 0.0407843137, "eps": 0.17, "epsdiluted": 0.16, "weightedAverageShsOut": 30388851, "weightedAverageShsOutDil": 32053993, "link": "https://www.sec.gov/Archives/edgar/data/720672/000072067299000003/0000720672-99-000003-index.htm", "finalLink": "https://www.sec.gov/Archives/edgar/data/720672/0000720672-99-000003.txt", "calculatedOtherExpenses": 22200000, "calculatedOperatingExpenses": 109200000, "calculatedNetInterest": 9100000, "calculatedOtherIncome": -18900000, "calculatedIncomeNonControlling": 0, "calculatedEbitda": 22700000}, {"date": "1997-12-31", "symbol": "SFB", "reportedCurrency": "USD", "cik": "0000720672", "fillingDate": "1998-03-27", "acceptedDate": "1998-03-27 00:00:00", "calendarYear": "1997", "period": "FY", "revenue": 123100000, "costOfRevenue": 0, "grossProfit": 123100000, "grossProfitRatio": 1, "researchAndDevelopmentExpenses": 0, "generalAndAdministrativeExpenses": 82100000, "sellingAndMarketingExpenses": 0, "sellingGeneralAndAdministrativeExpenses": 82100000, "otherExpenses": -182600000, "operatingExpenses": -100500000, "costAndExpenses": -100500000, "interestIncome": 21400000, "interestExpense": 13000000, "depreciationAndAmortization": 2900000, "ebitda": 25500000, "ebitdaratio": 0.2071486596, "operatingIncome": 22600000, "operatingIncomeRatio": 0.1835905768, "totalOtherIncomeExpensesNet": -13000000, "incomeBeforeTax": 9600000, "incomeBeforeTaxRatio": 0.0779853777, "incomeTaxExpense": 3800000, "netIncome": 5800000, "netIncomeRatio": 0.0471161657, "eps": 0.22, "epsdiluted": 0.19, "weightedAverageShsOut": 25853127, "weightedAverageShsOutDil": 29787299, "link": "https://www.sec.gov/Archives/edgar/data/720672/000072067298000006/0000720672-98-000006-index.htm", "finalLink": "https://www.sec.gov/Archives/edgar/data/720672/000072067298000006/", "calculatedOtherExpenses": 18400000, "calculatedOperatingExpenses": 100500000, "calculatedNetInterest": 8400000, "calculatedOtherIncome": -21400000, "calculatedIncomeNonControlling": 0, "calculatedEbitda": 25500000}, {"date": "1996-12-31", "symbol": "SFB", "reportedCurrency": "USD", "cik": "0000720672", "fillingDate": "1997-03-24", "acceptedDate": "1997-03-24 00:00:00", "calendarYear": "1996", "period": "FY", "revenue": 101700000, "costOfRevenue": 0, "grossProfit": 101700000, "grossProfitRatio": 1, "researchAndDevelopmentExpenses": 0, "generalAndAdministrativeExpenses": 66800000, "sellingAndMarketingExpenses": 0, "sellingGeneralAndAdministrativeExpenses": 66800000, "otherExpenses": -154700000, "operatingExpenses": -87900000, "costAndExpenses": -87900000, "interestIncome": 13800000, "interestExpense": 8200000, "depreciationAndAmortization": 2900000, "ebitda": 16700000, "ebitdaratio": 0.1642084562, "operatingIncome": 13800000, "operatingIncomeRatio": 0.1356932153, "totalOtherIncomeExpensesNet": -8200000, "incomeBeforeTax": 5600000, "incomeBeforeTaxRatio": 0.0550639135, "incomeTaxExpense": 2200000, "netIncome": 3400000, "netIncomeRatio": 0.0334316618, "eps": 0.15, "epsdiluted": 0.13, "weightedAverageShsOut": 23170233, "weightedAverageShsOutDil": 25919200, "link": "https://www.sec.gov/Archives/edgar/data/720672/000072067297000006/0000720672-97-000006-index.htm", "finalLink": "https://www.sec.gov/Archives/edgar/data/720672/000072067297000006/", "calculatedOtherExpenses": 21100000, "calculatedOperatingExpenses": 87900000, "calculatedNetInterest": 5600000, "calculatedOtherIncome": -13800000, "calculatedIncomeNonControlling": 0, "calculatedEbitda": 16700000}, {"date": "1995-12-31", "symbol": "SFB", "reportedCurrency": "USD", "cik": "0000720672", "fillingDate": "1996-03-26", "acceptedDate": "1996-03-26 00:00:00", "calendarYear": "1995", "period": "FY", "revenue": 87100000, "costOfRevenue": 0, "grossProfit": 87100000, "grossProfitRatio": 1, "researchAndDevelopmentExpenses": 0, "generalAndAdministrativeExpenses": 57200000, "sellingAndMarketingExpenses": 2000000, "sellingGeneralAndAdministrativeExpenses": 59200000, "otherExpenses": -136700000, "operatingExpenses": -77500000, "costAndExpenses": -77500000, "interestIncome": 0, "interestExpense": 8300000, "depreciationAndAmortization": 3100000, "ebitda": 12700000, "ebitdaratio": 0.1458094145, "operatingIncome": 9600000, "operatingIncomeRatio": 0.1102181401, "totalOtherIncomeExpensesNet": -8300000, "incomeBeforeTax": 1300000, "incomeBeforeTaxRatio": 0.0149253731, "incomeTaxExpense": 700000, "netIncome": 600000, "netIncomeRatio": 0.0068886338, "eps": 0.0256, "epsdiluted": 0.0256, "weightedAverageShsOut": 23441320, "weightedAverageShsOutDil": 23441320, "link": "https://www.sec.gov/Archives/edgar/data/720672/000072067296000011/0000720672-96-000011-index.htm", "finalLink": "https://www.sec.gov/Archives/edgar/data/720672/0000720672-96-000011.txt", "calculatedOtherExpenses": 18300000, "calculatedOperatingExpenses": 77500000, "calculatedNetInterest": -8300000, "calculatedOtherIncome": 0, "calculatedIncomeNonControlling": 0, "calculatedEbitda": 12700000}, {"date": "1994-12-31", "symbol": "SFB", "reportedCurrency": "USD", "cik": "0000720672", "fillingDate": "1995-03-31", "acceptedDate": "1995-03-31 00:00:00", "calendarYear": "1994", "period": "FY", "revenue": 87800000, "costOfRevenue": 0, "grossProfit": 87800000, "grossProfitRatio": 1, "researchAndDevelopmentExpenses": 0, "generalAndAdministrativeExpenses": 60700000, "sellingAndMarketingExpenses": 2900000, "sellingGeneralAndAdministrativeExpenses": 63600000, "otherExpenses": -154500000, "operatingExpenses": -90900000, "costAndExpenses": -90900000, "interestIncome": 0, "interestExpense": 6100000, "depreciationAndAmortization": 2700000, "ebitda": -400000, "ebitdaratio": -0.0045558087, "operatingIncome": -3100000, "operatingIncomeRatio": -0.0353075171, "totalOtherIncomeExpensesNet": -6100000, "incomeBeforeTax": -9200000, "incomeBeforeTaxRatio": -0.1047835991, "incomeTaxExpense": -3700000, "netIncome": -5500000, "netIncomeRatio": -0.062642369, "eps": -0.22, "epsdiluted": -0.22, "weightedAverageShsOut": 24486185, "weightedAverageShsOutDil": 24486185, "link": "https://www.sec.gov/Archives/edgar/data/720672/000072067295000005/0000720672-95-000005-index.htm", "finalLink": "https://www.sec.gov/Archives/edgar/data/720672/0000720672-95-000005.txt", "calculatedOtherExpenses": 27300000, "calculatedOperatingExpenses": 90900000, "calculatedNetInterest": -6100000, "calculatedOtherIncome": 0, "calculatedIncomeNonControlling": 0, "calculatedEbitda": -400000}, {"date": "1993-07-31", "symbol": "SFB", "reportedCurrency": "USD", "cik": "0000720672", "fillingDate": "1993-07-31", "acceptedDate": "1993-07-31 00:00:00", "calendarYear": "1993", "period": "FY", "revenue": 108700000, "costOfRevenue": 0, "grossProfit": 108700000, "grossProfitRatio": 1, "researchAndDevelopmentExpenses": 0, "generalAndAdministrativeExpenses": 68700000, "sellingAndMarketingExpenses": 2900000, "sellingGeneralAndAdministrativeExpenses": 71600000, "otherExpenses": -164300000, "operatingExpenses": -92700000, "costAndExpenses": -92700000, "interestIncome": 0, "interestExpense": 4800000, "depreciationAndAmortization": 2200000, "ebitda": 18200000, "ebitdaratio": 0.1674333027, "operatingIncome": 16000000, "operatingIncomeRatio": 0.1471941122, "totalOtherIncomeExpensesNet": -4800000, "incomeBeforeTax": 11200000, "incomeBeforeTaxRatio": 0.1030358786, "incomeTaxExpense": 4200000, "netIncome": 7000000, "netIncomeRatio": 0.0643974241, "eps": 0.32, "epsdiluted": 0.27, "weightedAverageShsOut": 21713266, "weightedAverageShsOutDil": 26020026, "link": null, "finalLink": null, "calculatedOtherExpenses": 21100000, "calculatedOperatingExpenses": 92700000, "calculatedNetInterest": -4800000, "calculatedOtherIncome": 0, "calculatedIncomeNonControlling": 0, "calculatedEbitda": 18200000}, {"date": "1992-07-31", "symbol": "SFB", "reportedCurrency": "USD", "cik": "0000720672", "fillingDate": "1992-07-31", "acceptedDate": "1992-07-31 00:00:00", "calendarYear": "1992", "period": "FY", "revenue": 102500000, "costOfRevenue": 0, "grossProfit": 102500000, "grossProfitRatio": 1, "researchAndDevelopmentExpenses": 0, "generalAndAdministrativeExpenses": 63900000, "sellingAndMarketingExpenses": 2200000, "sellingGeneralAndAdministrativeExpenses": 66100000, "otherExpenses": -153400000, "operatingExpenses": -87300000, "costAndExpenses": -87300000, "interestIncome": 0, "interestExpense": 5500000, "depreciationAndAmortization": 2000000, "ebitda": 17200000, "ebitdaratio": 0.167804878, "operatingIncome": 15200000, "operatingIncomeRatio": 0.1482926829, "totalOtherIncomeExpensesNet": -6100000, "incomeBeforeTax": 9100000, "incomeBeforeTaxRatio": 0.0887804878, "incomeTaxExpense": 3400000, "netIncome": 6300000, "netIncomeRatio": 0.0614634146, "eps": 0.3, "epsdiluted": 0.3, "weightedAverageShsOut": 20835140, "weightedAverageShsOutDil": 20835140, "link": null, "finalLink": null, "calculatedOtherExpenses": 21200000, "calculatedOperatingExpenses": 87300000, "calculatedNetInterest": -5500000, "calculatedOtherIncome": -600000, "calculatedIncomeNonControlling": -600000, "calculatedEbitda": 17200000}, {"date": "1991-07-31", "symbol": "SFB", "reportedCurrency": "USD", "cik": "0000720672", "fillingDate": "1991-07-31", "acceptedDate": "1991-07-31 00:00:00", "calendarYear": "1991", "period": "FY", "revenue": 71300000, "costOfRevenue": 0, "grossProfit": 71300000, "grossProfitRatio": 1, "researchAndDevelopmentExpenses": 0, "generalAndAdministrativeExpenses": 46100000, "sellingAndMarketingExpenses": 1600000, "sellingGeneralAndAdministrativeExpenses": 47700000, "otherExpenses": -115900000, "operatingExpenses": -68200000, "costAndExpenses": -68200000, "interestIncome": 8600000, "interestExpense": 5900000, "depreciationAndAmortization": 2100000, "ebitda": 5200000, "ebitdaratio": 0.0729312763, "operatingIncome": 3100000, "operatingIncomeRatio": 0.0434782609, "totalOtherIncomeExpensesNet": 0, "incomeBeforeTax": 0, "incomeBeforeTaxRatio": 0, "incomeTaxExpense": 5900000, "netIncome": -2800000, "netIncomeRatio": -0.0392706872, "eps": -0.14, "epsdiluted": -0.14, "weightedAverageShsOut": 20645381, "weightedAverageShsOutDil": 20645381, "link": null, "finalLink": null, "calculatedOtherExpenses": 20500000, "calculatedOperatingExpenses": 68200000, "calculatedNetInterest": 2700000, "calculatedOtherIncome": -5800000, "calculatedIncomeNonControlling": -3100000, "calculatedEbitda": 5200000}, {"date": "1990-07-31", "symbol": "SFB", "reportedCurrency": "USD", "cik": "0000720672", "fillingDate": "1990-07-31", "acceptedDate": "1990-07-31 00:00:00", "calendarYear": "1990", "period": "FY", "revenue": 72800000, "costOfRevenue": 0, "grossProfit": 72800000, "grossProfitRatio": 1, "researchAndDevelopmentExpenses": 0, "generalAndAdministrativeExpenses": 46900000, "sellingAndMarketingExpenses": 1600000, "sellingGeneralAndAdministrativeExpenses": 48500000, "otherExpenses": -113400000, "operatingExpenses": -64900000, "costAndExpenses": -64900000, "interestIncome": 10400000, "interestExpense": 7400000, "depreciationAndAmortization": 1400000, "ebitda": 9300000, "ebitdaratio": 0.1277472527, "operatingIncome": 7900000, "operatingIncomeRatio": 0.1085164835, "totalOtherIncomeExpensesNet": -7400000, "incomeBeforeTax": 500000, "incomeBeforeTaxRatio": 0.0068681319, "incomeTaxExpense": 200000, "netIncome": 300000, "netIncomeRatio": 0.0041208791, "eps": 0.02, "epsdiluted": 0.02, "weightedAverageShsOut": 14992337, "weightedAverageShsOutDil": 14992337, "link": null, "finalLink": null, "calculatedOtherExpenses": 16400000, "calculatedOperatingExpenses": 64900000, "calculatedNetInterest": 3000000, "calculatedOtherIncome": -10400000, "calculatedIncomeNonControlling": 0, "calculatedEbitda": 9300000}, {"date": "1989-07-31", "symbol": "SFB", "reportedCurrency": "USD", "cik": "0000720672", "fillingDate": "1989-07-31", "acceptedDate": "1989-07-31 00:00:00", "calendarYear": "1989", "period": "FY", "revenue": 71500000, "costOfRevenue": 0, "grossProfit": 71500000, "grossProfitRatio": 1, "researchAndDevelopmentExpenses": 0, "generalAndAdministrativeExpenses": 46100000, "sellingAndMarketingExpenses": 1700000, "sellingGeneralAndAdministrativeExpenses": 47800000, "otherExpenses": -109900000, "operatingExpenses": -62100000, "costAndExpenses": -62100000, "interestIncome": 10900000, "interestExpense": 8400000, "depreciationAndAmortization": 1400000, "ebitda": 10800000, "ebitdaratio": 0.151048951, "operatingIncome": 9400000, "operatingIncomeRatio": 0.1314685315, "totalOtherIncomeExpensesNet": -8400000, "incomeBeforeTax": 1000000, "incomeBeforeTaxRatio": 0.013986014, "incomeTaxExpense": 400000, "netIncome": 600000, "netIncomeRatio": 0.0083916084, "eps": 0.0267, "epsdiluted": 0.0267, "weightedAverageShsOut": 22488756, "weightedAverageShsOutDil": 22488756, "link": null, "finalLink": null, "calculatedOtherExpenses": 14300000, "calculatedOperatingExpenses": 62100000, "calculatedNetInterest": 2500000, "calculatedOtherIncome": -10900000, "calculatedIncomeNonControlling": 0, "calculatedEbitda": 10800000}, {"date": "1988-07-31", "symbol": "SFB", "reportedCurrency": "USD", "cik": "0000720672", "fillingDate": "1988-07-31", "acceptedDate": "1988-07-31 00:00:00", "calendarYear": "1988", "period": "FY", "revenue": 0, "costOfRevenue": 0, "grossProfit": 0, "grossProfitRatio": 0, "researchAndDevelopmentExpenses": 0, "generalAndAdministrativeExpenses": 0, "sellingAndMarketingExpenses": 0, "sellingGeneralAndAdministrativeExpenses": 0, "otherExpenses": -1600000, "operatingExpenses": -1600000, "costAndExpenses": -1600000, "interestIncome": 0, "interestExpense": -1600000, "depreciationAndAmortization": 0, "ebitda": -1600000, "ebitdaratio": 0, "operatingIncome": -1600000, "operatingIncomeRatio": 0, "totalOtherIncomeExpensesNet": 0, "incomeBeforeTax": 0, "incomeBeforeTaxRatio": 0, "incomeTaxExpense": 1600000, "netIncome": -1600000, "netIncomeRatio": 0, "eps": -0.0734, "epsdiluted": -0.0734, "weightedAverageShsOut": 21807212, "weightedAverageShsOutDil": 21807212, "link": null, "finalLink": null, "calculatedOtherExpenses": 1600000, "calculatedOperatingExpenses": 1600000, "calculatedNetInterest": 1600000, "calculatedOtherIncome": 0, "calculatedIncomeNonControlling": 0, "calculatedEbitda": -1600000}, {"date": "1987-07-31", "symbol": "SFB", "reportedCurrency": "USD", "cik": "0000720672", "fillingDate": "1987-07-31", "acceptedDate": "1987-07-31 00:00:00", "calendarYear": "1987", "period": "FY", "revenue": 0, "costOfRevenue": 0, "grossProfit": 0, "grossProfitRatio": 0, "researchAndDevelopmentExpenses": 0, "generalAndAdministrativeExpenses": 0, "sellingAndMarketingExpenses": 0, "sellingGeneralAndAdministrativeExpenses": 0, "otherExpenses": 4700000, "operatingExpenses": 4700000, "costAndExpenses": 4700000, "interestIncome": 0, "interestExpense": 4700000, "depreciationAndAmortization": 0, "ebitda": 4700000, "ebitdaratio": 0, "operatingIncome": 4700000, "operatingIncomeRatio": 0, "totalOtherIncomeExpensesNet": 0, "incomeBeforeTax": 0, "incomeBeforeTaxRatio": 0, "incomeTaxExpense": -4700000, "netIncome": 4700000, "netIncomeRatio": 0, "eps": 0.21, "epsdiluted": 0.2, "weightedAverageShsOut": 22488756, "weightedAverageShsOutDil": 23488256, "link": null, "finalLink": null, "calculatedOtherExpenses": -4700000, "calculatedOperatingExpenses": -4700000, "calculatedNetInterest": -4700000, "calculatedOtherIncome": 0, "calculatedIncomeNonControlling": 0, "calculatedEbitda": 4700000}, {"date": "1986-07-31", "symbol": "SFB", "reportedCurrency": "USD", "cik": "0000720672", "fillingDate": "1986-07-31", "acceptedDate": "1986-07-31 00:00:00", "calendarYear": "1986", "period": "FY", "revenue": 0, "costOfRevenue": 0, "grossProfit": 0, "grossProfitRatio": 0, "researchAndDevelopmentExpenses": 0, "generalAndAdministrativeExpenses": 0, "sellingAndMarketingExpenses": 0, "sellingGeneralAndAdministrativeExpenses": 0, "otherExpenses": 3300000, "operatingExpenses": 3300000, "costAndExpenses": 3300000, "interestIncome": 0, "interestExpense": 3300000, "depreciationAndAmortization": 0, "ebitda": 3300000, "ebitdaratio": 0, "operatingIncome": 3300000, "operatingIncomeRatio": 0, "totalOtherIncomeExpensesNet": 0, "incomeBeforeTax": 0, "incomeBeforeTaxRatio": 0, "incomeTaxExpense": -3300000, "netIncome": 3300000, "netIncomeRatio": 0, "eps": 0.15, "epsdiluted": 0.15, "weightedAverageShsOut": 21827322, "weightedAverageShsOutDil": 21827322, "link": null, "finalLink": null, "calculatedOtherExpenses": -3300000, "calculatedOperatingExpenses": -3300000, "calculatedNetInterest": -3300000, "calculatedOtherIncome": 0, "calculatedIncomeNonControlling": 0, "calculatedEbitda": 3300000}]}