{"originalCurrency": "USD", "convertedCurrency": "USD", "report": [{"date": "2023-12-31", "symbol": "SFBS", "reportedCurrency": "USD", "cik": "0001430723", "fillingDate": "2024-03-01", "acceptedDate": "2024-02-29 19:42:16", "calendarYear": "2023", "period": "FY", "revenue": 813246000, "costOfRevenue": 33342000, "grossProfit": 779904000, "grossProfitRatio": 0.9590013354, "researchAndDevelopmentExpenses": 0, "generalAndAdministrativeExpenses": 97376000, "sellingAndMarketingExpenses": 768000, "sellingGeneralAndAdministrativeExpenses": 98144000, "otherExpenses": -810209000, "operatingExpenses": -810209000, "costAndExpenses": -810209000, "interestIncome": 30417000, "interestExpense": 402309000, "depreciationAndAmortization": 4436000, "ebitda": 3037000, "ebitdaratio": 0.0037344174, "operatingIncome": 3037000, "operatingIncomeRatio": 0.0037344174, "totalOtherIncomeExpensesNet": 241551000, "incomeBeforeTax": 244588000, "incomeBeforeTaxRatio": 0.300755245, "incomeTaxExpense": 37735000, "netIncome": 206853000, "netIncomeRatio": 0.2543547709, "eps": 3.8, "epsdiluted": 3.79, "weightedAverageShsOut": 54411171, "weightedAverageShsOutDil": 54535315, "link": "https://www.sec.gov/Archives/edgar/data/1430723/000117184324001111/0001171843-24-001111-index.htm", "finalLink": "https://www.sec.gov/Archives/edgar/data/1430723/000117184324001111/sfbs20231231_10k.htm", "calculatedOtherExpenses": 678723000, "calculatedOperatingExpenses": 776867000, "calculatedNetInterest": -371892000, "calculatedOtherIncome": 613443000, "calculatedIncomeNonControlling": 0, "calculatedEbitda": 7473000}, {"date": "2022-12-31", "symbol": "SFBS", "reportedCurrency": "USD", "cik": "0001430723", "fillingDate": "2023-02-28", "acceptedDate": "2023-02-28 15:44:53", "calendarYear": "2022", "period": "FY", "revenue": 504251000, "costOfRevenue": 31075000, "grossProfit": 473176000, "grossProfitRatio": 0.9383739447, "researchAndDevelopmentExpenses": 0, "generalAndAdministrativeExpenses": 82517000, "sellingAndMarketingExpenses": 446000, "sellingGeneralAndAdministrativeExpenses": 82517000, "otherExpenses": 31075000, "operatingExpenses": 31075000, "costAndExpenses": 31075000, "interestIncome": 559315000, "interestExpense": 88423000, "depreciationAndAmortization": 4123000, "ebitda": 401312000, "ebitdaratio": 0.7958576185, "operatingIncome": 397189000, "operatingIncomeRatio": 0.787681135, "totalOtherIncomeExpensesNet": -88361000, "incomeBeforeTax": 308828000, "incomeBeforeTaxRatio": 0.612448959, "incomeTaxExpense": 57324000, "netIncome": 251504000, "netIncomeRatio": 0.4987674789, "eps": 4.63, "epsdiluted": 4.61, "weightedAverageShsOut": 54300366, "weightedAverageShsOutDil": 54534774, "link": "https://www.sec.gov/Archives/edgar/data/1430723/000117184323001247/0001171843-23-001247-index.htm", "finalLink": "https://www.sec.gov/Archives/edgar/data/1430723/000117184323001247/sfbs20221231_10k.htm", "calculatedOtherExpenses": -6530000, "calculatedOperatingExpenses": 75987000, "calculatedNetInterest": 470892000, "calculatedOtherIncome": -559253000, "calculatedIncomeNonControlling": 0, "calculatedEbitda": 401312000}, {"date": "2021-12-31", "symbol": "SFBS", "reportedCurrency": "USD", "cik": "0001430723", "fillingDate": "2022-02-25", "acceptedDate": "2022-02-25 16:55:00", "calendarYear": "2021", "period": "FY", "revenue": 417955000, "costOfRevenue": 27157000, "grossProfit": 390798000, "grossProfitRatio": 0.9350241055, "researchAndDevelopmentExpenses": 0, "generalAndAdministrativeExpenses": 73407000, "sellingAndMarketingExpenses": 498000, "sellingGeneralAndAdministrativeExpenses": 73407000, "otherExpenses": -238013000, "operatingExpenses": -164606000, "costAndExpenses": -164606000, "interestIncome": 416305000, "interestExpense": 31802000, "depreciationAndAmortization": 4388000, "ebitda": 257737000, "ebitdaratio": 0.6166620808, "operatingIncome": 253349000, "operatingIncomeRatio": 0.6061633429, "totalOtherIncomeExpensesNet": 248685000, "incomeBeforeTax": 253349000, "incomeBeforeTaxRatio": 0.6061633429, "incomeTaxExpense": 45615000, "netIncome": 207734000, "netIncomeRatio": 0.4970247993, "eps": 3.83, "epsdiluted": 3.82, "weightedAverageShsOut": 54160990, "weightedAverageShsOutDil": 54434573, "link": "https://www.sec.gov/Archives/edgar/data/1430723/000117184322001394/0001171843-22-001394-index.htm", "finalLink": "https://www.sec.gov/Archives/edgar/data/1430723/000117184322001394/sfbs20211231_10k.htm", "calculatedOtherExpenses": 64042000, "calculatedOperatingExpenses": 137449000, "calculatedNetInterest": 384503000, "calculatedOtherIncome": -384503000, "calculatedIncomeNonControlling": 0, "calculatedEbitda": 257737000}, {"date": "2020-12-31", "symbol": "SFBS", "reportedCurrency": "USD", "cik": "0001430723", "fillingDate": "2021-02-26", "acceptedDate": "2021-02-25 17:49:55", "calendarYear": "2020", "period": "FY", "revenue": 368153000, "costOfRevenue": 15490000, "grossProfit": 352663000, "grossProfitRatio": 0.9579251018, "researchAndDevelopmentExpenses": 0, "generalAndAdministrativeExpenses": 65768000, "sellingAndMarketingExpenses": 338000, "sellingGeneralAndAdministrativeExpenses": 65768000, "otherExpenses": -219713000, "operatingExpenses": -153945000, "costAndExpenses": -153945000, "interestIncome": 389022000, "interestExpense": 50985000, "depreciationAndAmortization": 4103000, "ebitda": 218311000, "ebitdaratio": 0.5929898711, "operatingIncome": 214208000, "operatingIncomeRatio": 0.5818450481, "totalOtherIncomeExpensesNet": 212593000, "incomeBeforeTax": 214208000, "incomeBeforeTaxRatio": 0.5818450481, "incomeTaxExpense": 44639000, "netIncome": 169569000, "netIncomeRatio": 0.4605938292, "eps": 3.15, "epsdiluted": 3.13, "weightedAverageShsOut": 53844482, "weightedAverageShsOutDil": 54219037, "link": "https://www.sec.gov/Archives/edgar/data/1430723/000117184321001354/0001171843-21-001354-index.htm", "finalLink": "https://www.sec.gov/Archives/edgar/data/1430723/000117184321001354/sfbs20201231_10k.htm", "calculatedOtherExpenses": 72687000, "calculatedOperatingExpenses": 138455000, "calculatedNetInterest": 338037000, "calculatedOtherIncome": -338037000, "calculatedIncomeNonControlling": 0, "calculatedEbitda": 218311000}, {"date": "2019-12-31", "symbol": "SFBS", "reportedCurrency": "USD", "cik": "0001430723", "fillingDate": "2020-02-25", "acceptedDate": "2020-02-25 16:43:00", "calendarYear": "2019", "period": "FY", "revenue": 311627000, "costOfRevenue": 27448000, "grossProfit": 284179000, "grossProfitRatio": 0.9119203407, "researchAndDevelopmentExpenses": 0, "generalAndAdministrativeExpenses": 60758000, "sellingAndMarketingExpenses": 581000, "sellingGeneralAndAdministrativeExpenses": 60758000, "otherExpenses": -185524000, "operatingExpenses": -124766000, "costAndExpenses": -124766000, "interestIncome": 390803000, "interestExpense": 103158000, "depreciationAndAmortization": 3952000, "ebitda": 190813000, "ebitdaratio": 0.6123121552, "operatingIncome": 186861000, "operatingIncomeRatio": 0.5996303273, "totalOtherIncomeExpensesNet": 185118000, "incomeBeforeTax": 186861000, "incomeBeforeTaxRatio": 0.5996303273, "incomeTaxExpense": 37618000, "netIncome": 149243000, "netIncomeRatio": 0.4789154983, "eps": 2.79, "epsdiluted": 2.76, "weightedAverageShsOut": 53530766, "weightedAverageShsOutDil": 54103074, "link": "https://www.sec.gov/Archives/edgar/data/1430723/000117184320001250/0001171843-20-001250-index.htm", "finalLink": "https://www.sec.gov/Archives/edgar/data/1430723/000117184320001250/sfbs20191231_10k.htm", "calculatedOtherExpenses": 36560000, "calculatedOperatingExpenses": 97318000, "calculatedNetInterest": 287645000, "calculatedOtherIncome": -287645000, "calculatedIncomeNonControlling": 0, "calculatedEbitda": 190813000}, {"date": "2018-12-31", "symbol": "SFBS", "reportedCurrency": "USD", "cik": "0001430723", "fillingDate": "2019-02-28", "acceptedDate": "2019-02-28 15:56:52", "calendarYear": "2018", "period": "FY", "revenue": 284215000, "costOfRevenue": 23298000, "grossProfit": 260917000, "grossProfitRatio": 0.9180268459, "researchAndDevelopmentExpenses": 0, "generalAndAdministrativeExpenses": 55718000, "sellingAndMarketingExpenses": 557000, "sellingGeneralAndAdministrativeExpenses": 55718000, "otherExpenses": -111363000, "operatingExpenses": -43864000, "costAndExpenses": -43864000, "interestIncome": 326627000, "interestExpense": 63948000, "depreciationAndAmortization": 3648000, "ebitda": 236438000, "ebitdaratio": 0.8318983868, "operatingIncome": 232790000, "operatingIncomeRatio": 0.8190630333, "totalOtherIncomeExpensesNet": -63948000, "incomeBeforeTax": 168842000, "incomeBeforeTaxRatio": 0.5940643527, "incomeTaxExpense": 31902000, "netIncome": 136940000, "netIncomeRatio": 0.4818183417, "eps": 2.58, "epsdiluted": 2.53, "weightedAverageShsOut": 53172695, "weightedAverageShsOutDil": 54169879, "link": "https://www.sec.gov/Archives/edgar/data/1430723/000117184319001375/0001171843-19-001375-index.htm", "finalLink": "https://www.sec.gov/Archives/edgar/data/1430723/000117184319001375/f10k_022719p.htm", "calculatedOtherExpenses": -27591000, "calculatedOperatingExpenses": 28127000, "calculatedNetInterest": 262679000, "calculatedOtherIncome": -326627000, "calculatedIncomeNonControlling": 0, "calculatedEbitda": 236438000}, {"date": "2017-12-31", "symbol": "SFBS", "reportedCurrency": "USD", "cik": "0001430723", "fillingDate": "2018-02-28", "acceptedDate": "2018-02-28 17:23:57", "calendarYear": "2017", "period": "FY", "revenue": 246469000, "costOfRevenue": 22814000, "grossProfit": 223655000, "grossProfitRatio": 0.907436635, "researchAndDevelopmentExpenses": 0, "generalAndAdministrativeExpenses": 51522000, "sellingAndMarketingExpenses": 716000, "sellingGeneralAndAdministrativeExpenses": 51522000, "otherExpenses": 0, "operatingExpenses": 238379000, "costAndExpenses": 261193000, "interestIncome": 262756000, "interestExpense": 35333000, "depreciationAndAmortization": 2845000, "ebitda": 175528000, "ebitdaratio": 0.712170699, "operatingIncome": 1563000, "operatingIncomeRatio": 0.0063415683, "totalOtherIncomeExpensesNet": 135787000, "incomeBeforeTax": 137350000, "incomeBeforeTaxRatio": 0.5572708941, "incomeTaxExpense": 44258000, "netIncome": 93092000, "netIncomeRatio": 0.3777026725, "eps": 1.76, "epsdiluted": 1.72, "weightedAverageShsOut": 52887359, "weightedAverageShsOutDil": 54123957, "link": "https://www.sec.gov/Archives/edgar/data/1430723/000117184318001571/0001171843-18-001571-index.htm", "finalLink": "https://www.sec.gov/Archives/edgar/data/1430723/000117184318001571/f10k_022818p.htm", "calculatedOtherExpenses": 170570000, "calculatedOperatingExpenses": 222092000, "calculatedNetInterest": 227423000, "calculatedOtherIncome": -91636000, "calculatedIncomeNonControlling": 0, "calculatedEbitda": 4408000}, {"date": "2016-12-31", "symbol": "SFBS", "reportedCurrency": "USD", "cik": "0001430723", "fillingDate": "2017-02-28", "acceptedDate": "2017-02-28 16:27:58", "calendarYear": "2016", "period": "FY", "revenue": 205209000, "costOfRevenue": 20917000, "grossProfit": 184292000, "grossProfitRatio": 0.8980697728, "researchAndDevelopmentExpenses": 0, "generalAndAdministrativeExpenses": 47355000, "sellingAndMarketingExpenses": 544000, "sellingGeneralAndAdministrativeExpenses": 47355000, "otherExpenses": 0, "operatingExpenses": 185744000, "costAndExpenses": 206661000, "interestIncome": 212902000, "interestExpense": 25805000, "depreciationAndAmortization": 3058000, "ebitda": 139681000, "ebitdaratio": 0.6806767734, "operatingIncome": 6241000, "operatingIncomeRatio": 0.0304128961, "totalOtherIncomeExpensesNet": 104577000, "incomeBeforeTax": 110818000, "incomeBeforeTaxRatio": 0.5400250476, "incomeTaxExpense": 29339000, "netIncome": 81479000, "netIncomeRatio": 0.3970537355, "eps": 1.55, "epsdiluted": 1.52, "weightedAverageShsOut": 52450896, "weightedAverageShsOutDil": 53608372, "link": "https://www.sec.gov/Archives/edgar/data/1430723/000114420417011710/0001144204-17-011710-index.htm", "finalLink": "https://www.sec.gov/Archives/edgar/data/1430723/000114420417011710/v458972_10k.htm", "calculatedOtherExpenses": 130696000, "calculatedOperatingExpenses": 178051000, "calculatedNetInterest": 187097000, "calculatedOtherIncome": -82520000, "calculatedIncomeNonControlling": 0, "calculatedEbitda": 9299000}, {"date": "2015-12-31", "symbol": "SFBS", "reportedCurrency": "USD", "cik": "0001430723", "fillingDate": "2016-02-24", "acceptedDate": "2016-02-24 17:32:15", "calendarYear": "2015", "period": "FY", "revenue": 176234000, "costOfRevenue": 20486000, "grossProfit": 155748000, "grossProfitRatio": 0.8837568233, "researchAndDevelopmentExpenses": 0, "generalAndAdministrativeExpenses": 41573000, "sellingAndMarketingExpenses": 562000, "sellingGeneralAndAdministrativeExpenses": 41573000, "otherExpenses": 0, "operatingExpenses": 155946000, "costAndExpenses": 176432000, "interestIncome": 179975000, "interestExpense": 17704000, "depreciationAndAmortization": 2595000, "ebitda": 109304000, "ebitdaratio": 0.6202208427, "operatingIncome": 3543000, "operatingIncomeRatio": 0.0201039527, "totalOtherIncomeExpensesNet": 85462000, "incomeBeforeTax": 89005000, "incomeBeforeTaxRatio": 0.5050387553, "incomeTaxExpense": 25465000, "netIncome": 63540000, "netIncomeRatio": 0.3605433685, "eps": 1.23, "epsdiluted": 1.2, "weightedAverageShsOut": 51426466, "weightedAverageShsOutDil": 52885108, "link": "https://www.sec.gov/Archives/edgar/data/1430723/000114420416084092/0001144204-16-084092-index.htm", "finalLink": "https://www.sec.gov/Archives/edgar/data/1430723/000114420416084092/v431139_10k.htm", "calculatedOtherExpenses": 110632000, "calculatedOperatingExpenses": 152205000, "calculatedNetInterest": 162271000, "calculatedOtherIncome": -76809000, "calculatedIncomeNonControlling": 0, "calculatedEbitda": 6138000}, {"date": "2014-12-31", "symbol": "SFBS", "reportedCurrency": "USD", "cik": "0001430723", "fillingDate": "2015-03-03", "acceptedDate": "2015-03-03 17:09:48", "calendarYear": "2014", "period": "FY", "revenue": 141835000, "costOfRevenue": 14972000, "grossProfit": 126863000, "grossProfitRatio": 0.8944407234, "researchAndDevelopmentExpenses": 0, "generalAndAdministrativeExpenses": 33111000, "sellingAndMarketingExpenses": 477000, "sellingGeneralAndAdministrativeExpenses": 33111000, "otherExpenses": 0, "operatingExpenses": 127119000, "costAndExpenses": 142091000, "interestIncome": 144725000, "interestExpense": 14119000, "depreciationAndAmortization": 1838000, "ebitda": 89935000, "ebitdaratio": 0.6340818557, "operatingIncome": 2634000, "operatingIncomeRatio": 0.0185708746, "totalOtherIncomeExpensesNet": 71344000, "incomeBeforeTax": 73978000, "incomeBeforeTaxRatio": 0.5215778898, "incomeTaxExpense": 21601000, "netIncome": 52377000, "netIncomeRatio": 0.369281207, "eps": 1.09, "epsdiluted": 1.05, "weightedAverageShsOut": 47710002, "weightedAverageShsOutDil": 49636442, "link": "https://www.sec.gov/Archives/edgar/data/1430723/000114420415013678/0001144204-15-013678-index.htm", "finalLink": "https://www.sec.gov/Archives/edgar/data/1430723/000114420415013678/v401843_10k.htm", "calculatedOtherExpenses": 91118000, "calculatedOperatingExpenses": 124229000, "calculatedNetInterest": 130606000, "calculatedOtherIncome": -59262000, "calculatedIncomeNonControlling": 0, "calculatedEbitda": 4472000}, {"date": "2013-12-31", "symbol": "SFBS", "reportedCurrency": "USD", "cik": "0001430723", "fillingDate": "2014-03-07", "acceptedDate": "2014-03-07 17:27:57", "calendarYear": "2013", "period": "FY", "revenue": 120590000, "costOfRevenue": 10929000, "grossProfit": 109661000, "grossProfitRatio": 0.9093705946, "researchAndDevelopmentExpenses": 0, "generalAndAdministrativeExpenses": 32877000, "sellingAndMarketingExpenses": 532000, "sellingGeneralAndAdministrativeExpenses": 33409000, "otherExpenses": 0, "operatingExpenses": 113008000, "costAndExpenses": 123937000, "interestIncome": 126081000, "interestExpense": 13619000, "depreciationAndAmortization": 1841000, "ebitda": 77435000, "ebitdaratio": 0.6421345053, "operatingIncome": 2144000, "operatingIncomeRatio": 0.017779252, "totalOtherIncomeExpensesNet": 59831000, "incomeBeforeTax": 61975000, "incomeBeforeTaxRatio": 0.5139315034, "incomeTaxExpense": 20358000, "netIncome": 41617000, "netIncomeRatio": 0.345111535, "eps": 0.84, "epsdiluted": 0.84, "weightedAverageShsOut": 49048872, "weightedAverageShsOutDil": 49048872, "link": "https://www.sec.gov/Archives/edgar/data/1430723/000114420414014205/0001144204-14-014205-index.htm", "finalLink": "https://www.sec.gov/Archives/edgar/data/1430723/000114420414014205/v369295_10k.htm", "calculatedOtherExpenses": 74108000, "calculatedOperatingExpenses": 107517000, "calculatedNetInterest": 112462000, "calculatedOtherIncome": -52631000, "calculatedIncomeNonControlling": 0, "calculatedEbitda": 3985000}, {"date": "2012-12-31", "symbol": "SFBS", "reportedCurrency": "USD", "cik": "0001430723", "fillingDate": "2013-03-12", "acceptedDate": "2013-03-12 17:30:53", "calendarYear": "2012", "period": "FY", "revenue": 100929000, "costOfRevenue": 10722000, "grossProfit": 90207000, "grossProfitRatio": 0.8937669054, "researchAndDevelopmentExpenses": 0, "generalAndAdministrativeExpenses": 28325000, "sellingAndMarketingExpenses": 454000, "sellingGeneralAndAdministrativeExpenses": 28779000, "otherExpenses": 0, "operatingExpenses": 96598000, "costAndExpenses": 107320000, "interestIncome": 109023000, "interestExpense": 14901000, "depreciationAndAmortization": 1218000, "ebitda": 67684000, "ebitdaratio": 0.6706100328, "operatingIncome": 1703000, "operatingIncomeRatio": 0.0168732475, "totalOtherIncomeExpensesNet": 49862000, "incomeBeforeTax": 51565000, "incomeBeforeTaxRatio": 0.5109037046, "incomeTaxExpense": 17120000, "netIncome": 34445000, "netIncomeRatio": 0.3412795133, "eps": 0.69, "epsdiluted": 0.69, "weightedAverageShsOut": 49048872, "weightedAverageShsOutDil": 49048872, "link": "https://www.sec.gov/Archives/edgar/data/1430723/000114420413014641/0001144204-13-014641-index.htm", "finalLink": "https://www.sec.gov/Archives/edgar/data/1430723/000114420413014641/v336980_10k.htm", "calculatedOtherExpenses": 59725000, "calculatedOperatingExpenses": 88504000, "calculatedNetInterest": 94122000, "calculatedOtherIncome": -44260000, "calculatedIncomeNonControlling": 0, "calculatedEbitda": 2921000}, {"date": "2011-12-31", "symbol": "SFBS", "reportedCurrency": "USD", "cik": "0001430723", "fillingDate": "2012-03-07", "acceptedDate": "2012-03-07 11:32:49", "calendarYear": "2011", "period": "FY", "revenue": 82257000, "costOfRevenue": 10414000, "grossProfit": 71843000, "grossProfitRatio": 0.873396793, "researchAndDevelopmentExpenses": 0, "generalAndAdministrativeExpenses": 21314000, "sellingAndMarketingExpenses": 0, "sellingGeneralAndAdministrativeExpenses": 21314000, "otherExpenses": 0, "operatingExpenses": 79400000, "costAndExpenses": 89814000, "interestIncome": 91411000, "interestExpense": 16080000, "depreciationAndAmortization": 1173000, "ebitda": 53080000, "ebitdaratio": 0.6452946254, "operatingIncome": 1597000, "operatingIncomeRatio": 0.0194147611, "totalOtherIncomeExpensesNet": 34230000, "incomeBeforeTax": 35827000, "incomeBeforeTaxRatio": 0.4355495581, "incomeTaxExpense": 12389000, "netIncome": 23438000, "netIncomeRatio": 0.2849362364, "eps": 0.47, "epsdiluted": 0.47, "weightedAverageShsOut": 49048872, "weightedAverageShsOutDil": 49048872, "link": "https://www.sec.gov/Archives/edgar/data/1430723/000114420412013430/0001144204-12-013430-index.htm", "finalLink": "https://www.sec.gov/Archives/edgar/data/1430723/000114420412013430/v303197_10k.htm", "calculatedOtherExpenses": 48932000, "calculatedOperatingExpenses": 70246000, "calculatedNetInterest": 75331000, "calculatedOtherIncome": -41101000, "calculatedIncomeNonControlling": 0, "calculatedEbitda": 2770000}, {"date": "2010-12-31", "symbol": "SFBS", "reportedCurrency": "USD", "cik": "0001430723", "fillingDate": "2011-03-08", "acceptedDate": "2011-03-08 12:17:41", "calendarYear": "2010", "period": "FY", "revenue": 67028000, "costOfRevenue": 0, "grossProfit": 67028000, "grossProfitRatio": 1, "researchAndDevelopmentExpenses": 0, "generalAndAdministrativeExpenses": 21083000, "sellingAndMarketingExpenses": 313000, "sellingGeneralAndAdministrativeExpenses": 21396000, "otherExpenses": -46428000, "operatingExpenses": -25032000, "costAndExpenses": -25032000, "interestIncome": 78146000, "interestExpense": 15260000, "depreciationAndAmortization": 1066000, "ebitda": 43062000, "ebitdaratio": 0.6424479322, "operatingIncome": 41996000, "operatingIncomeRatio": 0.6265441308, "totalOtherIncomeExpensesNet": -15260000, "incomeBeforeTax": 26736000, "incomeBeforeTaxRatio": 0.3988780808, "incomeTaxExpense": 9358000, "netIncome": 17378000, "netIncomeRatio": 0.2592647849, "eps": 0.35, "epsdiluted": 0.35, "weightedAverageShsOut": 49048872, "weightedAverageShsOutDil": 49048872, "link": "https://www.sec.gov/Archives/edgar/data/1430723/000114420411013431/0001144204-11-013431-index.htm", "finalLink": "https://www.sec.gov/Archives/edgar/data/1430723/000114420411013431/v213846_10k.htm", "calculatedOtherExpenses": 3636000, "calculatedOperatingExpenses": 25032000, "calculatedNetInterest": 62886000, "calculatedOtherIncome": -78146000, "calculatedIncomeNonControlling": 0, "calculatedEbitda": 43062000}, {"date": "2009-12-31", "symbol": "SFBS", "reportedCurrency": "USD", "cik": "0001430723", "fillingDate": "2010-03-08", "acceptedDate": "2010-03-08 17:28:28", "calendarYear": "2009", "period": "FY", "revenue": 48273000, "costOfRevenue": 0, "grossProfit": 48273000, "grossProfitRatio": 1, "researchAndDevelopmentExpenses": 0, "generalAndAdministrativeExpenses": 16396000, "sellingAndMarketingExpenses": 0, "sellingGeneralAndAdministrativeExpenses": 16396000, "otherExpenses": -37674000, "operatingExpenses": -21278000, "costAndExpenses": -21278000, "interestIncome": 62197000, "interestExpense": 18337000, "depreciationAndAmortization": 1087000, "ebitda": 28082000, "ebitdaratio": 0.5817330599, "operatingIncome": 26995000, "operatingIncomeRatio": 0.5592152963, "totalOtherIncomeExpensesNet": -18337000, "incomeBeforeTax": 8658000, "incomeBeforeTaxRatio": 0.1793549189, "incomeTaxExpense": 2780000, "netIncome": 5878000, "netIncomeRatio": 0.1217657904, "eps": 0.12, "epsdiluted": 0.12, "weightedAverageShsOut": 49048872, "weightedAverageShsOutDil": 49048872, "link": "https://www.sec.gov/Archives/edgar/data/1430723/000114420410012075/0001144204-10-012075-index.htm", "finalLink": "https://www.sec.gov/Archives/edgar/data/1430723/000114420410012075/v176628_10k.htm", "calculatedOtherExpenses": 4882000, "calculatedOperatingExpenses": 21278000, "calculatedNetInterest": 43860000, "calculatedOtherIncome": -62197000, "calculatedIncomeNonControlling": 0, "calculatedEbitda": 28082000}, {"date": "2008-12-31", "symbol": "SFBS", "reportedCurrency": "USD", "cik": "0001430723", "fillingDate": "2009-03-10", "acceptedDate": "2009-03-10 16:30:35", "calendarYear": "2008", "period": "FY", "revenue": 37700000, "costOfRevenue": 20500000, "grossProfit": 17200000, "grossProfitRatio": 0.4562334218, "researchAndDevelopmentExpenses": 0, "generalAndAdministrativeExpenses": 26900000, "sellingAndMarketingExpenses": 0, "sellingGeneralAndAdministrativeExpenses": 26900000, "otherExpenses": 20500000, "operatingExpenses": 47400000, "costAndExpenses": 6881000, "interestIncome": 55450000, "interestExpense": 20500000, "depreciationAndAmortization": 900000, "ebitda": 32225000, "ebitdaratio": 0.8547745358, "operatingIncome": 10800000, "operatingIncomeRatio": 0.2864721485, "totalOtherIncomeExpensesNet": 0, "incomeBeforeTax": 10800000, "incomeBeforeTaxRatio": 0.2864721485, "incomeTaxExpense": 3825000, "netIncome": 7000000, "netIncomeRatio": 0.1856763926, "eps": 0.22, "epsdiluted": 0.22, "weightedAverageShsOut": 32000000, "weightedAverageShsOutDil": 32000000, "link": "https://www.sec.gov/Archives/edgar/data/1430723/000095014409002052/0000950144-09-002052-index.htm", "finalLink": "https://www.sec.gov/Archives/edgar/data/1430723/000095014409002052/g17855e10vk.htm", "calculatedOtherExpenses": -20500000, "calculatedOperatingExpenses": 6400000, "calculatedNetInterest": 34950000, "calculatedOtherIncome": -34950000, "calculatedIncomeNonControlling": -25000, "calculatedEbitda": 11700000}]}