{"originalCurrency": "USD", "convertedCurrency": "USD", "report": [{"date": "2023-12-31", "symbol": "SFM", "reportedCurrency": "USD", "cik": "0001575515", "fillingDate": "2024-02-22", "acceptedDate": "2024-02-22 16:11:50", "calendarYear": "2023", "period": "FY", "revenue": 6837384000, "costOfRevenue": 4315543000, "grossProfit": 2521841000, "grossProfitRatio": 0.3688312665, "researchAndDevelopmentExpenses": 0, "generalAndAdministrativeExpenses": 1954637000, "sellingAndMarketingExpenses": 45800000, "sellingGeneralAndAdministrativeExpenses": 2000437000, "otherExpenses": 0, "operatingExpenses": 2132330000, "costAndExpenses": 6447873000, "interestIncome": 6912000, "interestExpense": 12631000, "depreciationAndAmortization": 265019000, "ebitda": 660670000, "ebitdaratio": 0.0966261365, "operatingIncome": 350231000, "operatingIncomeRatio": 0.0512229531, "totalOtherIncomeExpensesNet": -39280000, "incomeBeforeTax": 343740000, "incomeBeforeTaxRatio": 0.0502736134, "incomeTaxExpense": 84884000, "netIncome": 258856000, "netIncomeRatio": 0.0378589238, "eps": 2.53, "epsdiluted": 2.5, "weightedAverageShsOut": 102479000, "weightedAverageShsOutDil": 103390000, "link": "https://www.sec.gov/Archives/edgar/data/1575515/000095017024018768/0000950170-24-018768-index.htm", "finalLink": "https://www.sec.gov/Archives/edgar/data/1575515/000095017024018768/sfm-20231231.htm", "calculatedOtherExpenses": 171173000, "calculatedOperatingExpenses": 2171610000, "calculatedNetInterest": -5719000, "calculatedOtherIncome": -772000, "calculatedIncomeNonControlling": 0, "calculatedEbitda": 615250000}, {"date": "2022-12-31", "symbol": "SFM", "reportedCurrency": "USD", "cik": "0001575515", "fillingDate": "2023-03-02", "acceptedDate": "2023-03-02 09:08:08", "calendarYear": "2022", "period": "FY", "revenue": 6404223000, "costOfRevenue": 4055659000, "grossProfit": 2348564000, "grossProfitRatio": 0.3667211463, "researchAndDevelopmentExpenses": 0, "generalAndAdministrativeExpenses": 1806449000, "sellingAndMarketingExpenses": 49200000, "sellingGeneralAndAdministrativeExpenses": 1855649000, "otherExpenses": 123530000, "operatingExpenses": 1979179000, "costAndExpenses": 6034838000, "interestIncome": 535000, "interestExpense": 9047000, "depreciationAndAmortization": 255407000, "ebitda": 613767000, "ebitdaratio": 0.0958378557, "operatingIncome": 358360000, "operatingIncomeRatio": 0.0559568272, "totalOtherIncomeExpensesNet": -9047000, "incomeBeforeTax": 349313000, "incomeBeforeTaxRatio": 0.0545441656, "incomeTaxExpense": 88149000, "netIncome": 261164000, "netIncomeRatio": 0.0407799666, "eps": 2.41, "epsdiluted": 2.39, "weightedAverageShsOut": 108232000, "weightedAverageShsOutDil": 109139000, "link": "https://www.sec.gov/Archives/edgar/data/1575515/000095017023005723/0000950170-23-005723-index.htm", "finalLink": "https://www.sec.gov/Archives/edgar/data/1575515/000095017023005723/sfm-20230101.htm", "calculatedOtherExpenses": 134555000, "calculatedOperatingExpenses": 1990204000, "calculatedNetInterest": -8512000, "calculatedOtherIncome": -535000, "calculatedIncomeNonControlling": 0, "calculatedEbitda": 613767000}, {"date": "2021-12-31", "symbol": "SFM", "reportedCurrency": "USD", "cik": "0001575515", "fillingDate": "2022-02-24", "acceptedDate": "2022-02-24 16:16:09", "calendarYear": "2021", "period": "FY", "revenue": 6099869000, "costOfRevenue": 3890657000, "grossProfit": 2209212000, "grossProfitRatio": 0.3621736795, "researchAndDevelopmentExpenses": 0, "generalAndAdministrativeExpenses": 1702305000, "sellingAndMarketingExpenses": 45900000, "sellingGeneralAndAdministrativeExpenses": 1748205000, "otherExpenses": 122258000, "operatingExpenses": 1870463000, "costAndExpenses": 5761120000, "interestIncome": 11684000, "interestExpense": 11684000, "depreciationAndAmortization": 238731000, "ebitda": 572807000, "ebitdaratio": 0.0939048035, "operatingIncome": 334076000, "operatingIncomeRatio": 0.0547677335, "totalOtherIncomeExpensesNet": -11684000, "incomeBeforeTax": 322392000, "incomeBeforeTaxRatio": 0.0528522826, "incomeTaxExpense": 78235000, "netIncome": 244157000, "netIncomeRatio": 0.0400265973, "eps": 2.12, "epsdiluted": 2.1, "weightedAverageShsOut": 115377000, "weightedAverageShsOutDil": 116077000, "link": "https://www.sec.gov/Archives/edgar/data/1575515/000095017022001976/0000950170-22-001976-index.htm", "finalLink": "https://www.sec.gov/Archives/edgar/data/1575515/000095017022001976/sfm-20220102.htm", "calculatedOtherExpenses": 126931000, "calculatedOperatingExpenses": 1875136000, "calculatedNetInterest": 0, "calculatedOtherIncome": -11684000, "calculatedIncomeNonControlling": 0, "calculatedEbitda": 572807000}, {"date": "2020-12-31", "symbol": "SFM", "reportedCurrency": "USD", "cik": "0001575515", "fillingDate": "2021-02-25", "acceptedDate": "2021-02-25 16:11:27", "calendarYear": "2020", "period": "FY", "revenue": 6468759000, "costOfRevenue": 4089470000, "grossProfit": 2379289000, "grossProfitRatio": 0.3678122805, "researchAndDevelopmentExpenses": 0, "generalAndAdministrativeExpenses": 1809469000, "sellingAndMarketingExpenses": 54400000, "sellingGeneralAndAdministrativeExpenses": 1863869000, "otherExpenses": 124124000, "operatingExpenses": 1987993000, "costAndExpenses": 6077463000, "interestIncome": 14787000, "interestExpense": 14787000, "depreciationAndAmortization": 225414000, "ebitda": 617079000, "ebitdaratio": 0.0953937224, "operatingIncome": 391665000, "operatingIncomeRatio": 0.0605471621, "totalOtherIncomeExpensesNet": -14787000, "incomeBeforeTax": 376878000, "incomeBeforeTaxRatio": 0.0582612523, "incomeTaxExpense": 89428000, "netIncome": 287450000, "netIncomeRatio": 0.0444366532, "eps": 2.44, "epsdiluted": 2.43, "weightedAverageShsOut": 117821000, "weightedAverageShsOutDil": 118224000, "link": "https://www.sec.gov/Archives/edgar/data/1575515/000156459021008832/0001564590-21-008832-index.htm", "finalLink": "https://www.sec.gov/Archives/edgar/data/1575515/000156459021008832/sfm-10k_20210103.htm", "calculatedOtherExpenses": 123755000, "calculatedOperatingExpenses": 1987624000, "calculatedNetInterest": 0, "calculatedOtherIncome": -14787000, "calculatedIncomeNonControlling": 0, "calculatedEbitda": 617079000}, {"date": "2019-12-29", "symbol": "SFM", "reportedCurrency": "USD", "cik": "0001575515", "fillingDate": "2020-02-20", "acceptedDate": "2020-02-20 16:07:47", "calendarYear": "2019", "period": "FY", "revenue": 5634835000, "costOfRevenue": 3740017000, "grossProfit": 1894818000, "grossProfitRatio": 0.3362685864, "researchAndDevelopmentExpenses": 0, "generalAndAdministrativeExpenses": 1492507000, "sellingAndMarketingExpenses": 57200000, "sellingGeneralAndAdministrativeExpenses": 1549707000, "otherExpenses": 120491000, "operatingExpenses": 1670198000, "costAndExpenses": 5410215000, "interestIncome": 21192000, "interestExpense": 21192000, "depreciationAndAmortization": 211906000, "ebitda": 429266000, "ebitdaratio": 0.0761807577, "operatingIncome": 217360000, "operatingIncomeRatio": 0.0385743327, "totalOtherIncomeExpensesNet": -21192000, "incomeBeforeTax": 196168000, "incomeBeforeTaxRatio": 0.0348134417, "incomeTaxExpense": 46539000, "netIncome": 149629000, "netIncomeRatio": 0.0265542824, "eps": 1.25, "epsdiluted": 1.25, "weightedAverageShsOut": 119368000, "weightedAverageShsOutDil": 119742000, "link": "https://www.sec.gov/Archives/edgar/data/1575515/000156459020005552/0001564590-20-005552-index.htm", "finalLink": "https://www.sec.gov/Archives/edgar/data/1575515/000156459020005552/sfm-10k_20191229.htm", "calculatedOtherExpenses": 127751000, "calculatedOperatingExpenses": 1677458000, "calculatedNetInterest": 0, "calculatedOtherIncome": -21192000, "calculatedIncomeNonControlling": 0, "calculatedEbitda": 429266000}, {"date": "2018-12-30", "symbol": "SFM", "reportedCurrency": "USD", "cik": "0001575515", "fillingDate": "2019-02-21", "acceptedDate": "2019-02-21 09:08:07", "calendarYear": "2018", "period": "FY", "revenue": 5207336000, "costOfRevenue": 3459861000, "grossProfit": 1747475000, "grossProfitRatio": 0.3355794594, "researchAndDevelopmentExpenses": 0, "generalAndAdministrativeExpenses": 0, "sellingAndMarketingExpenses": 0, "sellingGeneralAndAdministrativeExpenses": 1404443000, "otherExpenses": 320000, "operatingExpenses": 1512488000, "costAndExpenses": 4972349000, "interestIncome": 0, "interestExpense": 27435000, "depreciationAndAmortization": 110749000, "ebitda": 346056000, "ebitdaratio": 0.0664554774, "operatingIncome": 222911000, "operatingIncomeRatio": 0.042807109, "totalOtherIncomeExpensesNet": -11756000, "incomeBeforeTax": 195796000, "incomeBeforeTaxRatio": 0.037600032, "incomeTaxExpense": 37260000, "netIncome": 158536000, "netIncomeRatio": 0.0304447418, "eps": 1.23, "epsdiluted": 1.22, "weightedAverageShsOut": 128827000, "weightedAverageShsOutDil": 129776000, "link": "https://www.sec.gov/Archives/edgar/data/1575515/000156459019003562/0001564590-19-003562-index.htm", "finalLink": "https://www.sec.gov/Archives/edgar/data/1575515/000156459019003562/sfm-10k_20181230.htm", "calculatedOtherExpenses": 120121000, "calculatedOperatingExpenses": 1524564000, "calculatedNetInterest": -27435000, "calculatedOtherIncome": 320000, "calculatedIncomeNonControlling": 0, "calculatedEbitda": 333660000}, {"date": "2017-12-31", "symbol": "SFM", "reportedCurrency": "USD", "cik": "0001575515", "fillingDate": "2018-02-22", "acceptedDate": "2018-02-22 09:08:47", "calendarYear": "2017", "period": "FY", "revenue": 4664612000, "costOfRevenue": 3314487000, "grossProfit": 1350125000, "grossProfitRatio": 0.2894399363, "researchAndDevelopmentExpenses": 0, "generalAndAdministrativeExpenses": 0, "sellingAndMarketingExpenses": 0, "sellingGeneralAndAdministrativeExpenses": 148408000, "otherExpenses": 625000, "operatingExpenses": 1122929000, "costAndExpenses": 4437416000, "interestIncome": 0, "interestExpense": 21177000, "depreciationAndAmortization": 96744000, "ebitda": 324565000, "ebitdaratio": 0.0695802781, "operatingIncome": 226070000, "operatingIncomeRatio": 0.0484649098, "totalOtherIncomeExpensesNet": -501000, "incomeBeforeTax": 205518000, "incomeBeforeTaxRatio": 0.04405897, "incomeTaxExpense": 47078000, "netIncome": 158440000, "netIncomeRatio": 0.0339663835, "eps": 1.17, "epsdiluted": 1.15, "weightedAverageShsOut": 135169000, "weightedAverageShsOutDil": 137884000, "link": "https://www.sec.gov/Archives/edgar/data/1575515/000156459018002782/0001564590-18-002782-index.htm", "finalLink": "https://www.sec.gov/Archives/edgar/data/1575515/000156459018002782/sfm-10k_20171231.htm", "calculatedOtherExpenses": 975647000, "calculatedOperatingExpenses": 1124055000, "calculatedNetInterest": -21177000, "calculatedOtherIncome": 625000, "calculatedIncomeNonControlling": 0, "calculatedEbitda": 322814000}, {"date": "2016-12-31", "symbol": "SFM", "reportedCurrency": "USD", "cik": "0001575515", "fillingDate": "2017-02-23", "acceptedDate": "2017-02-23 09:11:46", "calendarYear": "2016", "period": "FY", "revenue": 4046385000, "costOfRevenue": 2864379000, "grossProfit": 1182006000, "grossProfitRatio": 0.2921140722, "researchAndDevelopmentExpenses": 0, "generalAndAdministrativeExpenses": 0, "sellingAndMarketingExpenses": 0, "sellingGeneralAndAdministrativeExpenses": 126929000, "otherExpenses": 454000, "operatingExpenses": 968846000, "costAndExpenses": 3833225000, "interestIncome": 0, "interestExpense": 14794000, "depreciationAndAmortization": 80414000, "ebitda": 294028000, "ebitdaratio": 0.0726643658, "operatingIncome": 212932000, "operatingIncomeRatio": 0.0526227732, "totalOtherIncomeExpensesNet": 226000, "incomeBeforeTax": 198592000, "incomeBeforeTaxRatio": 0.0490788692, "incomeTaxExpense": 74286000, "netIncome": 124306000, "netIncomeRatio": 0.0307202602, "eps": 0.84, "epsdiluted": 0.83, "weightedAverageShsOut": 147311000, "weightedAverageShsOutDil": 149653000, "link": "https://www.sec.gov/Archives/edgar/data/1575515/000156459017002108/0001564590-17-002108-index.htm", "finalLink": "https://www.sec.gov/Archives/edgar/data/1575515/000156459017002108/sfm-10k_20170101.htm", "calculatedOtherExpenses": 842145000, "calculatedOperatingExpenses": 969074000, "calculatedNetInterest": -14794000, "calculatedOtherIncome": 454000, "calculatedIncomeNonControlling": 0, "calculatedEbitda": 293346000}, {"date": "2015-12-31", "symbol": "SFM", "reportedCurrency": "USD", "cik": "0001575515", "fillingDate": "2016-02-25", "acceptedDate": "2016-02-25 09:27:04", "calendarYear": "2015", "period": "FY", "revenue": 3593031000, "costOfRevenue": 2541403000, "grossProfit": 1051628000, "grossProfitRatio": 0.2926854792, "researchAndDevelopmentExpenses": 0, "generalAndAdministrativeExpenses": 0, "sellingAndMarketingExpenses": 0, "sellingGeneralAndAdministrativeExpenses": 106412000, "otherExpenses": 443000, "operatingExpenses": 821072000, "costAndExpenses": 3362475000, "interestIncome": 0, "interestExpense": 17723000, "depreciationAndAmortization": 69169000, "ebitda": 300168000, "ebitdaratio": 0.0835417229, "operatingIncome": 228754000, "operatingIncomeRatio": 0.0636660246, "totalOtherIncomeExpensesNet": -6840000, "incomeBeforeTax": 205993000, "incomeBeforeTaxRatio": 0.0573312615, "incomeTaxExpense": 77002000, "netIncome": 128991000, "netIncomeRatio": 0.0359003304, "eps": 0.84, "epsdiluted": 0.83, "weightedAverageShsOut": 153099000, "weightedAverageShsOutDil": 155877000, "link": "https://www.sec.gov/Archives/edgar/data/1575515/000156459016013299/0001564590-16-013299-index.htm", "finalLink": "https://www.sec.gov/Archives/edgar/data/1575515/000156459016013299/sfm-10k_20160103.htm", "calculatedOtherExpenses": 716462000, "calculatedOperatingExpenses": 822874000, "calculatedNetInterest": -17723000, "calculatedOtherIncome": -5038000, "calculatedIncomeNonControlling": 0, "calculatedEbitda": 297923000}, {"date": "2014-12-28", "symbol": "SFM", "reportedCurrency": "USD", "cik": "0001575515", "fillingDate": "2015-02-26", "acceptedDate": "2015-02-26 17:06:42", "calendarYear": "2014", "period": "FY", "revenue": 2967424000, "costOfRevenue": 2082221000, "grossProfit": 885203000, "grossProfitRatio": 0.2983068817, "researchAndDevelopmentExpenses": 0, "generalAndAdministrativeExpenses": 0, "sellingAndMarketingExpenses": 0, "sellingGeneralAndAdministrativeExpenses": 95397000, "otherExpenses": 596000, "operatingExpenses": 684767000, "costAndExpenses": 2766988000, "interestIncome": 0, "interestExpense": 25063000, "depreciationAndAmortization": 60362000, "ebitda": 261394000, "ebitdaratio": 0.0880878499, "operatingIncome": 199711000, "operatingIncomeRatio": 0.0673011339, "totalOtherIncomeExpensesNet": -1267000, "incomeBeforeTax": 174106000, "incomeBeforeTaxRatio": 0.0586724378, "incomeTaxExpense": 66414000, "netIncome": 107692000, "netIncomeRatio": 0.0362914097, "eps": 0.72, "epsdiluted": 0.7, "weightedAverageShsOut": 149751000, "weightedAverageShsOutDil": 154328000, "link": "https://www.sec.gov/Archives/edgar/data/1575515/000119312515065978/0001193125-15-065978-index.htm", "finalLink": "https://www.sec.gov/Archives/edgar/data/1575515/000119312515065978/d854295d10k.htm", "calculatedOtherExpenses": 590095000, "calculatedOperatingExpenses": 685492000, "calculatedNetInterest": -25063000, "calculatedOtherIncome": -542000, "calculatedIncomeNonControlling": 0, "calculatedEbitda": 260073000}, {"date": "2013-12-29", "symbol": "SFM", "reportedCurrency": "USD", "cik": "0001575515", "fillingDate": "2014-02-27", "acceptedDate": "2014-02-27 16:28:43", "calendarYear": "2013", "period": "FY", "revenue": 2437911000, "costOfRevenue": 1712644000, "grossProfit": 725267000, "grossProfitRatio": 0.2974952736, "researchAndDevelopmentExpenses": 0, "generalAndAdministrativeExpenses": 0, "sellingAndMarketingExpenses": 0, "sellingGeneralAndAdministrativeExpenses": 81795000, "otherExpenses": 487000, "operatingExpenses": 583712000, "costAndExpenses": 2296356000, "interestIncome": 0, "interestExpense": 37203000, "depreciationAndAmortization": 47217000, "ebitda": 189259000, "ebitdaratio": 0.0776316281, "operatingIncome": 139504000, "operatingIncomeRatio": 0.0572227616, "totalOtherIncomeExpensesNet": -20285000, "incomeBeforeTax": 84067000, "incomeBeforeTaxRatio": 0.0344832112, "incomeTaxExpense": 32741000, "netIncome": 51326000, "netIncomeRatio": 0.0210532706, "eps": 0.38, "epsdiluted": 0.37, "weightedAverageShsOut": 134622000, "weightedAverageShsOutDil": 139765000, "link": "https://www.sec.gov/Archives/edgar/data/1575515/000119312514073116/0001193125-14-073116-index.htm", "finalLink": "https://www.sec.gov/Archives/edgar/data/1575515/000119312514073116/d660433d10k.htm", "calculatedOtherExpenses": 503968000, "calculatedOperatingExpenses": 585763000, "calculatedNetInterest": -37203000, "calculatedOtherIncome": -18234000, "calculatedIncomeNonControlling": 0, "calculatedEbitda": 186721000}, {"date": "2012-12-31", "symbol": "SFM", "reportedCurrency": "USD", "cik": "0001575515", "fillingDate": "2012-12-31", "acceptedDate": "2012-12-31 00:00:00", "calendarYear": "2012", "period": "FY", "revenue": 1794823000, "costOfRevenue": 1264514000, "grossProfit": 530309000, "grossProfitRatio": 0.2954659039, "researchAndDevelopmentExpenses": 0, "generalAndAdministrativeExpenses": 0, "sellingAndMarketingExpenses": 0, "sellingGeneralAndAdministrativeExpenses": 86364000, "otherExpenses": 562000, "operatingExpenses": 457469000, "costAndExpenses": 1721983000, "interestIncome": 0, "interestExpense": 35488000, "depreciationAndAmortization": 35773000, "ebitda": 109175000, "ebitdaratio": 0.0608277251, "operatingIncome": 70685000, "operatingIncomeRatio": 0.0393827135, "totalOtherIncomeExpensesNet": -2585000, "incomeBeforeTax": 34767000, "incomeBeforeTaxRatio": 0.0193707123, "incomeTaxExpense": 15267000, "netIncome": 19500000, "netIncomeRatio": 0.0108645811, "eps": 0.14, "epsdiluted": 0.14, "weightedAverageShsOut": 140815000, "weightedAverageShsOutDil": 143851000, "link": null, "finalLink": null, "calculatedOtherExpenses": 373260000, "calculatedOperatingExpenses": 459624000, "calculatedNetInterest": -35488000, "calculatedOtherIncome": -430000, "calculatedIncomeNonControlling": 0, "calculatedEbitda": 106458000}, {"date": "2011-12-31", "symbol": "SFM", "reportedCurrency": "USD", "cik": "0001575515", "fillingDate": "2011-12-31", "acceptedDate": "2011-12-31 00:00:00", "calendarYear": "2011", "period": "FY", "revenue": 1105879000, "costOfRevenue": 794905000, "grossProfit": 310974000, "grossProfitRatio": 0.2812007462, "researchAndDevelopmentExpenses": 0, "generalAndAdministrativeExpenses": 0, "sellingAndMarketingExpenses": 0, "sellingGeneralAndAdministrativeExpenses": 58528000, "otherExpenses": 358000, "operatingExpenses": 330313000, "costAndExpenses": 1125218000, "interestIncome": 0, "interestExpense": 19813000, "depreciationAndAmortization": 54645000, "ebitda": 35664000, "ebitdaratio": 0.0322494595, "operatingIncome": -25721000, "operatingIncomeRatio": -0.0232584216, "totalOtherIncomeExpensesNet": -6024000, "incomeBeforeTax": -45176000, "incomeBeforeTaxRatio": -0.0408507622, "incomeTaxExpense": -17731000, "netIncome": -27445000, "netIncomeRatio": -0.0248173625, "eps": -0.19, "epsdiluted": -0.19, "weightedAverageShsOut": 140815000, "weightedAverageShsOutDil": 143851000, "link": null, "finalLink": null, "calculatedOtherExpenses": 278167000, "calculatedOperatingExpenses": 336695000, "calculatedNetInterest": -19813000, "calculatedOtherIncome": 358000, "calculatedIncomeNonControlling": 0, "calculatedEbitda": 28924000}, {"date": "2010-12-31", "symbol": "SFM", "reportedCurrency": "USD", "cik": "0001575515", "fillingDate": "2010-12-31", "acceptedDate": "2010-12-31 00:00:00", "calendarYear": "2010", "period": "FY", "revenue": 516816000, "costOfRevenue": 366947000, "grossProfit": 149869000, "grossProfitRatio": 0.2899852172, "researchAndDevelopmentExpenses": 0, "generalAndAdministrativeExpenses": 0, "sellingAndMarketingExpenses": 0, "sellingGeneralAndAdministrativeExpenses": 23277000, "otherExpenses": 295000, "operatingExpenses": 140948000, "costAndExpenses": 507895000, "interestIncome": 0, "interestExpense": 681000, "depreciationAndAmortization": 14163000, "ebitda": 23379000, "ebitdaratio": 0.0452366026, "operatingIncome": 8567000, "operatingIncomeRatio": 0.0165764992, "totalOtherIncomeExpensesNet": -59000, "incomeBeforeTax": 8181000, "incomeBeforeTaxRatio": 0.0158296183, "incomeTaxExpense": 3320000, "netIncome": 4861000, "netIncomeRatio": 0.0094056686, "eps": 0.0361, "epsdiluted": 0.0356, "weightedAverageShsOut": 134749000, "weightedAverageShsOutDil": 136597000, "link": null, "finalLink": null, "calculatedOtherExpenses": 118025000, "calculatedOperatingExpenses": 141302000, "calculatedNetInterest": -681000, "calculatedOtherIncome": 295000, "calculatedIncomeNonControlling": 0, "calculatedEbitda": 22730000}]}