{"originalCurrency": "USD", "convertedCurrency": "USD", "report": [{"date": "2023-12-31", "symbol": "SFNC", "reportedCurrency": "USD", "cik": "0000090498", "fillingDate": "2024-02-27", "acceptedDate": "2024-02-27 16:40:23", "calendarYear": "2023", "period": "FY", "revenue": 48888000, "costOfRevenue": 0, "grossProfit": 48888000, "grossProfitRatio": 1, "researchAndDevelopmentExpenses": 0, "generalAndAdministrativeExpenses": 316103000, "sellingAndMarketingExpenses": 24008000, "sellingGeneralAndAdministrativeExpenses": 340111000, "otherExpenses": -176471000, "operatingExpenses": 176471000, "costAndExpenses": 1163704000, "interestIncome": 1210161000, "interestExpense": 560035000, "depreciationAndAmortization": 16306000, "ebitda": 16306000, "ebitdaratio": 0.3335378825, "operatingIncome": 240566000, "operatingIncomeRatio": 4.9207576501, "totalOtherIncomeExpensesNet": 48888000, "incomeBeforeTax": 48888000, "incomeBeforeTaxRatio": 1, "incomeTaxExpense": 25546000, "netIncome": 48888000, "netIncomeRatio": 1, "eps": 0.39, "epsdiluted": 0.39, "weightedAverageShsOut": 126338000, "weightedAverageShsOutDil": 126776000, "link": "https://www.sec.gov/Archives/edgar/data/90498/000162828024007263/0001628280-24-007263-index.htm", "finalLink": "https://www.sec.gov/Archives/edgar/data/90498/000162828024007263/sfnc-20231231.htm", "calculatedOtherExpenses": -531789000, "calculatedOperatingExpenses": -191678000, "calculatedNetInterest": 650126000, "calculatedOtherIncome": -841804000, "calculatedIncomeNonControlling": -25546000, "calculatedEbitda": 256872000}, {"date": "2022-12-31", "symbol": "SFNC", "reportedCurrency": "USD", "cik": "0000090498", "fillingDate": "2023-02-27", "acceptedDate": "2023-02-27 15:22:08", "calendarYear": "2022", "period": "FY", "revenue": 878490000, "costOfRevenue": 0, "grossProfit": 878490000, "grossProfitRatio": 1, "researchAndDevelopmentExpenses": 0, "generalAndAdministrativeExpenses": 298590000, "sellingAndMarketingExpenses": 28870000, "sellingGeneralAndAdministrativeExpenses": 320146000, "otherExpenses": -140453000, "operatingExpenses": 179693000, "costAndExpenses": 179693000, "interestIncome": 861735000, "interestExpense": 144419000, "depreciationAndAmortization": 48962000, "ebitda": 452960000, "ebitdaratio": 0.5156120161, "operatingIncome": 403998000, "operatingIncomeRatio": 0.4598777448, "totalOtherIncomeExpensesNet": -97438000, "incomeBeforeTax": 306560000, "incomeBeforeTaxRatio": 0.3489624242, "incomeTaxExpense": 50148000, "netIncome": 256412000, "netIncomeRatio": 0.291878109, "eps": 2.07, "epsdiluted": 2.06, "weightedAverageShsOut": 123958000, "weightedAverageShsOutDil": 124470000, "link": "https://www.sec.gov/Archives/edgar/data/90498/000162828023005228/0001628280-23-005228-index.htm", "finalLink": "https://www.sec.gov/Archives/edgar/data/90498/000162828023005228/sfnc-20221231.htm", "calculatedOtherExpenses": 154346000, "calculatedOperatingExpenses": 474492000, "calculatedNetInterest": 717316000, "calculatedOtherIncome": -814754000, "calculatedIncomeNonControlling": 0, "calculatedEbitda": 452960000}, {"date": "2021-12-31", "symbol": "SFNC", "reportedCurrency": "USD", "cik": "0000090498", "fillingDate": "2022-02-25", "acceptedDate": "2022-02-25 10:34:28", "calendarYear": "2021", "period": "FY", "revenue": 786510000, "costOfRevenue": 0, "grossProfit": 786510000, "grossProfitRatio": 1, "researchAndDevelopmentExpenses": 0, "generalAndAdministrativeExpenses": 253308000, "sellingAndMarketingExpenses": 22234000, "sellingGeneralAndAdministrativeExpenses": 253308000, "otherExpenses": -707356000, "operatingExpenses": -454048000, "costAndExpenses": -454048000, "interestIncome": 671061000, "interestExpense": 79529000, "depreciationAndAmortization": 47220000, "ebitda": 379682000, "ebitdaratio": 0.4827427496, "operatingIncome": 332462000, "operatingIncomeRatio": 0.4227053693, "totalOtherIncomeExpensesNet": 332462000, "incomeBeforeTax": 332462000, "incomeBeforeTaxRatio": 0.4227053693, "incomeTaxExpense": 61306000, "netIncome": 271156000, "netIncomeRatio": 0.34475849, "eps": 2.47, "epsdiluted": 2.46, "weightedAverageShsOut": 109577000, "weightedAverageShsOutDil": 110198000, "link": "https://www.sec.gov/Archives/edgar/data/90498/000162828022003933/0001628280-22-003933-index.htm", "finalLink": "https://www.sec.gov/Archives/edgar/data/90498/000162828022003933/sfnc-20211231.htm", "calculatedOtherExpenses": 200740000, "calculatedOperatingExpenses": 454048000, "calculatedNetInterest": 591532000, "calculatedOtherIncome": -591532000, "calculatedIncomeNonControlling": 0, "calculatedEbitda": 379682000}, {"date": "2020-12-31", "symbol": "SFNC", "reportedCurrency": "USD", "cik": "0000090498", "fillingDate": "2021-02-25", "acceptedDate": "2021-02-25 16:39:26", "calendarYear": "2020", "period": "FY", "revenue": 888262000, "costOfRevenue": 0, "grossProfit": 888262000, "grossProfitRatio": 1, "researchAndDevelopmentExpenses": 0, "generalAndAdministrativeExpenses": 251658000, "sellingAndMarketingExpenses": 19396000, "sellingGeneralAndAdministrativeExpenses": 251658000, "otherExpenses": -820126000, "operatingExpenses": -568468000, "costAndExpenses": -568468000, "interestIncome": 759718000, "interestExpense": 119984000, "depreciationAndAmortization": 49038000, "ebitda": 368832000, "ebitdaratio": 0.4152288401, "operatingIncome": 319794000, "operatingIncomeRatio": 0.3600221556, "totalOtherIncomeExpensesNet": 319794000, "incomeBeforeTax": 319794000, "incomeBeforeTaxRatio": 0.3600221556, "incomeTaxExpense": 64890000, "netIncome": 254904000, "netIncomeRatio": 0.2869693852, "eps": 2.32, "epsdiluted": 2.31, "weightedAverageShsOut": 109860000, "weightedAverageShsOutDil": 110173000, "link": "https://www.sec.gov/Archives/edgar/data/90498/000162828021003318/0001628280-21-003318-index.htm", "finalLink": "https://www.sec.gov/Archives/edgar/data/90498/000162828021003318/sfnc-20201231.htm", "calculatedOtherExpenses": 316810000, "calculatedOperatingExpenses": 568468000, "calculatedNetInterest": 639734000, "calculatedOtherIncome": -639734000, "calculatedIncomeNonControlling": 0, "calculatedEbitda": 368832000}, {"date": "2019-12-31", "symbol": "SFNC", "reportedCurrency": "USD", "cik": "0000090498", "fillingDate": "2020-02-27", "acceptedDate": "2020-02-27 15:00:15", "calendarYear": "2019", "period": "FY", "revenue": 790621000, "costOfRevenue": 0, "grossProfit": 790621000, "grossProfitRatio": 1, "researchAndDevelopmentExpenses": 0, "generalAndAdministrativeExpenses": 232211000, "sellingAndMarketingExpenses": 16499000, "sellingGeneralAndAdministrativeExpenses": 248710000, "otherExpenses": -736899000, "operatingExpenses": -488189000, "costAndExpenses": -488189000, "interestIncome": 786645000, "interestExpense": 181370000, "depreciationAndAmortization": 36257000, "ebitda": 338689000, "ebitdaratio": 0.4283835112, "operatingIncome": 302432000, "operatingIncomeRatio": 0.382524623, "totalOtherIncomeExpensesNet": 302432000, "incomeBeforeTax": 302432000, "incomeBeforeTaxRatio": 0.382524623, "incomeTaxExpense": 64265000, "netIncome": 238167000, "netIncomeRatio": 0.3012404173, "eps": 2.42, "epsdiluted": 2.41, "weightedAverageShsOut": 98351000, "weightedAverageShsOutDil": 98797000, "link": "https://www.sec.gov/Archives/edgar/data/90498/000162828020002411/0001628280-20-002411-index.htm", "finalLink": "https://www.sec.gov/Archives/edgar/data/90498/000162828020002411/sfnc-123119x10k.htm", "calculatedOtherExpenses": 239479000, "calculatedOperatingExpenses": 488189000, "calculatedNetInterest": 605275000, "calculatedOtherIncome": -605275000, "calculatedIncomeNonControlling": 0, "calculatedEbitda": 338689000}, {"date": "2018-12-31", "symbol": "SFNC", "reportedCurrency": "USD", "cik": "0000090498", "fillingDate": "2019-02-27", "acceptedDate": "2019-02-27 16:21:31", "calendarYear": "2018", "period": "FY", "revenue": 696448000, "costOfRevenue": 14338000, "grossProfit": 682110000, "grossProfitRatio": 0.9794126769, "researchAndDevelopmentExpenses": 0, "generalAndAdministrativeExpenses": 225464000, "sellingAndMarketingExpenses": 8410000, "sellingGeneralAndAdministrativeExpenses": 225464000, "otherExpenses": -124776000, "operatingExpenses": 233874000, "costAndExpenses": 233874000, "interestIncome": 680687000, "interestExpense": 128135000, "depreciationAndAmortization": 28412000, "ebitda": 422618000, "ebitdaratio": 0.6068191739, "operatingIncome": 394206000, "operatingIncomeRatio": 0.566023594, "totalOtherIncomeExpensesNet": 266071000, "incomeBeforeTax": 266071000, "incomeBeforeTaxRatio": 0.3820400087, "incomeTaxExpense": 50358000, "netIncome": 215713000, "netIncomeRatio": 0.3097331028, "eps": 2.34, "epsdiluted": 2.34, "weightedAverageShsOut": 92268000, "weightedAverageShsOutDil": 92347643, "link": "https://www.sec.gov/Archives/edgar/data/90498/000162828019002125/0001628280-19-002125-index.htm", "finalLink": "https://www.sec.gov/Archives/edgar/data/90498/000162828019002125/sfnc-123118x10k.htm", "calculatedOtherExpenses": 62440000, "calculatedOperatingExpenses": 287904000, "calculatedNetInterest": 552552000, "calculatedOtherIncome": -680687000, "calculatedIncomeNonControlling": 0, "calculatedEbitda": 422618000}, {"date": "2017-12-31", "symbol": "SFNC", "reportedCurrency": "USD", "cik": "0000090498", "fillingDate": "2018-02-28", "acceptedDate": "2018-02-28 16:02:46", "calendarYear": "2017", "period": "FY", "revenue": 481507000, "costOfRevenue": 0, "grossProfit": 481507000, "grossProfitRatio": 1, "researchAndDevelopmentExpenses": 0, "generalAndAdministrativeExpenses": 158010000, "sellingAndMarketingExpenses": 11141000, "sellingGeneralAndAdministrativeExpenses": 169151000, "otherExpenses": -95617000, "operatingExpenses": 169151000, "costAndExpenses": 169151000, "interestIncome": 395004000, "interestExpense": 40074000, "depreciationAndAmortization": 21062000, "ebitda": 216059000, "ebitdaratio": 0.4487141412, "operatingIncome": 194997000, "operatingIncomeRatio": 0.4049723057, "totalOtherIncomeExpensesNet": 154923000, "incomeBeforeTax": 154923000, "incomeBeforeTaxRatio": 0.3217461013, "incomeTaxExpense": 61983000, "netIncome": 92940000, "netIncomeRatio": 0.1930190008, "eps": 1.34, "epsdiluted": 1.33, "weightedAverageShsOut": 92029118, "weightedAverageShsOutDil": 92029118, "link": "https://www.sec.gov/Archives/edgar/data/90498/000117184318001548/0001171843-18-001548-index.htm", "finalLink": "https://www.sec.gov/Archives/edgar/data/90498/000117184318001548/f10k_022818p.htm", "calculatedOtherExpenses": 117359000, "calculatedOperatingExpenses": 286510000, "calculatedNetInterest": 354930000, "calculatedOtherIncome": -395004000, "calculatedIncomeNonControlling": 0, "calculatedEbitda": 216059000}, {"date": "2016-12-31", "symbol": "SFNC", "reportedCurrency": "USD", "cik": "0000090498", "fillingDate": "2017-02-28", "acceptedDate": "2017-02-28 17:21:18", "calendarYear": "2016", "period": "FY", "revenue": 418588000, "costOfRevenue": 11328000, "grossProfit": 407260000, "grossProfitRatio": 0.9729375902, "researchAndDevelopmentExpenses": 0, "generalAndAdministrativeExpenses": 136926000, "sellingAndMarketingExpenses": 6929000, "sellingGeneralAndAdministrativeExpenses": 136926000, "otherExpenses": -81443000, "operatingExpenses": 136926000, "costAndExpenses": 148254000, "interestIncome": 301005000, "interestExpense": 21799000, "depreciationAndAmortization": 16978000, "ebitda": 182215000, "ebitdaratio": 0.4353087045, "operatingIncome": 165237000, "operatingIncomeRatio": 0.3947485356, "totalOtherIncomeExpensesNet": 143438000, "incomeBeforeTax": 143438000, "incomeBeforeTaxRatio": 0.3426710751, "incomeTaxExpense": 46624000, "netIncome": 96814000, "netIncomeRatio": 0.231287089, "eps": 1.58, "epsdiluted": 1.56, "weightedAverageShsOut": 61414520, "weightedAverageShsOutDil": 61685158, "link": "https://www.sec.gov/Archives/edgar/data/90498/000117184317001225/0001171843-17-001225-index.htm", "finalLink": "https://www.sec.gov/Archives/edgar/data/90498/000117184317001225/f10k_022817p.htm", "calculatedOtherExpenses": 105097000, "calculatedOperatingExpenses": 242023000, "calculatedNetInterest": 279206000, "calculatedOtherIncome": -301005000, "calculatedIncomeNonControlling": 0, "calculatedEbitda": 182215000}, {"date": "2015-12-31", "symbol": "SFNC", "reportedCurrency": "USD", "cik": "0000090498", "fillingDate": "2016-02-29", "acceptedDate": "2016-02-29 14:31:32", "calendarYear": "2015", "period": "FY", "revenue": 365264000, "costOfRevenue": 0, "grossProfit": 365264000, "grossProfitRatio": 1, "researchAndDevelopmentExpenses": 0, "generalAndAdministrativeExpenses": 143609000, "sellingAndMarketingExpenses": 6337000, "sellingGeneralAndAdministrativeExpenses": 143609000, "otherExpenses": 0, "operatingExpenses": 143609000, "costAndExpenses": 143609000, "interestIncome": 300948000, "interestExpense": 22353000, "depreciationAndAmortization": 13654000, "ebitda": 143271000, "ebitdaratio": 0.3922395856, "operatingIncome": 129617000, "operatingIncomeRatio": 0.3548584038, "totalOtherIncomeExpensesNet": 107264000, "incomeBeforeTax": 107264000, "incomeBeforeTaxRatio": 0.2936615708, "incomeTaxExpense": 32900000, "netIncome": 74364000, "netIncomeRatio": 0.2035897324, "eps": 1.32, "epsdiluted": 1.31, "weightedAverageShsOut": 60556864, "weightedAverageShsOutDil": 60556864, "link": "https://www.sec.gov/Archives/edgar/data/90498/000117184316008237/0001171843-16-008237-index.htm", "finalLink": "https://www.sec.gov/Archives/edgar/data/90498/000117184316008237/f10k_022916p.htm", "calculatedOtherExpenses": 92038000, "calculatedOperatingExpenses": 235647000, "calculatedNetInterest": 278595000, "calculatedOtherIncome": -300948000, "calculatedIncomeNonControlling": 0, "calculatedEbitda": 143271000}, {"date": "2014-12-31", "symbol": "SFNC", "reportedCurrency": "USD", "cik": "0000090498", "fillingDate": "2015-03-16", "acceptedDate": "2015-03-16 16:43:12", "calendarYear": "2014", "period": "FY", "revenue": 233256000, "costOfRevenue": 8699000, "grossProfit": 224557000, "grossProfitRatio": 0.9627062112, "researchAndDevelopmentExpenses": 0, "generalAndAdministrativeExpenses": 92564000, "sellingAndMarketingExpenses": 0, "sellingGeneralAndAdministrativeExpenses": 92564000, "otherExpenses": 0, "operatingExpenses": 92564000, "costAndExpenses": 101263000, "interestIncome": 185035000, "interestExpense": 13971000, "depreciationAndAmortization": 7933000, "ebitda": 72194000, "ebitdaratio": 0.3095054361, "operatingIncome": 64261000, "operatingIncomeRatio": 0.2754955928, "totalOtherIncomeExpensesNet": 50290000, "incomeBeforeTax": 50290000, "incomeBeforeTaxRatio": 0.2156000274, "incomeTaxExpense": 14602000, "netIncome": 35688000, "netIncomeRatio": 0.1529992798, "eps": 1.06, "epsdiluted": 1.06, "weightedAverageShsOut": 33757532, "weightedAverageShsOutDil": 33844052, "link": "https://www.sec.gov/Archives/edgar/data/90498/000117184315001449/0001171843-15-001449-index.htm", "finalLink": "https://www.sec.gov/Archives/edgar/data/90498/000117184315001449/f10k_031615.htm", "calculatedOtherExpenses": 67732000, "calculatedOperatingExpenses": 160296000, "calculatedNetInterest": 171064000, "calculatedOtherIncome": -185035000, "calculatedIncomeNonControlling": 0, "calculatedEbitda": 72194000}, {"date": "2013-12-31", "symbol": "SFNC", "reportedCurrency": "USD", "cik": "0000090498", "fillingDate": "2014-03-11", "acceptedDate": "2014-03-11 16:50:32", "calendarYear": "2013", "period": "FY", "revenue": 171466000, "costOfRevenue": 6869000, "grossProfit": 164597000, "grossProfitRatio": 0.9599395799, "researchAndDevelopmentExpenses": 0, "generalAndAdministrativeExpenses": 76560000, "sellingAndMarketingExpenses": 0, "sellingGeneralAndAdministrativeExpenses": 76560000, "otherExpenses": 0, "operatingExpenses": 76560000, "costAndExpenses": 83429000, "interestIncome": 143113000, "interestExpense": 12263000, "depreciationAndAmortization": 6127000, "ebitda": 50926000, "ebitdaratio": 0.2970034876, "operatingIncome": 44799000, "operatingIncomeRatio": 0.261270456, "totalOtherIncomeExpensesNet": 32536000, "incomeBeforeTax": 32536000, "incomeBeforeTaxRatio": 0.1897519042, "incomeTaxExpense": 9305000, "netIncome": 23231000, "netIncomeRatio": 0.1354845859, "eps": 0.71, "epsdiluted": 0.71, "weightedAverageShsOut": 32678670, "weightedAverageShsOutDil": 32704334, "link": "https://www.sec.gov/Archives/edgar/data/90498/000117184314001197/0001171843-14-001197-index.htm", "finalLink": "https://www.sec.gov/Archives/edgar/data/90498/000117184314001197/f10k_031114.htm", "calculatedOtherExpenses": 43238000, "calculatedOperatingExpenses": 119798000, "calculatedNetInterest": 130850000, "calculatedOtherIncome": -143113000, "calculatedIncomeNonControlling": 0, "calculatedEbitda": 50926000}, {"date": "2012-12-31", "symbol": "SFNC", "reportedCurrency": "USD", "cik": "0000090498", "fillingDate": "2013-03-12", "acceptedDate": "2013-03-12 13:33:54", "calendarYear": "2012", "period": "FY", "revenue": 161888000, "costOfRevenue": 0, "grossProfit": 161888000, "grossProfitRatio": 1, "researchAndDevelopmentExpenses": 0, "generalAndAdministrativeExpenses": 69085000, "sellingAndMarketingExpenses": 0, "sellingGeneralAndAdministrativeExpenses": 69085000, "otherExpenses": 0, "operatingExpenses": 69085000, "costAndExpenses": 69085000, "interestIncome": 129134000, "interestExpense": 15617000, "depreciationAndAmortization": 5516000, "ebitda": 61148000, "ebitdaratio": 0.3777179284, "operatingIncome": 55632000, "operatingIncomeRatio": 0.3436449891, "totalOtherIncomeExpensesNet": 40015000, "incomeBeforeTax": 40015000, "incomeBeforeTaxRatio": 0.2471770607, "incomeTaxExpense": 12331000, "netIncome": 27684000, "netIncomeRatio": 0.171007116, "eps": 0.82, "epsdiluted": 0.82, "weightedAverageShsOut": 33817808, "weightedAverageShsOutDil": 33822726, "link": "https://www.sec.gov/Archives/edgar/data/90498/000117184313000957/0001171843-13-000957-index.htm", "finalLink": "https://www.sec.gov/Archives/edgar/data/90498/000117184313000957/f10k_031213.htm", "calculatedOtherExpenses": 37171000, "calculatedOperatingExpenses": 106256000, "calculatedNetInterest": 113517000, "calculatedOtherIncome": -129134000, "calculatedIncomeNonControlling": 0, "calculatedEbitda": 61148000}, {"date": "2011-12-31", "symbol": "SFNC", "reportedCurrency": "USD", "cik": "0000090498", "fillingDate": "2012-03-07", "acceptedDate": "2012-03-07 16:57:00", "calendarYear": "2011", "period": "FY", "revenue": 160742000, "costOfRevenue": 95000, "grossProfit": 160647000, "grossProfitRatio": 0.9994089908, "researchAndDevelopmentExpenses": 0, "generalAndAdministrativeExpenses": 67445000, "sellingAndMarketingExpenses": 0, "sellingGeneralAndAdministrativeExpenses": 67445000, "otherExpenses": 0, "operatingExpenses": 67445000, "costAndExpenses": 67540000, "interestIncome": 129056000, "interestExpense": 20396000, "depreciationAndAmortization": 6067000, "ebitda": 62262000, "ebitdaratio": 0.3873412052, "operatingIncome": 56195000, "operatingIncomeRatio": 0.3495974916, "totalOtherIncomeExpensesNet": 35799000, "incomeBeforeTax": 35799000, "incomeBeforeTaxRatio": 0.2227109281, "incomeTaxExpense": 10425000, "netIncome": 25374000, "netIncomeRatio": 0.1578554454, "eps": 0.74, "epsdiluted": 0.74, "weightedAverageShsOut": 34618976, "weightedAverageShsOutDil": 34635700, "link": "https://www.sec.gov/Archives/edgar/data/90498/000117184312000838/0001171843-12-000838-index.htm", "finalLink": "https://www.sec.gov/Archives/edgar/data/90498/000117184312000838/f10k_030712.htm", "calculatedOtherExpenses": 37007000, "calculatedOperatingExpenses": 104452000, "calculatedNetInterest": 108660000, "calculatedOtherIncome": -129056000, "calculatedIncomeNonControlling": 0, "calculatedEbitda": 62262000}, {"date": "2010-12-31", "symbol": "SFNC", "reportedCurrency": "USD", "cik": "0000090498", "fillingDate": "2011-03-04", "acceptedDate": "2011-03-04 16:24:51", "calendarYear": "2010", "period": "FY", "revenue": 177644000, "costOfRevenue": 0, "grossProfit": 177644000, "grossProfitRatio": 1, "researchAndDevelopmentExpenses": 0, "generalAndAdministrativeExpenses": 65518000, "sellingAndMarketingExpenses": 0, "sellingGeneralAndAdministrativeExpenses": 65518000, "otherExpenses": 0, "operatingExpenses": 64544000, "costAndExpenses": 64544000, "interestIncome": 128955000, "interestExpense": 27006000, "depreciationAndAmortization": 5724000, "ebitda": 87161000, "ebitdaratio": 0.490649839, "operatingIncome": 81437000, "operatingIncomeRatio": 0.4584280921, "totalOtherIncomeExpensesNet": 54431000, "incomeBeforeTax": 54431000, "incomeBeforeTaxRatio": 0.3064049447, "incomeTaxExpense": 17314000, "netIncome": 37117000, "netIncomeRatio": 0.2089403526, "eps": 1.08, "epsdiluted": 1.08, "weightedAverageShsOut": 34367593, "weightedAverageShsOutDil": 34527442, "link": "https://www.sec.gov/Archives/edgar/data/90498/000115752311001397/0001157523-11-001397-index.htm", "finalLink": "https://www.sec.gov/Archives/edgar/data/90498/000115752311001397/a6631456.htm", "calculatedOtherExpenses": 30689000, "calculatedOperatingExpenses": 96207000, "calculatedNetInterest": 101949000, "calculatedOtherIncome": -128955000, "calculatedIncomeNonControlling": 0, "calculatedEbitda": 87161000}, {"date": "2009-12-31", "symbol": "SFNC", "reportedCurrency": "USD", "cik": "0000090498", "fillingDate": "2010-03-02", "acceptedDate": "2010-03-02 16:50:56", "calendarYear": "2009", "period": "FY", "revenue": 148285000, "costOfRevenue": 0, "grossProfit": 148285000, "grossProfitRatio": 1, "researchAndDevelopmentExpenses": 0, "generalAndAdministrativeExpenses": 63412000, "sellingAndMarketingExpenses": 0, "sellingGeneralAndAdministrativeExpenses": 63412000, "otherExpenses": 0, "operatingExpenses": 63412000, "costAndExpenses": 63412000, "interestIncome": 136533000, "interestExpense": 38806000, "depreciationAndAmortization": 5841000, "ebitda": 80047000, "ebitdaratio": 0.5398185926, "operatingIncome": 74206000, "operatingIncomeRatio": 0.5004282294, "totalOtherIncomeExpensesNet": 35400000, "incomeBeforeTax": 35400000, "incomeBeforeTaxRatio": 0.2387294736, "incomeTaxExpense": 10190000, "netIncome": 25210000, "netIncomeRatio": 0.1700104528, "eps": 0.88, "epsdiluted": 0.87, "weightedAverageShsOut": 28750646, "weightedAverageShsOutDil": 28931436, "link": "https://www.sec.gov/Archives/edgar/data/90498/000115752310001355/0001157523-10-001355-index.htm", "finalLink": "https://www.sec.gov/Archives/edgar/data/90498/000115752310001355/a6196083.htm", "calculatedOtherExpenses": 10667000, "calculatedOperatingExpenses": 74079000, "calculatedNetInterest": 97727000, "calculatedOtherIncome": -136533000, "calculatedIncomeNonControlling": 0, "calculatedEbitda": 80047000}, {"date": "2008-12-31", "symbol": "SFNC", "reportedCurrency": "USD", "cik": "0000090498", "fillingDate": "2009-02-26", "acceptedDate": "2009-02-26 17:27:12", "calendarYear": "2008", "period": "FY", "revenue": 142318000, "costOfRevenue": 0, "grossProfit": 142318000, "grossProfitRatio": 1, "researchAndDevelopmentExpenses": 0, "generalAndAdministrativeExpenses": 57050000, "sellingAndMarketingExpenses": 0, "sellingGeneralAndAdministrativeExpenses": 57050000, "otherExpenses": 0, "operatingExpenses": 57050000, "costAndExpenses": 57050000, "interestIncome": 156141000, "interestExpense": 62124000, "depreciationAndAmortization": 5729000, "ebitda": 106190000, "ebitdaratio": 0.7461459548, "operatingIncome": 100461000, "operatingIncomeRatio": 0.7058910328, "totalOtherIncomeExpensesNet": 38337000, "incomeBeforeTax": 38337000, "incomeBeforeTaxRatio": 0.2693756236, "incomeTaxExpense": 11427000, "netIncome": 26910000, "netIncomeRatio": 0.1890836015, "eps": 0.97, "epsdiluted": 0.96, "weightedAverageShsOut": 27890000, "weightedAverageShsOutDil": 28216000, "link": "https://www.sec.gov/Archives/edgar/data/90498/000115752309001685/0001157523-09-001685-index.htm", "finalLink": "https://www.sec.gov/Archives/edgar/data/90498/000115752309001685/a5901547.htm", "calculatedOtherExpenses": -15193000, "calculatedOperatingExpenses": 41857000, "calculatedNetInterest": 94017000, "calculatedOtherIncome": -156141000, "calculatedIncomeNonControlling": 0, "calculatedEbitda": 106190000}, {"date": "2007-12-31", "symbol": "SFNC", "reportedCurrency": "USD", "cik": "0000090498", "fillingDate": "2008-02-27", "acceptedDate": "2008-02-27 14:51:34", "calendarYear": "2007", "period": "FY", "revenue": 138119000, "costOfRevenue": 0, "grossProfit": 138119000, "grossProfitRatio": 1, "researchAndDevelopmentExpenses": 0, "generalAndAdministrativeExpenses": 54865000, "sellingAndMarketingExpenses": 0, "sellingGeneralAndAdministrativeExpenses": 54865000, "otherExpenses": 0, "operatingExpenses": 54865000, "costAndExpenses": 54865000, "interestIncome": 168536000, "interestExpense": 76420000, "depreciationAndAmortization": 5626000, "ebitda": 121787000, "ebitdaratio": 0.8817541395, "operatingIncome": 1970, "operatingIncomeRatio": 1.42631e-05, "totalOtherIncomeExpensesNet": 39741000, "incomeBeforeTax": 39741000, "incomeBeforeTaxRatio": 0.2877301457, "incomeTaxExpense": 12381000, "netIncome": 27360000, "netIncomeRatio": 0.1980900528, "eps": 0.98, "epsdiluted": 0.96, "weightedAverageShsOut": 28061538, "weightedAverageShsOutDil": 28500000, "link": "https://www.sec.gov/Archives/edgar/data/90498/000115752308001790/0001157523-08-001790-index.htm", "finalLink": "https://www.sec.gov/Archives/edgar/data/90498/000115752308001790/a5617986.htm", "calculatedOtherExpenses": 83252030, "calculatedOperatingExpenses": 138117030, "calculatedNetInterest": 92116000, "calculatedOtherIncome": -52376970, "calculatedIncomeNonControlling": 0, "calculatedEbitda": 5627970}, {"date": "2006-12-31", "symbol": "SFNC", "reportedCurrency": "USD", "cik": "0000090498", "fillingDate": "2007-03-08", "acceptedDate": "2007-03-08 13:32:29", "calendarYear": "2006", "period": "FY", "revenue": 132751000, "costOfRevenue": 0, "grossProfit": 132751000, "grossProfitRatio": 1, "researchAndDevelopmentExpenses": 0, "generalAndAdministrativeExpenses": 53442000, "sellingAndMarketingExpenses": 0, "sellingGeneralAndAdministrativeExpenses": 53442000, "otherExpenses": 0, "operatingExpenses": 53442000, "costAndExpenses": 53442000, "interestIncome": 153362000, "interestExpense": 64558000, "depreciationAndAmortization": 5689000, "ebitda": 110168000, "ebitdaratio": 0.8298845206, "operatingIncome": 1900, "operatingIncomeRatio": 1.43125e-05, "totalOtherIncomeExpensesNet": 39921000, "incomeBeforeTax": 39921000, "incomeBeforeTaxRatio": 0.3007208985, "incomeTaxExpense": 12440000, "netIncome": 27481000, "netIncomeRatio": 0.2070116233, "eps": 0.97, "epsdiluted": 0.95, "weightedAverageShsOut": 28477720, "weightedAverageShsOutDil": 28927368, "link": "https://www.sec.gov/Archives/edgar/data/90498/000115752307002484/0001157523-07-002484-index.htm", "finalLink": "https://www.sec.gov/Archives/edgar/data/90498/000115752307002484/a5343764.htm", "calculatedOtherExpenses": 79307100, "calculatedOperatingExpenses": 132749100, "calculatedNetInterest": 88804000, "calculatedOtherIncome": -48884900, "calculatedIncomeNonControlling": 0, "calculatedEbitda": 5690900}, {"date": "2005-12-31", "symbol": "SFNC", "reportedCurrency": "USD", "cik": "0000090498", "fillingDate": "2006-03-14", "acceptedDate": "2006-03-14 15:34:49", "calendarYear": "2005", "period": "FY", "revenue": 132575000, "costOfRevenue": 0, "grossProfit": 132575000, "grossProfitRatio": 1, "researchAndDevelopmentExpenses": 0, "generalAndAdministrativeExpenses": 51270000, "sellingAndMarketingExpenses": 0, "sellingGeneralAndAdministrativeExpenses": 51270000, "otherExpenses": 0, "operatingExpenses": 51270000, "costAndExpenses": 51270000, "interestIncome": 133071000, "interestExpense": 42814000, "depreciationAndAmortization": 5231000, "ebitda": 87510000, "ebitdaratio": 0.6600792005, "operatingIncome": 1840, "operatingIncomeRatio": 1.38789e-05, "totalOtherIncomeExpensesNet": 39465000, "incomeBeforeTax": 39465000, "incomeBeforeTaxRatio": 0.2976805582, "incomeTaxExpense": 12503000, "netIncome": 26962000, "netIncomeRatio": 0.2033716764, "eps": 0.94, "epsdiluted": 0.92, "weightedAverageShsOut": 28682979, "weightedAverageShsOutDil": 29306522, "link": "https://www.sec.gov/Archives/edgar/data/90498/000115752306002638/0001157523-06-002638-index.htm", "finalLink": "https://www.sec.gov/Archives/edgar/data/90498/000115752306002638/a5091609.htm", "calculatedOtherExpenses": 81303160, "calculatedOperatingExpenses": 132573160, "calculatedNetInterest": 90257000, "calculatedOtherIncome": -50793840, "calculatedIncomeNonControlling": 0, "calculatedEbitda": 5232840}, {"date": "2004-12-31", "symbol": "SFNC", "reportedCurrency": "USD", "cik": "0000090498", "fillingDate": "2005-03-10", "acceptedDate": "2005-03-10 17:24:05", "calendarYear": "2004", "period": "FY", "revenue": 126483000, "costOfRevenue": 0, "grossProfit": 126483000, "grossProfitRatio": 1, "researchAndDevelopmentExpenses": 0, "generalAndAdministrativeExpenses": 48533000, "sellingAndMarketingExpenses": 0, "sellingGeneralAndAdministrativeExpenses": 48533000, "otherExpenses": 0, "operatingExpenses": 48533000, "costAndExpenses": 48533000, "interestIncome": 116064000, "interestExpense": 30428000, "depreciationAndAmortization": 6071000, "ebitda": 72428000, "ebitdaratio": 0.572630314, "operatingIncome": 1680, "operatingIncomeRatio": 1.32824e-05, "totalOtherIncomeExpensesNet": 35929000, "incomeBeforeTax": 35929000, "incomeBeforeTaxRatio": 0.2840618897, "incomeTaxExpense": 11483000, "netIncome": 24446000, "netIncomeRatio": 0.1932749856, "eps": 0.84, "epsdiluted": 0.83, "weightedAverageShsOut": 29102381, "weightedAverageShsOutDil": 29631515, "link": "https://www.sec.gov/Archives/edgar/data/90498/000115752305002401/0001157523-05-002401-index.htm", "finalLink": "https://www.sec.gov/Archives/edgar/data/90498/000115752305002401/d62781_10-k.htm", "calculatedOtherExpenses": 77948320, "calculatedOperatingExpenses": 126481320, "calculatedNetInterest": 85636000, "calculatedOtherIncome": -49708680, "calculatedIncomeNonControlling": 0, "calculatedEbitda": 6072680}, {"date": "2003-12-31", "symbol": "SFNC", "reportedCurrency": "USD", "cik": "0000090498", "fillingDate": "2004-02-26", "acceptedDate": "2004-02-26 10:42:01", "calendarYear": "2003", "period": "FY", "revenue": 116587000, "costOfRevenue": 0, "grossProfit": 116587000, "grossProfitRatio": 1, "researchAndDevelopmentExpenses": 0, "generalAndAdministrativeExpenses": 42979000, "sellingAndMarketingExpenses": 0, "sellingGeneralAndAdministrativeExpenses": 42979000, "otherExpenses": 0, "operatingExpenses": 42979000, "costAndExpenses": 42979000, "interestIncome": 107607000, "interestExpense": 29737000, "depreciationAndAmortization": 5260000, "ebitda": 69681000, "ebitdaratio": 0.5976738401, "operatingIncome": 64421000, "operatingIncomeRatio": 0.5525573177, "totalOtherIncomeExpensesNet": 34684000, "incomeBeforeTax": 34684000, "incomeBeforeTaxRatio": 0.2974945749, "incomeTaxExpense": 10894000, "netIncome": 23790000, "netIncomeRatio": 0.2040536252, "eps": 0.85, "epsdiluted": 0.83, "weightedAverageShsOut": 28153846, "weightedAverageShsOutDil": 28836364, "link": "https://www.sec.gov/Archives/edgar/data/90498/000115752304001828/0001157523-04-001828-index.htm", "finalLink": "https://www.sec.gov/Archives/edgar/data/90498/000115752304001828/d58415_10k.htm", "calculatedOtherExpenses": 9187000, "calculatedOperatingExpenses": 52166000, "calculatedNetInterest": 77870000, "calculatedOtherIncome": -107607000, "calculatedIncomeNonControlling": 0, "calculatedEbitda": 69681000}, {"date": "2002-12-31", "symbol": "SFNC", "reportedCurrency": "USD", "cik": "0000090498", "fillingDate": "2003-02-13", "acceptedDate": "2003-02-13 15:15:26", "calendarYear": "2002", "period": "FY", "revenue": 111011000, "costOfRevenue": 0, "grossProfit": 111011000, "grossProfitRatio": 1, "researchAndDevelopmentExpenses": 0, "generalAndAdministrativeExpenses": 40039000, "sellingAndMarketingExpenses": 0, "sellingGeneralAndAdministrativeExpenses": 40039000, "otherExpenses": 0, "operatingExpenses": 40039000, "costAndExpenses": 40039000, "interestIncome": 116142000, "interestExpense": 40434000, "depreciationAndAmortization": 4940000, "ebitda": 77149000, "ebitdaratio": 0.6949671654, "operatingIncome": 72209000, "operatingIncomeRatio": 0.6504670708, "totalOtherIncomeExpensesNet": 31775000, "incomeBeforeTax": 31775000, "incomeBeforeTaxRatio": 0.2862328958, "incomeTaxExpense": 9697000, "netIncome": 22078000, "netIncomeRatio": 0.198881192, "eps": 0.78, "epsdiluted": 0.77, "weightedAverageShsOut": 28305128, "weightedAverageShsOutDil": 28766124, "link": "https://www.sec.gov/Archives/edgar/data/90498/000115752303000349/0001157523-03-000349-index.htm", "finalLink": "https://www.sec.gov/Archives/edgar/data/90498/000115752303000349/a4337030.txt", "calculatedOtherExpenses": -1237000, "calculatedOperatingExpenses": 38802000, "calculatedNetInterest": 75708000, "calculatedOtherIncome": -116142000, "calculatedIncomeNonControlling": 0, "calculatedEbitda": 77149000}, {"date": "2001-12-31", "symbol": "SFNC", "reportedCurrency": "USD", "cik": "0000090498", "fillingDate": "2002-03-25", "acceptedDate": "2002-03-25 00:00:00", "calendarYear": "2001", "period": "FY", "revenue": 100974000, "costOfRevenue": 0, "grossProfit": 100974000, "grossProfitRatio": 1, "researchAndDevelopmentExpenses": 0, "generalAndAdministrativeExpenses": 36218000, "sellingAndMarketingExpenses": 0, "sellingGeneralAndAdministrativeExpenses": 36218000, "otherExpenses": 0, "operatingExpenses": 36218000, "costAndExpenses": 36218000, "interestIncome": 135868000, "interestExpense": 68463000, "depreciationAndAmortization": 6929000, "ebitda": 98278000, "ebitdaratio": 0.9733000574, "operatingIncome": 91349000, "operatingIncomeRatio": 0.9046784321, "totalOtherIncomeExpensesNet": 22886000, "incomeBeforeTax": 22886000, "incomeBeforeTaxRatio": 0.2266524056, "incomeTaxExpense": 6358000, "netIncome": 16528000, "netIncomeRatio": 0.1636857013, "eps": 0.58, "epsdiluted": 0.58, "weightedAverageShsOut": 28374249, "weightedAverageShsOutDil": 28619913, "link": "https://www.sec.gov/Archives/edgar/data/90498/000009049802000022/0000090498-02-000022-index.htm", "finalLink": "https://www.sec.gov/Archives/edgar/data/90498/000009049802000022/k102001.txt", "calculatedOtherExpenses": -26593000, "calculatedOperatingExpenses": 9625000, "calculatedNetInterest": 67405000, "calculatedOtherIncome": -135868000, "calculatedIncomeNonControlling": 0, "calculatedEbitda": 98278000}, {"date": "2000-12-31", "symbol": "SFNC", "reportedCurrency": "USD", "cik": "0000090498", "fillingDate": "2001-03-26", "acceptedDate": "2001-03-26 00:00:00", "calendarYear": "2000", "period": "FY", "revenue": 97416000, "costOfRevenue": 0, "grossProfit": 97416000, "grossProfitRatio": 1, "researchAndDevelopmentExpenses": 0, "generalAndAdministrativeExpenses": 33544000, "sellingAndMarketingExpenses": 0, "sellingGeneralAndAdministrativeExpenses": 33544000, "otherExpenses": 0, "operatingExpenses": 33544000, "costAndExpenses": 33544000, "interestIncome": 136754000, "interestExpense": 69693000, "depreciationAndAmortization": 7213000, "ebitda": 104235000, "ebitdaratio": 1.0699987682, "operatingIncome": 97022000, "operatingIncomeRatio": 0.9959554899, "totalOtherIncomeExpensesNet": 27329000, "incomeBeforeTax": 27329000, "incomeBeforeTaxRatio": 0.2805391311, "incomeTaxExpense": 8460000, "netIncome": 18869000, "netIncomeRatio": 0.1936950809, "eps": 0.65, "epsdiluted": 0.65, "weightedAverageShsOut": 29141313, "weightedAverageShsOutDil": 29254264, "link": "https://www.sec.gov/Archives/edgar/data/90498/000009049801000013/0000090498-01-000013-index.htm", "finalLink": "https://www.sec.gov/Archives/edgar/data/90498/000009049801000013/0000090498-01-000013-0001.txt", "calculatedOtherExpenses": -33150000, "calculatedOperatingExpenses": 394000, "calculatedNetInterest": 67061000, "calculatedOtherIncome": -136754000, "calculatedIncomeNonControlling": 0, "calculatedEbitda": 104235000}, {"date": "1999-12-31", "symbol": "SFNC", "reportedCurrency": "USD", "cik": "0000090498", "fillingDate": "2000-03-28", "acceptedDate": "2000-03-28 00:00:00", "calendarYear": "1999", "period": "FY", "revenue": 93000000, "costOfRevenue": 0, "grossProfit": 93000000, "grossProfitRatio": 1, "researchAndDevelopmentExpenses": 0, "generalAndAdministrativeExpenses": 32400000, "sellingAndMarketingExpenses": 0, "sellingGeneralAndAdministrativeExpenses": 32400000, "otherExpenses": 0, "operatingExpenses": 32400000, "costAndExpenses": 32400000, "interestIncome": 121500000, "interestExpense": 56800000, "depreciationAndAmortization": 6200000, "ebitda": 87600000, "ebitdaratio": 0.9419354839, "operatingIncome": 81400000, "operatingIncomeRatio": 0.8752688172, "totalOtherIncomeExpensesNet": 24600000, "incomeBeforeTax": 24600000, "incomeBeforeTaxRatio": 0.264516129, "incomeTaxExpense": 7400000, "netIncome": 17200000, "netIncomeRatio": 0.1849462366, "eps": 0.59, "epsdiluted": 0.58, "weightedAverageShsOut": 29276596, "weightedAverageShsOutDil": 29527897, "link": "https://www.sec.gov/Archives/edgar/data/90498/000009049800000009/0000090498-00-000009-index.html", "finalLink": "https://www.sec.gov/Archives/edgar/data/90498/000009049800000009/", "calculatedOtherExpenses": -20800000, "calculatedOperatingExpenses": 11600000, "calculatedNetInterest": 64700000, "calculatedOtherIncome": -121500000, "calculatedIncomeNonControlling": 0, "calculatedEbitda": 87600000}, {"date": "1998-12-31", "symbol": "SFNC", "reportedCurrency": "USD", "cik": "0000090498", "fillingDate": "1999-03-25", "acceptedDate": "1999-03-25 00:00:00", "calendarYear": "1998", "period": "FY", "revenue": 83900000, "costOfRevenue": 0, "grossProfit": 83900000, "grossProfitRatio": 1, "researchAndDevelopmentExpenses": 0, "generalAndAdministrativeExpenses": 28600000, "sellingAndMarketingExpenses": 0, "sellingGeneralAndAdministrativeExpenses": 28600000, "otherExpenses": 0, "operatingExpenses": 28600000, "costAndExpenses": 28600000, "interestIncome": 106000000, "interestExpense": 53800000, "depreciationAndAmortization": 6100000, "ebitda": 79800000, "ebitdaratio": 0.9511323004, "operatingIncome": 73700000, "operatingIncomeRatio": 0.8784266985, "totalOtherIncomeExpensesNet": 19900000, "incomeBeforeTax": 19900000, "incomeBeforeTaxRatio": 0.2371871275, "incomeTaxExpense": 5600000, "netIncome": 14300000, "netIncomeRatio": 0.1704410012, "eps": 0.57, "epsdiluted": 0.56, "weightedAverageShsOut": 28947368, "weightedAverageShsOutDil": 29464286, "link": "https://www.sec.gov/Archives/edgar/data/90498/000009049899000006/0000090498-99-000006-index.html", "finalLink": "https://www.sec.gov/Archives/edgar/data/90498/", "calculatedOtherExpenses": -18400000, "calculatedOperatingExpenses": 10200000, "calculatedNetInterest": 52200000, "calculatedOtherIncome": -106000000, "calculatedIncomeNonControlling": 0, "calculatedEbitda": 79800000}, {"date": "1997-12-31", "symbol": "SFNC", "reportedCurrency": "USD", "cik": "0000090498", "fillingDate": "1998-03-25", "acceptedDate": "1998-03-25 00:00:00", "calendarYear": "1997", "period": "FY", "revenue": 67900000, "costOfRevenue": 0, "grossProfit": 67900000, "grossProfitRatio": 1, "researchAndDevelopmentExpenses": 0, "generalAndAdministrativeExpenses": 23800000, "sellingAndMarketingExpenses": 0, "sellingGeneralAndAdministrativeExpenses": 23800000, "otherExpenses": 0, "operatingExpenses": 23800000, "costAndExpenses": 23800000, "interestIncome": 78400000, "interestExpense": 38000000, "depreciationAndAmortization": 6200000, "ebitda": 61200000, "ebitdaratio": 0.9013254786, "operatingIncome": 55000000, "operatingIncomeRatio": 0.8100147275, "totalOtherIncomeExpensesNet": 17000000, "incomeBeforeTax": 17000000, "incomeBeforeTaxRatio": 0.2503681885, "incomeTaxExpense": 5000000, "netIncome": 12000000, "netIncomeRatio": 0.176730486, "eps": 0.52, "epsdiluted": 0.51, "weightedAverageShsOut": 28846154, "weightedAverageShsOutDil": 29268293, "link": "https://www.sec.gov/Archives/edgar/data/90498/000009049898000008/0000090498-98-000008-index.html", "finalLink": "https://www.sec.gov/Archives/edgar/data/90498/", "calculatedOtherExpenses": -10900000, "calculatedOperatingExpenses": 12900000, "calculatedNetInterest": 40400000, "calculatedOtherIncome": -78400000, "calculatedIncomeNonControlling": 0, "calculatedEbitda": 61200000}, {"date": "1996-12-31", "symbol": "SFNC", "reportedCurrency": "USD", "cik": "0000090498", "fillingDate": "1997-03-28", "acceptedDate": "1997-03-28 00:00:00", "calendarYear": "1996", "period": "FY", "revenue": 58900000, "costOfRevenue": 0, "grossProfit": 58900000, "grossProfitRatio": 1, "researchAndDevelopmentExpenses": 0, "generalAndAdministrativeExpenses": 21800000, "sellingAndMarketingExpenses": 0, "sellingGeneralAndAdministrativeExpenses": 21800000, "otherExpenses": 0, "operatingExpenses": 21800000, "costAndExpenses": 21800000, "interestIncome": 61400000, "interestExpense": 27600000, "depreciationAndAmortization": 3900000, "ebitda": 46100000, "ebitdaratio": 0.7826825127, "operatingIncome": 42200000, "operatingIncomeRatio": 0.7164685908, "totalOtherIncomeExpensesNet": 14600000, "incomeBeforeTax": 14600000, "incomeBeforeTaxRatio": 0.2478777589, "incomeTaxExpense": 4300000, "netIncome": 10300000, "netIncomeRatio": 0.1748726655, "eps": 0.45, "epsdiluted": 0.44, "weightedAverageShsOut": 24804469, "weightedAverageShsOutDil": 25084746, "link": "https://www.sec.gov/Archives/edgar/data/90498/000009049897000012/0000090498-97-000012-index.html", "finalLink": "https://www.sec.gov/Archives/edgar/data/90498/", "calculatedOtherExpenses": -5100000, "calculatedOperatingExpenses": 16700000, "calculatedNetInterest": 33800000, "calculatedOtherIncome": -61400000, "calculatedIncomeNonControlling": 0, "calculatedEbitda": 46100000}, {"date": "1995-12-31", "symbol": "SFNC", "reportedCurrency": "USD", "cik": "0000090498", "fillingDate": "1996-03-28", "acceptedDate": "1996-03-28 00:00:00", "calendarYear": "1995", "period": "FY", "revenue": 56200000, "costOfRevenue": 0, "grossProfit": 56200000, "grossProfitRatio": 1, "researchAndDevelopmentExpenses": 0, "generalAndAdministrativeExpenses": 21200000, "sellingAndMarketingExpenses": 0, "sellingGeneralAndAdministrativeExpenses": 21200000, "otherExpenses": 0, "operatingExpenses": 21200000, "costAndExpenses": 21200000, "interestIncome": 56300000, "interestExpense": 24500000, "depreciationAndAmortization": 4300000, "ebitda": 43000000, "ebitdaratio": 0.7651245552, "operatingIncome": 38700000, "operatingIncomeRatio": 0.6886120996, "totalOtherIncomeExpensesNet": 14200000, "incomeBeforeTax": 14200000, "incomeBeforeTaxRatio": 0.2526690391, "incomeTaxExpense": 4200000, "netIncome": 10000000, "netIncomeRatio": 0.1779359431, "eps": 0.44, "epsdiluted": 0.44, "weightedAverageShsOut": 22641509, "weightedAverageShsOutDil": 22641509, "link": "https://www.sec.gov/Archives/edgar/data/90498/000009049896000016/0000090498-96-000016-index.html", "finalLink": "https://www.sec.gov/Archives/edgar/data/90498/", "calculatedOtherExpenses": -3700000, "calculatedOperatingExpenses": 17500000, "calculatedNetInterest": 31800000, "calculatedOtherIncome": -56300000, "calculatedIncomeNonControlling": 0, "calculatedEbitda": 43000000}, {"date": "1994-12-31", "symbol": "SFNC", "reportedCurrency": "USD", "cik": "0000090498", "fillingDate": "1995-03-30", "acceptedDate": "1995-03-30 00:00:00", "calendarYear": "1994", "period": "FY", "revenue": 54100000, "costOfRevenue": 0, "grossProfit": 54100000, "grossProfitRatio": 1, "researchAndDevelopmentExpenses": 0, "generalAndAdministrativeExpenses": 20100000, "sellingAndMarketingExpenses": 0, "sellingGeneralAndAdministrativeExpenses": 20100000, "otherExpenses": 0, "operatingExpenses": 20100000, "costAndExpenses": 20100000, "interestIncome": 45800000, "interestExpense": 16500000, "depreciationAndAmortization": 1400000, "ebitda": 31600000, "ebitdaratio": 0.584103512, "operatingIncome": 30200000, "operatingIncomeRatio": 0.5582255083, "totalOtherIncomeExpensesNet": 13700000, "incomeBeforeTax": 13700000, "incomeBeforeTaxRatio": 0.2532347505, "incomeTaxExpense": 3800000, "netIncome": 9900000, "netIncomeRatio": 0.1829944547, "eps": 0.45, "epsdiluted": 0.45, "weightedAverageShsOut": 22164179, "weightedAverageShsOutDil": 22164179, "link": "https://www.sec.gov/Archives/edgar/data/90498/000009049895000020/0000090498-95-000020-index.html", "finalLink": "https://www.sec.gov/Archives/edgar/data/90498/", "calculatedOtherExpenses": 3800000, "calculatedOperatingExpenses": 23900000, "calculatedNetInterest": 29300000, "calculatedOtherIncome": -45800000, "calculatedIncomeNonControlling": 0, "calculatedEbitda": 31600000}, {"date": "1993-12-31", "symbol": "SFNC", "reportedCurrency": "USD", "cik": "0000090498", "fillingDate": "1994-03-28", "acceptedDate": "1994-03-28 00:00:00", "calendarYear": "1993", "period": "FY", "revenue": 54600000, "costOfRevenue": 0, "grossProfit": 54600000, "grossProfitRatio": 1, "researchAndDevelopmentExpenses": 0, "generalAndAdministrativeExpenses": 19600000, "sellingAndMarketingExpenses": 0, "sellingGeneralAndAdministrativeExpenses": 19600000, "otherExpenses": 0, "operatingExpenses": 19600000, "costAndExpenses": 19600000, "interestIncome": 44400000, "interestExpense": 15900000, "depreciationAndAmortization": 2300000, "ebitda": 31100000, "ebitdaratio": 0.5695970696, "operatingIncome": 28800000, "operatingIncomeRatio": 0.5274725275, "totalOtherIncomeExpensesNet": 12900000, "incomeBeforeTax": 12900000, "incomeBeforeTaxRatio": 0.2362637363, "incomeTaxExpense": 3500000, "netIncome": 9400000, "netIncomeRatio": 0.1721611722, "eps": 0.46, "epsdiluted": 0.46, "weightedAverageShsOut": 20324324, "weightedAverageShsOutDil": 20434783, "link": "https://www.sec.gov/Archives/edgar/data/90498/000009049894000013/0000090498-94-000013-index.html", "finalLink": "https://www.sec.gov/Archives/edgar/data/90498/", "calculatedOtherExpenses": 6200000, "calculatedOperatingExpenses": 25800000, "calculatedNetInterest": 28500000, "calculatedOtherIncome": -44400000, "calculatedIncomeNonControlling": 0, "calculatedEbitda": 31100000}, {"date": "1992-12-31", "symbol": "SFNC", "reportedCurrency": "USD", "cik": "0000090498", "fillingDate": "1992-12-31", "acceptedDate": "1992-12-31 00:00:00", "calendarYear": "1992", "period": "FY", "revenue": 52100000, "costOfRevenue": 0, "grossProfit": 52100000, "grossProfitRatio": 1, "researchAndDevelopmentExpenses": 0, "generalAndAdministrativeExpenses": 18700000, "sellingAndMarketingExpenses": 0, "sellingGeneralAndAdministrativeExpenses": 18700000, "otherExpenses": 0, "operatingExpenses": 18700000, "costAndExpenses": 18700000, "interestIncome": 47900000, "interestExpense": 19600000, "depreciationAndAmortization": 3400000, "ebitda": 33400000, "ebitdaratio": 0.641074856, "operatingIncome": 30000000, "operatingIncomeRatio": 0.575815739, "totalOtherIncomeExpensesNet": 10400000, "incomeBeforeTax": 10400000, "incomeBeforeTaxRatio": 0.1996161228, "incomeTaxExpense": 2900000, "netIncome": 7500000, "netIncomeRatio": 0.1439539347, "eps": 0.43, "epsdiluted": 0.43, "weightedAverageShsOut": 17341040, "weightedAverageShsOutDil": 17341040, "link": null, "finalLink": null, "calculatedOtherExpenses": 3400000, "calculatedOperatingExpenses": 22100000, "calculatedNetInterest": 28300000, "calculatedOtherIncome": -47900000, "calculatedIncomeNonControlling": 0, "calculatedEbitda": 33400000}, {"date": "1991-12-31", "symbol": "SFNC", "reportedCurrency": "USD", "cik": "0000090498", "fillingDate": "1991-12-31", "acceptedDate": "1991-12-31 00:00:00", "calendarYear": "1991", "period": "FY", "revenue": 45600000, "costOfRevenue": 0, "grossProfit": 45600000, "grossProfitRatio": 1, "researchAndDevelopmentExpenses": 0, "generalAndAdministrativeExpenses": 16600000, "sellingAndMarketingExpenses": 0, "sellingGeneralAndAdministrativeExpenses": 16600000, "otherExpenses": 0, "operatingExpenses": 16600000, "costAndExpenses": 16600000, "interestIncome": 50900000, "interestExpense": 27100000, "depreciationAndAmortization": 1800000, "ebitda": 36100000, "ebitdaratio": 0.7916666667, "operatingIncome": 34300000, "operatingIncomeRatio": 0.7521929825, "totalOtherIncomeExpensesNet": 7200000, "incomeBeforeTax": 7200000, "incomeBeforeTaxRatio": 0.1578947368, "incomeTaxExpense": 1900000, "netIncome": 5300000, "netIncomeRatio": 0.1162280702, "eps": 0.32, "epsdiluted": 0.32, "weightedAverageShsOut": 16825397, "weightedAverageShsOutDil": 16825397, "link": null, "finalLink": null, "calculatedOtherExpenses": -5300000, "calculatedOperatingExpenses": 11300000, "calculatedNetInterest": 23800000, "calculatedOtherIncome": -50900000, "calculatedIncomeNonControlling": 0, "calculatedEbitda": 36100000}, {"date": "1990-12-31", "symbol": "SFNC", "reportedCurrency": "USD", "cik": "0000090498", "fillingDate": "1990-12-31", "acceptedDate": "1990-12-31 00:00:00", "calendarYear": "1990", "period": "FY", "revenue": 0, "costOfRevenue": 0, "grossProfit": 0, "grossProfitRatio": 0, "researchAndDevelopmentExpenses": 0, "generalAndAdministrativeExpenses": 0, "sellingAndMarketingExpenses": 0, "sellingGeneralAndAdministrativeExpenses": 0, "otherExpenses": 4400000, "operatingExpenses": 4400000, "costAndExpenses": 4400000, "interestIncome": 0, "interestExpense": 0, "depreciationAndAmortization": 0, "ebitda": 4400000, "ebitdaratio": 0, "operatingIncome": 4400000, "operatingIncomeRatio": 0, "totalOtherIncomeExpensesNet": 0, "incomeBeforeTax": 4400000, "incomeBeforeTaxRatio": 0, "incomeTaxExpense": -4400000, "netIncome": 4400000, "netIncomeRatio": 0, "eps": 0.26, "epsdiluted": 0.26, "weightedAverageShsOut": 16923077, "weightedAverageShsOutDil": 16923077, "link": null, "finalLink": null, "calculatedOtherExpenses": -4400000, "calculatedOperatingExpenses": -4400000, "calculatedNetInterest": 0, "calculatedOtherIncome": 0, "calculatedIncomeNonControlling": 4400000, "calculatedEbitda": 4400000}, {"date": "1989-12-31", "symbol": "SFNC", "reportedCurrency": "USD", "cik": "0000090498", "fillingDate": "1989-12-31", "acceptedDate": "1989-12-31 00:00:00", "calendarYear": "1989", "period": "FY", "revenue": 0, "costOfRevenue": 0, "grossProfit": 0, "grossProfitRatio": 0, "researchAndDevelopmentExpenses": 0, "generalAndAdministrativeExpenses": 0, "sellingAndMarketingExpenses": 0, "sellingGeneralAndAdministrativeExpenses": 0, "otherExpenses": 3100000, "operatingExpenses": 3100000, "costAndExpenses": 3100000, "interestIncome": 0, "interestExpense": 0, "depreciationAndAmortization": 0, "ebitda": 3100000, "ebitdaratio": 0, "operatingIncome": 3100000, "operatingIncomeRatio": 0, "totalOtherIncomeExpensesNet": 0, "incomeBeforeTax": 3100000, "incomeBeforeTaxRatio": 0, "incomeTaxExpense": -3100000, "netIncome": 3100000, "netIncomeRatio": 0, "eps": 0.18, "epsdiluted": 0.18, "weightedAverageShsOut": 16756757, "weightedAverageShsOutDil": 16756757, "link": null, "finalLink": null, "calculatedOtherExpenses": -3100000, "calculatedOperatingExpenses": -3100000, "calculatedNetInterest": 0, "calculatedOtherIncome": 0, "calculatedIncomeNonControlling": 3100000, "calculatedEbitda": 3100000}, {"date": "1988-12-31", "symbol": "SFNC", "reportedCurrency": "USD", "cik": "0000090498", "fillingDate": "1988-12-31", "acceptedDate": "1988-12-31 00:00:00", "calendarYear": "1988", "period": "FY", "revenue": 0, "costOfRevenue": 0, "grossProfit": 0, "grossProfitRatio": 0, "researchAndDevelopmentExpenses": 0, "generalAndAdministrativeExpenses": 0, "sellingAndMarketingExpenses": 0, "sellingGeneralAndAdministrativeExpenses": 0, "otherExpenses": 3400000, "operatingExpenses": 3400000, "costAndExpenses": 3400000, "interestIncome": 0, "interestExpense": 0, "depreciationAndAmortization": 0, "ebitda": 3400000, "ebitdaratio": 0, "operatingIncome": 3400000, "operatingIncomeRatio": 0, "totalOtherIncomeExpensesNet": 0, "incomeBeforeTax": 3400000, "incomeBeforeTaxRatio": 0, "incomeTaxExpense": -3400000, "netIncome": 3400000, "netIncomeRatio": 0, "eps": 0.2, "epsdiluted": 0.2, "weightedAverageShsOut": 16585366, "weightedAverageShsOutDil": 16585366, "link": null, "finalLink": null, "calculatedOtherExpenses": -3400000, "calculatedOperatingExpenses": -3400000, "calculatedNetInterest": 0, "calculatedOtherIncome": 0, "calculatedIncomeNonControlling": 3400000, "calculatedEbitda": 3400000}]}