{"originalCurrency": "USD", "convertedCurrency": "USD", "report": [{"date": "2023-12-31", "symbol": "SGRY", "reportedCurrency": "USD", "cik": "0001638833", "fillingDate": "2024-02-26", "acceptedDate": "2024-02-26 16:45:06", "calendarYear": "2023", "period": "FY", "revenue": 2743300000, "costOfRevenue": 2213900000, "grossProfit": 529400000, "grossProfitRatio": 0.1929792586, "researchAndDevelopmentExpenses": 0, "generalAndAdministrativeExpenses": 120900000, "sellingAndMarketingExpenses": 0, "sellingGeneralAndAdministrativeExpenses": 120900000, "otherExpenses": 6400000, "operatingExpenses": 120900000, "costAndExpenses": 2334800000, "interestIncome": 0, "interestExpense": 227700000, "depreciationAndAmortization": 118100000, "ebitda": 526600000, "ebitdaratio": 0.19195859, "operatingIncome": 408500000, "operatingIncomeRatio": 0.1489082492, "totalOtherIncomeExpensesNet": -273500000, "incomeBeforeTax": 135000000, "incomeBeforeTaxRatio": 0.0492108045, "incomeTaxExpense": -300000, "netIncome": -11900000, "netIncomeRatio": -0.0043378413, "eps": -0.0947, "epsdiluted": -0.0947, "weightedAverageShsOut": 125613000, "weightedAverageShsOutDil": 125613000, "link": "https://www.sec.gov/Archives/edgar/data/1638833/000163883324000029/0001638833-24-000029-index.htm", "finalLink": "https://www.sec.gov/Archives/edgar/data/1638833/000163883324000029/sgry-20231231.htm", "calculatedOtherExpenses": 0, "calculatedOperatingExpenses": 120900000, "calculatedNetInterest": -227700000, "calculatedOtherIncome": -45800000, "calculatedIncomeNonControlling": 147200000, "calculatedEbitda": 526600000}, {"date": "2022-12-31", "symbol": "SGRY", "reportedCurrency": "USD", "cik": "0001638833", "fillingDate": "2023-03-01", "acceptedDate": "2023-03-01 09:46:13", "calendarYear": "2022", "period": "FY", "revenue": 2539300000, "costOfRevenue": 1964400000, "grossProfit": 574900000, "grossProfitRatio": 0.2264009766, "researchAndDevelopmentExpenses": 0, "generalAndAdministrativeExpenses": 102200000, "sellingAndMarketingExpenses": 0, "sellingGeneralAndAdministrativeExpenses": 102200000, "otherExpenses": 112400000, "operatingExpenses": 214600000, "costAndExpenses": 2179000000, "interestIncome": 227000000, "interestExpense": 234900000, "depreciationAndAmortization": 159000000, "ebitda": 504200000, "ebitdaratio": 0.1985586579, "operatingIncome": 345200000, "operatingIncomeRatio": 0.1359429764, "totalOtherIncomeExpensesNet": -234900000, "incomeBeforeTax": 110300000, "incomeBeforeTaxRatio": 0.0434371677, "incomeTaxExpense": 23300000, "netIncome": 87000000, "netIncomeRatio": 0.0342614106, "eps": 0.95, "epsdiluted": 0.95, "weightedAverageShsOut": 91952000, "weightedAverageShsOutDil": 91952000, "link": "https://www.sec.gov/Archives/edgar/data/1638833/000163883323000021/0001638833-23-000021-index.htm", "finalLink": "https://www.sec.gov/Archives/edgar/data/1638833/000163883323000021/sgry-20221231.htm", "calculatedOtherExpenses": 127500000, "calculatedOperatingExpenses": 229700000, "calculatedNetInterest": -7900000, "calculatedOtherIncome": -227000000, "calculatedIncomeNonControlling": 0, "calculatedEbitda": 504200000}, {"date": "2021-12-31", "symbol": "SGRY", "reportedCurrency": "USD", "cik": "0001638833", "fillingDate": "2022-03-01", "acceptedDate": "2022-03-01 16:10:34", "calendarYear": "2021", "period": "FY", "revenue": 2225100000, "costOfRevenue": 1733700000, "grossProfit": 491400000, "grossProfitRatio": 0.220844007, "researchAndDevelopmentExpenses": 0, "generalAndAdministrativeExpenses": 104000000, "sellingAndMarketingExpenses": 0, "sellingGeneralAndAdministrativeExpenses": 104000000, "otherExpenses": 60900000, "operatingExpenses": 164900000, "costAndExpenses": 1898600000, "interestIncome": 220900000, "interestExpense": 221000000, "depreciationAndAmortization": 149900000, "ebitda": 452100000, "ebitdaratio": 0.2031818795, "operatingIncome": 302200000, "operatingIncomeRatio": 0.1358141207, "totalOtherIncomeExpensesNet": -221000000, "incomeBeforeTax": 81200000, "incomeBeforeTaxRatio": 0.0364927419, "incomeTaxExpense": 10500000, "netIncome": 70700000, "netIncomeRatio": 0.0317738529, "eps": 0.98, "epsdiluted": 0.98, "weightedAverageShsOut": 72427000, "weightedAverageShsOutDil": 72427000, "link": "https://www.sec.gov/Archives/edgar/data/1638833/000163883322000019/0001638833-22-000019-index.htm", "finalLink": "https://www.sec.gov/Archives/edgar/data/1638833/000163883322000019/sgry-20211231.htm", "calculatedOtherExpenses": 85200000, "calculatedOperatingExpenses": 189200000, "calculatedNetInterest": -100000, "calculatedOtherIncome": -220900000, "calculatedIncomeNonControlling": 0, "calculatedEbitda": 452100000}, {"date": "2020-12-31", "symbol": "SGRY", "reportedCurrency": "USD", "cik": "0001638833", "fillingDate": "2021-03-10", "acceptedDate": "2021-03-10 17:22:22", "calendarYear": "2020", "period": "FY", "revenue": 1860100000, "costOfRevenue": 1480300000, "grossProfit": 379800000, "grossProfitRatio": 0.2041825708, "researchAndDevelopmentExpenses": 0, "generalAndAdministrativeExpenses": 97100000, "sellingAndMarketingExpenses": 0, "sellingGeneralAndAdministrativeExpenses": 97100000, "otherExpenses": 48600000, "operatingExpenses": 145700000, "costAndExpenses": 1626000000, "interestIncome": 201800000, "interestExpense": 201800000, "depreciationAndAmortization": 94800000, "ebitda": 341400000, "ebitdaratio": 0.1835385194, "operatingIncome": 246600000, "operatingIncomeRatio": 0.1325735176, "totalOtherIncomeExpensesNet": -265400000, "incomeBeforeTax": -18800000, "incomeBeforeTaxRatio": -0.0101069835, "incomeTaxExpense": -20100000, "netIncome": 1300000, "netIncomeRatio": 0.0006988872, "eps": 0.0267, "epsdiluted": 0.0267, "weightedAverageShsOut": 48776000, "weightedAverageShsOutDil": 48776000, "link": "https://www.sec.gov/Archives/edgar/data/1638833/000163883321000034/0001638833-21-000034-index.htm", "finalLink": "https://www.sec.gov/Archives/edgar/data/1638833/000163883321000034/sgry-20201231.htm", "calculatedOtherExpenses": 36100000, "calculatedOperatingExpenses": 133200000, "calculatedNetInterest": 0, "calculatedOtherIncome": -265400000, "calculatedIncomeNonControlling": 0, "calculatedEbitda": 341400000}, {"date": "2019-12-31", "symbol": "SGRY", "reportedCurrency": "USD", "cik": "0001638833", "fillingDate": "2020-03-13", "acceptedDate": "2020-03-13 16:28:17", "calendarYear": "2019", "period": "FY", "revenue": 1831400000, "costOfRevenue": 1407600000, "grossProfit": 423800000, "grossProfitRatio": 0.2314076663, "researchAndDevelopmentExpenses": 0, "generalAndAdministrativeExpenses": 88600000, "sellingAndMarketingExpenses": 0, "sellingGeneralAndAdministrativeExpenses": 88600000, "otherExpenses": 75100000, "operatingExpenses": 163700000, "costAndExpenses": 1571300000, "interestIncome": 178900000, "interestExpense": 178900000, "depreciationAndAmortization": 108500000, "ebitda": 344400000, "ebitdaratio": 0.1880528557, "operatingIncome": 235900000, "operatingIncomeRatio": 0.1288085618, "totalOtherIncomeExpensesNet": -181300000, "incomeBeforeTax": 54600000, "incomeBeforeTaxRatio": 0.0298132576, "incomeTaxExpense": 8500000, "netIncome": 46100000, "netIncomeRatio": 0.0251719996, "eps": 0.95, "epsdiluted": 0.95, "weightedAverageShsOut": 48280000, "weightedAverageShsOutDil": 48280000, "link": "https://www.sec.gov/Archives/edgar/data/1638833/000163883320000012/0001638833-20-000012-index.htm", "finalLink": "https://www.sec.gov/Archives/edgar/data/1638833/000163883320000012/a201910-kfiling.htm", "calculatedOtherExpenses": 99300000, "calculatedOperatingExpenses": 187900000, "calculatedNetInterest": 0, "calculatedOtherIncome": -181300000, "calculatedIncomeNonControlling": 0, "calculatedEbitda": 344400000}, {"date": "2018-12-31", "symbol": "SGRY", "reportedCurrency": "USD", "cik": "0001638833", "fillingDate": "2019-03-15", "acceptedDate": "2019-03-15 16:54:01", "calendarYear": "2018", "period": "FY", "revenue": 1771456000, "costOfRevenue": 1361431000, "grossProfit": 410025000, "grossProfitRatio": 0.2314621419, "researchAndDevelopmentExpenses": 0, "generalAndAdministrativeExpenses": 93558000, "sellingAndMarketingExpenses": 0, "sellingGeneralAndAdministrativeExpenses": 93558000, "otherExpenses": 63672000, "operatingExpenses": 157230000, "costAndExpenses": 1518661000, "interestIncome": 0, "interestExpense": 147003000, "depreciationAndAmortization": 67440000, "ebitda": 329133000, "ebitdaratio": 0.1857980102, "operatingIncome": 77838000, "operatingIncomeRatio": 0.0439401261, "totalOtherIncomeExpensesNet": -174957000, "incomeBeforeTax": -69165000, "incomeBeforeTaxRatio": -0.0390441535, "incomeTaxExpense": 26461000, "netIncome": -205706000, "netIncomeRatio": -0.1161225568, "eps": -4.28, "epsdiluted": -4.28, "weightedAverageShsOut": 48027875, "weightedAverageShsOutDil": 48027875, "link": "https://www.sec.gov/Archives/edgar/data/1638833/000163883319000006/0001638833-19-000006-index.htm", "finalLink": "https://www.sec.gov/Archives/edgar/data/1638833/000163883319000006/a201810-kfiling.htm", "calculatedOtherExpenses": 238629000, "calculatedOperatingExpenses": 332187000, "calculatedNetInterest": -147003000, "calculatedOtherIncome": 0, "calculatedIncomeNonControlling": 110080000, "calculatedEbitda": 145278000}, {"date": "2017-12-31", "symbol": "SGRY", "reportedCurrency": "USD", "cik": "0001638833", "fillingDate": "2018-03-16", "acceptedDate": "2018-03-16 16:58:18", "calendarYear": "2017", "period": "FY", "revenue": 1341219000, "costOfRevenue": 1013800000, "grossProfit": 327419000, "grossProfitRatio": 0.2441204606, "researchAndDevelopmentExpenses": 0, "generalAndAdministrativeExpenses": 75950000, "sellingAndMarketingExpenses": 0, "sellingGeneralAndAdministrativeExpenses": 75950000, "otherExpenses": 25329000, "operatingExpenses": 156368000, "costAndExpenses": 1170168000, "interestIncome": 0, "interestExpense": 117669000, "depreciationAndAmortization": 51928000, "ebitda": 254775000, "ebitdaratio": 0.1899577921, "operatingIncome": 158234000, "operatingIncomeRatio": 0.1179777501, "totalOtherIncomeExpensesNet": 28904000, "incomeBeforeTax": 82286000, "incomeBeforeTaxRatio": 0.061351651, "incomeTaxExpense": 53550000, "netIncome": -52985000, "netIncomeRatio": -0.0395051069, "eps": -1.09, "epsdiluted": -1.08, "weightedAverageShsOut": 48687136, "weightedAverageShsOutDil": 48997136, "link": "https://www.sec.gov/Archives/edgar/data/1638833/000163883318000004/0001638833-18-000004-index.htm", "finalLink": "https://www.sec.gov/Archives/edgar/data/1638833/000163883318000004/a201710-kfiling.htm", "calculatedOtherExpenses": 93235000, "calculatedOperatingExpenses": 169185000, "calculatedNetInterest": -117669000, "calculatedOtherIncome": 41721000, "calculatedIncomeNonControlling": 81721000, "calculatedEbitda": 210162000}, {"date": "2016-12-31", "symbol": "SGRY", "reportedCurrency": "USD", "cik": "0001638833", "fillingDate": "2017-03-10", "acceptedDate": "2017-03-10 17:09:52", "calendarYear": "2016", "period": "FY", "revenue": 1145438000, "costOfRevenue": 821196000, "grossProfit": 324242000, "grossProfitRatio": 0.2830725015, "researchAndDevelopmentExpenses": 0, "generalAndAdministrativeExpenses": 60246000, "sellingAndMarketingExpenses": 0, "sellingGeneralAndAdministrativeExpenses": 60246000, "otherExpenses": -3733000, "operatingExpenses": 123656000, "costAndExpenses": 944852000, "interestIncome": 0, "interestExpense": 100571000, "depreciationAndAmortization": 39551000, "ebitda": 241168000, "ebitdaratio": 0.2105465333, "operatingIncome": 196482000, "operatingIncomeRatio": 0.1715343825, "totalOtherIncomeExpensesNet": -7837000, "incomeBeforeTax": 92178000, "incomeBeforeTaxRatio": 0.0804740195, "incomeTaxExpense": 7095000, "netIncome": 9453000, "netIncomeRatio": 0.0082527383, "eps": 0.2, "epsdiluted": 0.2, "weightedAverageShsOut": 48018944, "weightedAverageShsOutDil": 48190738, "link": "https://www.sec.gov/Archives/edgar/data/1638833/000163883317000007/0001638833-17-000007-index.htm", "finalLink": "https://www.sec.gov/Archives/edgar/data/1638833/000163883317000007/a201610-kfiling.htm", "calculatedOtherExpenses": 67514000, "calculatedOperatingExpenses": 127760000, "calculatedNetInterest": -100571000, "calculatedOtherIncome": -3733000, "calculatedIncomeNonControlling": 75630000, "calculatedEbitda": 236033000}, {"date": "2015-12-31", "symbol": "SGRY", "reportedCurrency": "USD", "cik": "0001638833", "fillingDate": "2016-03-11", "acceptedDate": "2016-03-11 16:38:30", "calendarYear": "2015", "period": "FY", "revenue": 959891000, "costOfRevenue": 669326000, "grossProfit": 290565000, "grossProfitRatio": 0.3027062448, "researchAndDevelopmentExpenses": 0, "generalAndAdministrativeExpenses": 55992000, "sellingAndMarketingExpenses": 0, "sellingGeneralAndAdministrativeExpenses": 55992000, "otherExpenses": -119911000, "operatingExpenses": 111829000, "costAndExpenses": 781155000, "interestIncome": 0, "interestExpense": 100980000, "depreciationAndAmortization": 34545000, "ebitda": 97147000, "ebitdaratio": 0.1012062828, "operatingIncome": 144754000, "operatingIncomeRatio": 0.150802539, "totalOtherIncomeExpensesNet": -153893000, "incomeBeforeTax": -76137000, "incomeBeforeTaxRatio": -0.0793183809, "incomeTaxExpense": -148982000, "netIncome": 1429000, "netIncomeRatio": 0.0014887107, "eps": 0.04, "epsdiluted": 0.04, "weightedAverageShsOut": 36066233, "weightedAverageShsOutDil": 37464387, "link": "https://www.sec.gov/Archives/edgar/data/1638833/000163883316000019/0001638833-16-000019-index.htm", "finalLink": "https://www.sec.gov/Archives/edgar/data/1638833/000163883316000019/a201510-kfiling.htm", "calculatedOtherExpenses": 89819000, "calculatedOperatingExpenses": 145811000, "calculatedNetInterest": -100980000, "calculatedOtherIncome": -119911000, "calculatedIncomeNonControlling": 71416000, "calculatedEbitda": 179299000}, {"date": "2014-12-31", "symbol": "SGRY", "reportedCurrency": "USD", "cik": "0001638833", "fillingDate": "2014-12-31", "acceptedDate": "2014-12-30 19:00:00", "calendarYear": "2014", "period": "FY", "revenue": 403289000, "costOfRevenue": 254178000, "grossProfit": 149111000, "grossProfitRatio": 0.3697373348, "researchAndDevelopmentExpenses": 0, "generalAndAdministrativeExpenses": 31452000, "sellingAndMarketingExpenses": 0, "sellingGeneralAndAdministrativeExpenses": 31452000, "otherExpenses": 21208000, "operatingExpenses": 52660000, "costAndExpenses": 306838000, "interestIncome": 0, "interestExpense": 62101000, "depreciationAndAmortization": 15061000, "ebitda": 112776000, "ebitdaratio": 0.2796406547, "operatingIncome": 50807000, "operatingIncomeRatio": 0.1259816162, "totalOtherIncomeExpensesNet": -45644000, "incomeBeforeTax": -11294000, "incomeBeforeTaxRatio": -0.0280047311, "incomeTaxExpense": 15758000, "netIncome": -65897000, "netIncomeRatio": -0.1633989521, "eps": -1.37, "epsdiluted": -1.37, "weightedAverageShsOut": 48156990, "weightedAverageShsOutDil": 48156990, "link": "", "finalLink": "", "calculatedOtherExpenses": 66852000, "calculatedOperatingExpenses": 98304000, "calculatedNetInterest": -62101000, "calculatedOtherIncome": 0, "calculatedIncomeNonControlling": 38845000, "calculatedEbitda": 65868000}, {"date": "2013-12-31", "symbol": "SGRY", "reportedCurrency": "USD", "cik": "0001638833", "fillingDate": "2013-12-31", "acceptedDate": "2013-12-30 19:00:00", "calendarYear": "2013", "period": "FY", "revenue": 284599000, "costOfRevenue": 169844000, "grossProfit": 114755000, "grossProfitRatio": 0.4032164554, "researchAndDevelopmentExpenses": 0, "generalAndAdministrativeExpenses": 26339000, "sellingAndMarketingExpenses": 0, "sellingGeneralAndAdministrativeExpenses": 26339000, "otherExpenses": 17845000, "operatingExpenses": 44184000, "costAndExpenses": 214028000, "interestIncome": 0, "interestExpense": 32929000, "depreciationAndAmortization": 11663000, "ebitda": 82234000, "ebitdaratio": 0.2889469042, "operatingIncome": 58226000, "operatingIncomeRatio": 0.2045896156, "totalOtherIncomeExpensesNet": -12345000, "incomeBeforeTax": 25297000, "incomeBeforeTaxRatio": 0.0888864683, "incomeTaxExpense": 7570000, "netIncome": -9062000, "netIncomeRatio": -0.0318412925, "eps": -0.19, "epsdiluted": -0.19, "weightedAverageShsOut": 48156990, "weightedAverageShsOutDil": 48156990, "link": "", "finalLink": "", "calculatedOtherExpenses": 30190000, "calculatedOperatingExpenses": 56529000, "calculatedNetInterest": -32929000, "calculatedOtherIncome": 0, "calculatedIncomeNonControlling": 26789000, "calculatedEbitda": 69889000}, {"date": "2012-12-31", "symbol": "SGRY", "reportedCurrency": "USD", "cik": "0001638833", "fillingDate": "2012-12-31", "acceptedDate": "2012-12-30 19:00:00", "calendarYear": "2012", "period": "FY", "revenue": 260215000, "costOfRevenue": 159346000, "grossProfit": 100869000, "grossProfitRatio": 0.3876371462, "researchAndDevelopmentExpenses": 0, "generalAndAdministrativeExpenses": 25263000, "sellingAndMarketingExpenses": 0, "sellingGeneralAndAdministrativeExpenses": 25263000, "otherExpenses": 14321000, "operatingExpenses": 39584000, "costAndExpenses": 198930000, "interestIncome": 0, "interestExpense": 28482000, "depreciationAndAmortization": 11208000, "ebitda": 72493000, "ebitdaratio": 0.2785888592, "operatingIncome": 60453000, "operatingIncomeRatio": 0.2323194282, "totalOtherIncomeExpensesNet": -832000, "incomeBeforeTax": 31971000, "incomeBeforeTaxRatio": 0.1228637857, "incomeTaxExpense": 6110000, "netIncome": 1916000, "netIncomeRatio": 0.007363142, "eps": 0.0398, "epsdiluted": 0.0398, "weightedAverageShsOut": 48156990, "weightedAverageShsOutDil": 48156990, "link": "", "finalLink": "", "calculatedOtherExpenses": 15153000, "calculatedOperatingExpenses": 40416000, "calculatedNetInterest": -28482000, "calculatedOtherIncome": 0, "calculatedIncomeNonControlling": 23945000, "calculatedEbitda": 71661000}]}