{"originalCurrency": "USD", "convertedCurrency": "USD", "report": [{"date": "2023-12-31", "symbol": "SHO", "reportedCurrency": "USD", "cik": "0001295810", "fillingDate": "2024-02-23", "acceptedDate": "2024-02-23 15:13:38", "calendarYear": "2023", "period": "FY", "revenue": 985980000, "costOfRevenue": 767578000, "grossProfit": 218402000, "grossProfitRatio": 0.2215075356, "researchAndDevelopmentExpenses": 0, "generalAndAdministrativeExpenses": 151659000, "sellingAndMarketingExpenses": 51958000, "sellingGeneralAndAdministrativeExpenses": 51958000, "otherExpenses": -100498000, "operatingExpenses": 100498000, "costAndExpenses": 414746000, "interestIncome": 10535000, "interestExpense": 51427000, "depreciationAndAmortization": 127062000, "ebitda": 244966000, "ebitdaratio": 0.2484492586, "operatingIncome": 117904000, "operatingIncomeRatio": 0.1195805189, "totalOtherIncomeExpensesNet": 93366000, "incomeBeforeTax": 211270000, "incomeBeforeTaxRatio": 0.2142741232, "incomeTaxExpense": 4562000, "netIncome": 206708000, "netIncomeRatio": 0.2096472545, "eps": 0.93, "epsdiluted": 0.93, "weightedAverageShsOut": 205590000, "weightedAverageShsOutDil": 205865000, "link": "https://www.sec.gov/Archives/edgar/data/1295810/000155837024001615/0001558370-24-001615-index.htm", "finalLink": "https://www.sec.gov/Archives/edgar/data/1295810/000155837024001615/sho-20231231x10k.htm", "calculatedOtherExpenses": 48540000, "calculatedOperatingExpenses": 100498000, "calculatedNetInterest": -40892000, "calculatedOtherIncome": 134258000, "calculatedIncomeNonControlling": 0, "calculatedEbitda": 244966000}, {"date": "2022-12-31", "symbol": "SHO", "reportedCurrency": "USD", "cik": "0001295810", "fillingDate": "2023-02-23", "acceptedDate": "2023-02-23 14:40:40", "calendarYear": "2022", "period": "FY", "revenue": 912053000, "costOfRevenue": 448556000, "grossProfit": 463497000, "grossProfitRatio": 0.5081908617, "researchAndDevelopmentExpenses": 0, "generalAndAdministrativeExpenses": 148582000, "sellingAndMarketingExpenses": 46979000, "sellingGeneralAndAdministrativeExpenses": 195561000, "otherExpenses": 168592000, "operatingExpenses": 364153000, "costAndExpenses": 812709000, "interestIncome": 5242000, "interestExpense": 32005000, "depreciationAndAmortization": 126396000, "ebitda": 230982000, "ebitdaratio": 0.2532550192, "operatingIncome": 104586000, "operatingIncomeRatio": 0.1146709676, "totalOtherIncomeExpensesNet": -13461000, "incomeBeforeTax": 91125000, "incomeBeforeTaxRatio": 0.0999119569, "incomeTaxExpense": 359000, "netIncome": 87289000, "netIncomeRatio": 0.0957060609, "eps": 0.34, "epsdiluted": 0.34, "weightedAverageShsOut": 212613000, "weightedAverageShsOutDil": 212653000, "link": "https://www.sec.gov/Archives/edgar/data/1295810/000155837023001869/0001558370-23-001869-index.htm", "finalLink": "https://www.sec.gov/Archives/edgar/data/1295810/000155837023001869/sho-20221231x10k.htm", "calculatedOtherExpenses": 163350000, "calculatedOperatingExpenses": 358911000, "calculatedNetInterest": -26763000, "calculatedOtherIncome": 13302000, "calculatedIncomeNonControlling": 3477000, "calculatedEbitda": 230982000}, {"date": "2021-12-31", "symbol": "SHO", "reportedCurrency": "USD", "cik": "0001295810", "fillingDate": "2022-02-23", "acceptedDate": "2022-02-23 14:03:24", "calendarYear": "2021", "period": "FY", "revenue": 509150000, "costOfRevenue": 290966000, "grossProfit": 218184000, "grossProfitRatio": 0.4285259747, "researchAndDevelopmentExpenses": 0, "generalAndAdministrativeExpenses": 111684000, "sellingAndMarketingExpenses": 31156000, "sellingGeneralAndAdministrativeExpenses": 142840000, "otherExpenses": 160781000, "operatingExpenses": 303621000, "costAndExpenses": 594587000, "interestIncome": 3405000, "interestExpense": 31241000, "depreciationAndAmortization": 128682000, "ebitda": 43245000, "ebitdaratio": 0.0849356771, "operatingIncome": -85437000, "operatingIncomeRatio": -0.1678032014, "totalOtherIncomeExpensesNet": 118541000, "incomeBeforeTax": 33104000, "incomeBeforeTaxRatio": 0.0650181675, "incomeTaxExpense": 109000, "netIncome": 34298000, "netIncomeRatio": 0.0673632525, "eps": 0.16, "epsdiluted": 0.16, "weightedAverageShsOut": 216296000, "weightedAverageShsOutDil": 216296000, "link": "https://www.sec.gov/Archives/edgar/data/1295810/000155837022001708/0001558370-22-001708-index.htm", "finalLink": "https://www.sec.gov/Archives/edgar/data/1295810/000155837022001708/sho-20211231x10k.htm", "calculatedOtherExpenses": 160781000, "calculatedOperatingExpenses": 303621000, "calculatedNetInterest": -27836000, "calculatedOtherIncome": 146377000, "calculatedIncomeNonControlling": -1303000, "calculatedEbitda": 43245000}, {"date": "2020-12-31", "symbol": "SHO", "reportedCurrency": "USD", "cik": "0001295810", "fillingDate": "2021-02-12", "acceptedDate": "2021-02-12 14:06:23", "calendarYear": "2020", "period": "FY", "revenue": 267906000, "costOfRevenue": 251685000, "grossProfit": 16221000, "grossProfitRatio": 0.0605473562, "researchAndDevelopmentExpenses": 0, "generalAndAdministrativeExpenses": 78003000, "sellingAndMarketingExpenses": 23741000, "sellingGeneralAndAdministrativeExpenses": 101744000, "otherExpenses": 161422000, "operatingExpenses": 263166000, "costAndExpenses": 514851000, "interestIncome": 2836000, "interestExpense": 53307000, "depreciationAndAmortization": 137051000, "ebitda": -107058000, "ebitdaratio": -0.3996103111, "operatingIncome": -244109000, "operatingIncomeRatio": -0.9111740685, "totalOtherIncomeExpensesNet": -159807000, "incomeBeforeTax": -403916000, "incomeBeforeTaxRatio": -1.5076780662, "incomeTaxExpense": 6590000, "netIncome": -410506000, "netIncomeRatio": -1.5322762461, "eps": -1.9, "epsdiluted": -1.9, "weightedAverageShsOut": 215934000, "weightedAverageShsOutDil": 215934000, "link": "https://www.sec.gov/Archives/edgar/data/1295810/000155837021000947/0001558370-21-000947-index.htm", "finalLink": "https://www.sec.gov/Archives/edgar/data/1295810/000155837021000947/sho-20201231x10k.htm", "calculatedOtherExpenses": 158586000, "calculatedOperatingExpenses": 260330000, "calculatedNetInterest": -50471000, "calculatedOtherIncome": -109336000, "calculatedIncomeNonControlling": 0, "calculatedEbitda": -107058000}, {"date": "2019-12-31", "symbol": "SHO", "reportedCurrency": "USD", "cik": "0001295810", "fillingDate": "2020-02-19", "acceptedDate": "2020-02-19 12:32:01", "calendarYear": "2019", "period": "FY", "revenue": 1115167000, "costOfRevenue": 530803000, "grossProfit": 584364000, "grossProfitRatio": 0.5240147888, "researchAndDevelopmentExpenses": 0, "generalAndAdministrativeExpenses": 160585000, "sellingAndMarketingExpenses": 54369000, "sellingGeneralAndAdministrativeExpenses": 214954000, "otherExpenses": 207324000, "operatingExpenses": 422278000, "costAndExpenses": 953081000, "interestIncome": 16557000, "interestExpense": 54223000, "depreciationAndAmortization": 147748000, "ebitda": 326391000, "ebitdaratio": 0.2926835174, "operatingIncome": 178643000, "operatingIncomeRatio": 0.160193944, "totalOtherIncomeExpensesNet": -36001000, "incomeBeforeTax": 142642000, "incomeBeforeTaxRatio": 0.1279108869, "incomeTaxExpense": -151000, "netIncome": 135733000, "netIncomeRatio": 0.1217154023, "eps": 0.54, "epsdiluted": 0.54, "weightedAverageShsOut": 225681000, "weightedAverageShsOutDil": 225681000, "link": "https://www.sec.gov/Archives/edgar/data/1295810/000155837020000962/0001558370-20-000962-index.htm", "finalLink": "https://www.sec.gov/Archives/edgar/data/1295810/000155837020000962/sho-20191231x10kd4cf15.htm", "calculatedOtherExpenses": 190767000, "calculatedOperatingExpenses": 405721000, "calculatedNetInterest": -37666000, "calculatedOtherIncome": 1665000, "calculatedIncomeNonControlling": 7060000, "calculatedEbitda": 326391000}, {"date": "2018-12-31", "symbol": "SHO", "reportedCurrency": "USD", "cik": "0001295810", "fillingDate": "2019-02-14", "acceptedDate": "2019-02-14 14:04:00", "calendarYear": "2018", "period": "FY", "revenue": 1159053000, "costOfRevenue": 546384000, "grossProfit": 612669000, "grossProfitRatio": 0.5285944646, "researchAndDevelopmentExpenses": 0, "generalAndAdministrativeExpenses": 162666000, "sellingAndMarketingExpenses": 55523000, "sellingGeneralAndAdministrativeExpenses": 218189000, "otherExpenses": 211196000, "operatingExpenses": 429385000, "costAndExpenses": 975769000, "interestIncome": 10500000, "interestExpense": 47690000, "depreciationAndAmortization": 146449000, "ebitda": 340233000, "ebitdaratio": 0.2935439536, "operatingIncome": 298851000, "operatingIncomeRatio": 0.2578406682, "totalOtherIncomeExpensesNet": 114732000, "incomeBeforeTax": 260826000, "incomeBeforeTaxRatio": 0.2250337129, "incomeTaxExpense": 1767000, "netIncome": 250445000, "netIncomeRatio": 0.2160772631, "eps": 1.11, "epsdiluted": 1.11, "weightedAverageShsOut": 225924000, "weightedAverageShsOutDil": 225924000, "link": "https://www.sec.gov/Archives/edgar/data/1295810/000155837019000674/0001558370-19-000674-index.htm", "finalLink": "https://www.sec.gov/Archives/edgar/data/1295810/000155837019000674/sho-20181231x10k.htm", "calculatedOtherExpenses": 95629000, "calculatedOperatingExpenses": 313818000, "calculatedNetInterest": -37190000, "calculatedOtherIncome": -835000, "calculatedIncomeNonControlling": 8614000, "calculatedEbitda": 445300000}, {"date": "2017-12-31", "symbol": "SHO", "reportedCurrency": "USD", "cik": "0001295810", "fillingDate": "2018-02-14", "acceptedDate": "2018-02-14 15:10:58", "calendarYear": "2017", "period": "FY", "revenue": 1193638000, "costOfRevenue": 560932000, "grossProfit": 632706000, "grossProfitRatio": 0.5300652292, "researchAndDevelopmentExpenses": 0, "generalAndAdministrativeExpenses": 167342000, "sellingAndMarketingExpenses": 58572000, "sellingGeneralAndAdministrativeExpenses": 225914000, "otherExpenses": 225734000, "operatingExpenses": 451648000, "costAndExpenses": 1012580000, "interestIncome": 4340000, "interestExpense": 51766000, "depreciationAndAmortization": 158634000, "ebitda": 344032000, "ebitdaratio": 0.2882213871, "operatingIncome": 141005000, "operatingIncomeRatio": 0.118130455, "totalOtherIncomeExpensesNet": 4597000, "incomeBeforeTax": 138229000, "incomeBeforeTaxRatio": 0.1158047917, "incomeTaxExpense": -7775000, "netIncome": 145376000, "netIncomeRatio": 0.1217923692, "eps": 0.59, "epsdiluted": 0.59, "weightedAverageShsOut": 221898000, "weightedAverageShsOutDil": 221898000, "link": "https://www.sec.gov/Archives/edgar/data/1295810/000155837018000688/0001558370-18-000688-index.htm", "finalLink": "https://www.sec.gov/Archives/edgar/data/1295810/000155837018000688/sho-20171231x10k.htm", "calculatedOtherExpenses": 265787000, "calculatedOperatingExpenses": 491701000, "calculatedNetInterest": -47426000, "calculatedOtherIncome": 44650000, "calculatedIncomeNonControlling": 628000, "calculatedEbitda": 299639000}, {"date": "2016-12-31", "symbol": "SHO", "reportedCurrency": "USD", "cik": "0001295810", "fillingDate": "2017-02-23", "acceptedDate": "2017-02-23 13:38:05", "calendarYear": "2016", "period": "FY", "revenue": 1189340000, "costOfRevenue": 560019000, "grossProfit": 629321000, "grossProfitRatio": 0.5291346461, "researchAndDevelopmentExpenses": 0, "generalAndAdministrativeExpenses": 168733000, "sellingAndMarketingExpenses": 60086000, "sellingGeneralAndAdministrativeExpenses": 228819000, "otherExpenses": 230087000, "operatingExpenses": 458906000, "costAndExpenses": 1018925000, "interestIncome": 1800000, "interestExpense": 50283000, "depreciationAndAmortization": 163016000, "ebitda": 335231000, "ebitdaratio": 0.2818630501, "operatingIncome": 170415000, "operatingIncomeRatio": 0.1432853515, "totalOtherIncomeExpensesNet": 18129000, "incomeBeforeTax": 140061000, "incomeBeforeTaxRatio": 0.1177636336, "incomeTaxExpense": -616000, "netIncome": 134197000, "netIncomeRatio": 0.112833168, "eps": 0.55, "epsdiluted": 0.55, "weightedAverageShsOut": 214966000, "weightedAverageShsOutDil": 214966000, "link": "https://www.sec.gov/Archives/edgar/data/1295810/000155837017000849/0001558370-17-000849-index.htm", "finalLink": "https://www.sec.gov/Archives/edgar/data/1295810/000155837017000849/sho-20161231x10k.htm", "calculatedOtherExpenses": 230087000, "calculatedOperatingExpenses": 458906000, "calculatedNetInterest": -48483000, "calculatedOtherIncome": 18129000, "calculatedIncomeNonControlling": 6480000, "calculatedEbitda": 333431000}, {"date": "2015-12-31", "symbol": "SHO", "reportedCurrency": "USD", "cik": "0001295810", "fillingDate": "2016-02-23", "acceptedDate": "2016-02-23 14:40:10", "calendarYear": "2015", "period": "FY", "revenue": 1249180000, "costOfRevenue": 591826000, "grossProfit": 657354000, "grossProfitRatio": 0.5262284058, "researchAndDevelopmentExpenses": 0, "generalAndAdministrativeExpenses": 175671000, "sellingAndMarketingExpenses": 61892000, "sellingGeneralAndAdministrativeExpenses": 237563000, "otherExpenses": 239355000, "operatingExpenses": 476918000, "costAndExpenses": 1068744000, "interestIncome": 3885000, "interestExpense": 66516000, "depreciationAndAmortization": 164716000, "ebitda": 349037000, "ebitdaratio": 0.2794128949, "operatingIncome": 180436000, "operatingIncomeRatio": 0.144443555, "totalOtherIncomeExpensesNet": 223253000, "incomeBeforeTax": 341058000, "incomeBeforeTaxRatio": 0.2730255047, "incomeTaxExpense": 1434000, "netIncome": 347355000, "netIncomeRatio": 0.2780664116, "eps": 1.62, "epsdiluted": 1.62, "weightedAverageShsOut": 207350000, "weightedAverageShsOutDil": 207350000, "link": "https://www.sec.gov/Archives/edgar/data/1295810/000155837016003377/0001558370-16-003377-index.htm", "finalLink": "https://www.sec.gov/Archives/edgar/data/1295810/000155837016003377/sho-20151231x10k.htm", "calculatedOtherExpenses": 239355000, "calculatedOperatingExpenses": 476918000, "calculatedNetInterest": -62631000, "calculatedOtherIncome": 223253000, "calculatedIncomeNonControlling": -7731000, "calculatedEbitda": 345152000}, {"date": "2014-12-31", "symbol": "SHO", "reportedCurrency": "USD", "cik": "0001295810", "fillingDate": "2015-02-19", "acceptedDate": "2015-02-19 15:22:09", "calendarYear": "2014", "period": "FY", "revenue": 1141998000, "costOfRevenue": 546530000, "grossProfit": 595468000, "grossProfitRatio": 0.5214264824, "researchAndDevelopmentExpenses": 0, "generalAndAdministrativeExpenses": 155476000, "sellingAndMarketingExpenses": 54992000, "sellingGeneralAndAdministrativeExpenses": 210468000, "otherExpenses": 228257000, "operatingExpenses": 438725000, "costAndExpenses": 985255000, "interestIncome": 3479000, "interestExpense": 72315000, "depreciationAndAmortization": 155845000, "ebitda": 316067000, "ebitdaratio": 0.2767666844, "operatingIncome": 156743000, "operatingIncomeRatio": 0.1372533052, "totalOtherIncomeExpensesNet": -4638000, "incomeBeforeTax": 83269000, "incomeBeforeTaxRatio": 0.072915189, "incomeTaxExpense": 179000, "netIncome": 81263000, "netIncomeRatio": 0.0711586185, "eps": 0.37, "epsdiluted": 0.37, "weightedAverageShsOut": 192674000, "weightedAverageShsOutDil": 192674000, "link": "https://www.sec.gov/Archives/edgar/data/1295810/000155837015000098/0001558370-15-000098-index.htm", "finalLink": "https://www.sec.gov/Archives/edgar/data/1295810/000155837015000098/sho-20141231x10k.htm", "calculatedOtherExpenses": 228257000, "calculatedOperatingExpenses": 438725000, "calculatedNetInterest": -68836000, "calculatedOtherIncome": -4638000, "calculatedIncomeNonControlling": 1827000, "calculatedEbitda": 312588000}, {"date": "2013-12-31", "symbol": "SHO", "reportedCurrency": "USD", "cik": "0001295810", "fillingDate": "2014-02-25", "acceptedDate": "2014-02-25 12:54:34", "calendarYear": "2013", "period": "FY", "revenue": 923824000, "costOfRevenue": 449781000, "grossProfit": 474043000, "grossProfitRatio": 0.5131312891, "researchAndDevelopmentExpenses": 0, "generalAndAdministrativeExpenses": 130125000, "sellingAndMarketingExpenses": 47306000, "sellingGeneralAndAdministrativeExpenses": 177431000, "otherExpenses": 197414000, "operatingExpenses": 374845000, "costAndExpenses": 824626000, "interestIncome": 2821000, "interestExpense": 72239000, "depreciationAndAmortization": 137476000, "ebitda": 239495000, "ebitdaratio": 0.2592431026, "operatingIncome": 99198000, "operatingIncomeRatio": 0.1073775957, "totalOtherIncomeExpensesNet": -44000, "incomeBeforeTax": 29736000, "incomeBeforeTaxRatio": 0.0321879492, "incomeTaxExpense": 8145000, "netIncome": 65988000, "netIncomeRatio": 0.07142919, "eps": 0.29, "epsdiluted": 0.29, "weightedAverageShsOut": 161784000, "weightedAverageShsOutDil": 161784000, "link": "https://www.sec.gov/Archives/edgar/data/1295810/000110465914013102/0001104659-14-013102-index.htm", "finalLink": "https://www.sec.gov/Archives/edgar/data/1295810/000110465914013102/a13-26277_110k.htm", "calculatedOtherExpenses": 197414000, "calculatedOperatingExpenses": 374845000, "calculatedNetInterest": -69418000, "calculatedOtherIncome": -44000, "calculatedIncomeNonControlling": -44397000, "calculatedEbitda": 236674000}, {"date": "2012-12-31", "symbol": "SHO", "reportedCurrency": "USD", "cik": "0001295810", "fillingDate": "2013-02-25", "acceptedDate": "2013-02-25 09:00:52", "calendarYear": "2012", "period": "FY", "revenue": 829084000, "costOfRevenue": 402072000, "grossProfit": 427012000, "grossProfitRatio": 0.5150406955, "researchAndDevelopmentExpenses": 0, "generalAndAdministrativeExpenses": 118958000, "sellingAndMarketingExpenses": 42474000, "sellingGeneralAndAdministrativeExpenses": 161432000, "otherExpenses": 186570000, "operatingExpenses": 348002000, "costAndExpenses": 750074000, "interestIncome": 297000, "interestExpense": 76821000, "depreciationAndAmortization": 130907000, "ebitda": 210214000, "ebitdaratio": 0.2535497006, "operatingIncome": 79010000, "operatingIncomeRatio": 0.0952979433, "totalOtherIncomeExpensesNet": -191000, "incomeBeforeTax": 2295000, "incomeBeforeTaxRatio": 0.0027681152, "incomeTaxExpense": 1148000, "netIncome": 47796000, "netIncomeRatio": 0.0576491646, "eps": 0.14, "epsdiluted": 0.14, "weightedAverageShsOut": 127027000, "weightedAverageShsOutDil": 127027000, "link": "https://www.sec.gov/Archives/edgar/data/1295810/000110465913013600/0001104659-13-013600-index.htm", "finalLink": "https://www.sec.gov/Archives/edgar/data/1295810/000110465913013600/a12-29018_110k.htm", "calculatedOtherExpenses": 186570000, "calculatedOperatingExpenses": 348002000, "calculatedNetInterest": -76524000, "calculatedOtherIncome": -191000, "calculatedIncomeNonControlling": -46649000, "calculatedEbitda": 209917000}, {"date": "2011-12-31", "symbol": "SHO", "reportedCurrency": "USD", "cik": "0001295810", "fillingDate": "2012-02-28", "acceptedDate": "2012-02-28 13:40:26", "calendarYear": "2011", "period": "FY", "revenue": 834729000, "costOfRevenue": 376969000, "grossProfit": 457760000, "grossProfitRatio": 0.5483935505, "researchAndDevelopmentExpenses": 0, "generalAndAdministrativeExpenses": 218283000, "sellingAndMarketingExpenses": 41952000, "sellingGeneralAndAdministrativeExpenses": 260235000, "otherExpenses": 127945000, "operatingExpenses": 388180000, "costAndExpenses": 765149000, "interestIncome": 3118000, "interestExpense": 82965000, "depreciationAndAmortization": 127945000, "ebitda": 139157000, "ebitdaratio": 0.1667091954, "operatingIncome": 58718000, "operatingIncomeRatio": 0.0703437882, "totalOtherIncomeExpensesNet": 58389000, "incomeBeforeTax": 81299000, "incomeBeforeTaxRatio": 0.0973956817, "incomeTaxExpense": -11356000, "netIncome": 80957000, "netIncomeRatio": 0.0969859679, "eps": 0.45, "epsdiluted": 0.45, "weightedAverageShsOut": 117206000, "weightedAverageShsOutDil": 117206000, "link": "https://www.sec.gov/Archives/edgar/data/1295810/000110465912013838/0001104659-12-013838-index.htm", "finalLink": "https://www.sec.gov/Archives/edgar/data/1295810/000110465912013838/a12-1033_110k.htm", "calculatedOtherExpenses": 138807000, "calculatedOperatingExpenses": 399042000, "calculatedNetInterest": -79847000, "calculatedOtherIncome": 102428000, "calculatedIncomeNonControlling": 11698000, "calculatedEbitda": 186663000}, {"date": "2010-12-31", "symbol": "SHO", "reportedCurrency": "USD", "cik": "0001295810", "fillingDate": "2011-02-17", "acceptedDate": "2011-02-17 17:19:55", "calendarYear": "2010", "period": "FY", "revenue": 643090000, "costOfRevenue": 299805000, "grossProfit": 343285000, "grossProfitRatio": 0.5338055327, "researchAndDevelopmentExpenses": 0, "generalAndAdministrativeExpenses": 180659000, "sellingAndMarketingExpenses": 33182000, "sellingGeneralAndAdministrativeExpenses": 213841000, "otherExpenses": 95500000, "operatingExpenses": 309341000, "costAndExpenses": 609146000, "interestIncome": 111000, "interestExpense": 70830000, "depreciationAndAmortization": 101213000, "ebitda": 137100000, "ebitdaratio": 0.2131894447, "operatingIncome": 32001000, "operatingIncomeRatio": 0.0497613087, "totalOtherIncomeExpensesNet": -1388000, "incomeBeforeTax": 38542000, "incomeBeforeTaxRatio": 0.0599325133, "incomeTaxExpense": -4043000, "netIncome": 38542000, "netIncomeRatio": 0.0599325133, "eps": 0.18, "epsdiluted": 0.18, "weightedAverageShsOut": 99709000, "weightedAverageShsOutDil": 99709000, "link": "https://www.sec.gov/Archives/edgar/data/1295810/000110465911008076/0001104659-11-008076-index.htm", "finalLink": "https://www.sec.gov/Archives/edgar/data/1295810/000110465911008076/a11-5778_110k.htm", "calculatedOtherExpenses": 97443000, "calculatedOperatingExpenses": 311284000, "calculatedNetInterest": -70719000, "calculatedOtherIncome": 77260000, "calculatedIncomeNonControlling": 4043000, "calculatedEbitda": 133214000}, {"date": "2009-12-31", "symbol": "SHO", "reportedCurrency": "USD", "cik": "0001295810", "fillingDate": "2010-02-23", "acceptedDate": "2010-02-23 16:40:06", "calendarYear": "2009", "period": "FY", "revenue": 717823000, "costOfRevenue": 243927000, "grossProfit": 473896000, "grossProfitRatio": 0.6601850317, "researchAndDevelopmentExpenses": 0, "generalAndAdministrativeExpenses": 170976000, "sellingAndMarketingExpenses": 35693000, "sellingGeneralAndAdministrativeExpenses": 206669000, "otherExpenses": 224154000, "operatingExpenses": 430823000, "costAndExpenses": 674750000, "interestIncome": 1388000, "interestExpense": 91575000, "depreciationAndAmortization": 111060000, "ebitda": 230613000, "ebitdaratio": 0.3212672205, "operatingIncome": -87922000, "operatingIncomeRatio": -0.1224842336, "totalOtherIncomeExpensesNet": -104281000, "incomeBeforeTax": -269608000, "incomeBeforeTaxRatio": -0.3755911973, "incomeTaxExpense": 284880000, "netIncome": -269608000, "netIncomeRatio": -0.3755911973, "eps": -3.86, "epsdiluted": -3.86, "weightedAverageShsOut": 69820000, "weightedAverageShsOutDil": 69820000, "link": "https://www.sec.gov/Archives/edgar/data/1295810/000119312510037652/0001193125-10-037652-index.htm", "finalLink": "https://www.sec.gov/Archives/edgar/data/1295810/000119312510037652/d10k.htm", "calculatedOtherExpenses": 355149000, "calculatedOperatingExpenses": 561818000, "calculatedNetInterest": -90187000, "calculatedOtherIncome": -91499000, "calculatedIncomeNonControlling": -284880000, "calculatedEbitda": 23138000}, {"date": "2008-12-31", "symbol": "SHO", "reportedCurrency": "USD", "cik": "0001295810", "fillingDate": "2009-02-12", "acceptedDate": "2009-02-12 17:22:19", "calendarYear": "2008", "period": "FY", "revenue": 969164000, "costOfRevenue": 363568000, "grossProfit": 605596000, "grossProfitRatio": 0.624864316, "researchAndDevelopmentExpenses": 0, "generalAndAdministrativeExpenses": 132097000, "sellingAndMarketingExpenses": 52496000, "sellingGeneralAndAdministrativeExpenses": 184593000, "otherExpenses": 171249000, "operatingExpenses": 834654000, "costAndExpenses": 834654000, "interestIncome": 3761000, "interestExpense": 98289000, "depreciationAndAmortization": 115710000, "ebitda": 246459000, "ebitdaratio": 0.2543006137, "operatingIncome": 134510000, "operatingIncomeRatio": 0.1387897198, "totalOtherIncomeExpensesNet": 3761000, "incomeBeforeTax": 74743000, "incomeBeforeTaxRatio": 0.0771211064, "incomeTaxExpense": 59767000, "netIncome": 74743000, "netIncomeRatio": 0.0771211064, "eps": 0.92, "epsdiluted": 0.92, "weightedAverageShsOut": 53633000, "weightedAverageShsOutDil": 53662000, "link": "https://www.sec.gov/Archives/edgar/data/1295810/000119312509027323/0001193125-09-027323-index.htm", "finalLink": "https://www.sec.gov/Archives/edgar/data/1295810/000119312509027323/d10k.htm", "calculatedOtherExpenses": 286493000, "calculatedOperatingExpenses": 471086000, "calculatedNetInterest": -94528000, "calculatedOtherIncome": 34761000, "calculatedIncomeNonControlling": -59767000, "calculatedEbitda": 250220000}, {"date": "2007-12-31", "symbol": "SHO", "reportedCurrency": "USD", "cik": "0001295810", "fillingDate": "2008-02-21", "acceptedDate": "2008-02-21 16:40:26", "calendarYear": "2007", "period": "FY", "revenue": 970800000, "costOfRevenue": 362779000, "grossProfit": 608021000, "grossProfitRatio": 0.6263092295, "researchAndDevelopmentExpenses": 0, "generalAndAdministrativeExpenses": 139122000, "sellingAndMarketingExpenses": 51603000, "sellingGeneralAndAdministrativeExpenses": 190725000, "otherExpenses": 322202000, "operatingExpenses": 830301000, "costAndExpenses": 830301000, "interestIncome": 0, "interestExpense": 93110000, "depreciationAndAmortization": 123245000, "ebitda": 263744000, "ebitdaratio": 0.2716769674, "operatingIncome": 140499000, "operatingIncomeRatio": 0.1447249691, "totalOtherIncomeExpensesNet": -29729000, "incomeBeforeTax": 125663000, "incomeBeforeTaxRatio": 0.1294427276, "incomeTaxExpense": -14893000, "netIncome": 125663000, "netIncomeRatio": 0.1294427276, "eps": 1.75, "epsdiluted": 1.75, "weightedAverageShsOut": 58998000, "weightedAverageShsOutDil": 59139000, "link": "https://www.sec.gov/Archives/edgar/data/1295810/000119312508035335/0001193125-08-035335-index.htm", "finalLink": "https://www.sec.gov/Archives/edgar/data/1295810/000119312508035335/d10k.htm", "calculatedOtherExpenses": 276797000, "calculatedOperatingExpenses": 467522000, "calculatedNetInterest": -93110000, "calculatedOtherIncome": 78274000, "calculatedIncomeNonControlling": 14893000, "calculatedEbitda": 263744000}, {"date": "2006-12-31", "symbol": "SHO", "reportedCurrency": "USD", "cik": "0001295810", "fillingDate": "2007-02-08", "acceptedDate": "2007-02-07 18:49:32", "calendarYear": "2006", "period": "FY", "revenue": 903056000, "costOfRevenue": 338220000, "grossProfit": 564836000, "grossProfitRatio": 0.6254717315, "researchAndDevelopmentExpenses": 0, "generalAndAdministrativeExpenses": 102882000, "sellingAndMarketingExpenses": 51103000, "sellingGeneralAndAdministrativeExpenses": 153985000, "otherExpenses": 276325000, "operatingExpenses": 430310000, "costAndExpenses": 768530000, "interestIncome": 0, "interestExpense": -96109000, "depreciationAndAmortization": 101837000, "ebitda": 236223000, "ebitdaratio": 0.2615817845, "operatingIncome": 134526000, "operatingIncomeRatio": 0.1489675059, "totalOtherIncomeExpensesNet": 140000, "incomeBeforeTax": 42765000, "incomeBeforeTaxRatio": 0.0473558672, "incomeTaxExpense": 81289000, "netIncome": 53237000, "netIncomeRatio": 0.0589520473, "eps": 0.59, "epsdiluted": 0.58, "weightedAverageShsOut": 57247000, "weightedAverageShsOutDil": 57691000, "link": "https://www.sec.gov/Archives/edgar/data/1295810/000119312507022812/0001193125-07-022812-index.htm", "finalLink": "https://www.sec.gov/Archives/edgar/data/1295810/000119312507022812/d10k.htm", "calculatedOtherExpenses": 276325000, "calculatedOperatingExpenses": 430310000, "calculatedNetInterest": 96109000, "calculatedOtherIncome": -187870000, "calculatedIncomeNonControlling": -91761000, "calculatedEbitda": 236363000}, {"date": "2005-12-31", "symbol": "SHO", "reportedCurrency": "USD", "cik": "0001295810", "fillingDate": "2006-02-15", "acceptedDate": "2006-02-15 16:23:04", "calendarYear": "2005", "period": "FY", "revenue": 651068000, "costOfRevenue": 245531000, "grossProfit": 405537000, "grossProfitRatio": 0.6228796378, "researchAndDevelopmentExpenses": 0, "generalAndAdministrativeExpenses": 73039000, "sellingAndMarketingExpenses": 42557000, "sellingGeneralAndAdministrativeExpenses": 115596000, "otherExpenses": 203452000, "operatingExpenses": 319048000, "costAndExpenses": 564579000, "interestIncome": 0, "interestExpense": -61982000, "depreciationAndAmortization": 73158000, "ebitda": 159647000, "ebitdaratio": 0.2452078738, "operatingIncome": 86489000, "operatingIncomeRatio": 0.1328417308, "totalOtherIncomeExpensesNet": -58903000, "incomeBeforeTax": 27586000, "incomeBeforeTaxRatio": 0.0423703822, "incomeTaxExpense": -2619000, "netIncome": 30205000, "netIncomeRatio": 0.0463930035, "eps": 0.47, "epsdiluted": 0.47, "weightedAverageShsOut": 40655000, "weightedAverageShsOutDil": 40959000, "link": "https://www.sec.gov/Archives/edgar/data/1295810/000119312506032691/0001193125-06-032691-index.htm", "finalLink": "https://www.sec.gov/Archives/edgar/data/1295810/000119312506032691/d10k.htm", "calculatedOtherExpenses": 203452000, "calculatedOperatingExpenses": 319048000, "calculatedNetInterest": 61982000, "calculatedOtherIncome": -120885000, "calculatedIncomeNonControlling": 0, "calculatedEbitda": 159647000}, {"date": "2004-12-31", "symbol": "SHO", "reportedCurrency": "USD", "cik": "0001295810", "fillingDate": "2005-02-22", "acceptedDate": "2005-02-22 06:20:13", "calendarYear": "2004", "period": "FY", "revenue": 502664000, "costOfRevenue": 185956000, "grossProfit": 316708000, "grossProfitRatio": 0.6300590454, "researchAndDevelopmentExpenses": 0, "generalAndAdministrativeExpenses": 76961000, "sellingAndMarketingExpenses": 30792000, "sellingGeneralAndAdministrativeExpenses": 107753000, "otherExpenses": 163344000, "operatingExpenses": 271097000, "costAndExpenses": 457053000, "interestIncome": 0, "interestExpense": -54965000, "depreciationAndAmortization": 61322000, "ebitda": 106933000, "ebitdaratio": 0.2127325609, "operatingIncome": 45611000, "operatingIncomeRatio": 0.090738545, "totalOtherIncomeExpensesNet": -63873000, "incomeBeforeTax": -18262000, "incomeBeforeTaxRatio": -0.0363304315, "incomeTaxExpense": -280000, "netIncome": -36100000, "netIncomeRatio": -0.0718173571, "eps": -1.09, "epsdiluted": -1.08, "weightedAverageShsOut": 33196000, "weightedAverageShsOutDil": 33488000, "link": "https://www.sec.gov/Archives/edgar/data/1295810/000119312505033593/0001193125-05-033593-index.htm", "finalLink": "https://www.sec.gov/Archives/edgar/data/1295810/000119312505033593/d10k.htm", "calculatedOtherExpenses": 163344000, "calculatedOperatingExpenses": 271097000, "calculatedNetInterest": 54965000, "calculatedOtherIncome": -118838000, "calculatedIncomeNonControlling": 18118000, "calculatedEbitda": 106933000}, {"date": "2003-12-31", "symbol": "SHO", "reportedCurrency": "USD", "cik": "0001295810", "fillingDate": "2003-12-31", "acceptedDate": "2003-12-30 19:00:00", "calendarYear": "2003", "period": "FY", "revenue": 460702000, "costOfRevenue": 176803000, "grossProfit": 283899000, "grossProfitRatio": 0.6162313166, "researchAndDevelopmentExpenses": 0, "generalAndAdministrativeExpenses": 64229000, "sellingAndMarketingExpenses": 29362000, "sellingGeneralAndAdministrativeExpenses": 93591000, "otherExpenses": 158788000, "operatingExpenses": 252379000, "costAndExpenses": 429182000, "interestIncome": 0, "interestExpense": 0, "depreciationAndAmortization": 68285000, "ebitda": 99805000, "ebitdaratio": 0.2166367847, "operatingIncome": 31520000, "operatingIncomeRatio": 0.0684173283, "totalOtherIncomeExpensesNet": -54523000, "incomeBeforeTax": -23003000, "incomeBeforeTaxRatio": -0.0499303237, "incomeTaxExpense": -2017000, "netIncome": -22266000, "netIncomeRatio": -0.0483305911, "eps": -0.71, "epsdiluted": -0.7, "weightedAverageShsOut": 31354000, "weightedAverageShsOutDil": 31635000, "link": "", "finalLink": "", "calculatedOtherExpenses": 158788000, "calculatedOperatingExpenses": 252379000, "calculatedNetInterest": 0, "calculatedOtherIncome": -54523000, "calculatedIncomeNonControlling": 1280000, "calculatedEbitda": 99805000}, {"date": "2002-12-31", "symbol": "SHO", "reportedCurrency": "USD", "cik": "0001295810", "fillingDate": "2002-12-31", "acceptedDate": "2002-12-30 19:00:00", "calendarYear": "2002", "period": "FY", "revenue": 190449000, "costOfRevenue": 0, "grossProfit": 190449000, "grossProfitRatio": 1, "researchAndDevelopmentExpenses": 0, "generalAndAdministrativeExpenses": 0, "sellingAndMarketingExpenses": 11218000, "sellingGeneralAndAdministrativeExpenses": 11218000, "otherExpenses": 0, "operatingExpenses": 37256000, "costAndExpenses": 37256000, "interestIncome": 0, "interestExpense": 0, "depreciationAndAmortization": 26038000, "ebitda": 179231000, "ebitdaratio": 0.9410970916, "operatingIncome": 12885000, "operatingIncomeRatio": 0.0676559079, "totalOtherIncomeExpensesNet": -20271000, "incomeBeforeTax": -7386000, "incomeBeforeTaxRatio": -0.0387820361, "incomeTaxExpense": -4834000, "netIncome": -10386000, "netIncomeRatio": -0.0545342848, "eps": -0.33, "epsdiluted": -0.33, "weightedAverageShsOut": 31354000, "weightedAverageShsOutDil": 31635000, "link": "", "finalLink": "", "calculatedOtherExpenses": 166346000, "calculatedOperatingExpenses": 177564000, "calculatedNetInterest": 0, "calculatedOtherIncome": -20271000, "calculatedIncomeNonControlling": 7834000, "calculatedEbitda": 38923000}, {"date": "2001-12-31", "symbol": "SHO", "reportedCurrency": "USD", "cik": "0001295810", "fillingDate": "2001-12-31", "acceptedDate": "2001-12-30 19:00:00", "calendarYear": "2001", "period": "FY", "revenue": 225375000, "costOfRevenue": 81858000, "grossProfit": 143517000, "grossProfitRatio": 0.6367920133, "researchAndDevelopmentExpenses": 0, "generalAndAdministrativeExpenses": 0, "sellingAndMarketingExpenses": 12621000, "sellingGeneralAndAdministrativeExpenses": 12621000, "otherExpenses": 110646000, "operatingExpenses": 123267000, "costAndExpenses": 205125000, "interestIncome": 0, "interestExpense": 0, "depreciationAndAmortization": 28318000, "ebitda": 48568000, "ebitdaratio": 0.2154986134, "operatingIncome": 20250000, "operatingIncomeRatio": 0.0898502496, "totalOtherIncomeExpensesNet": -38316000, "incomeBeforeTax": -18066000, "incomeBeforeTaxRatio": -0.0801597338, "incomeTaxExpense": -8804000, "netIncome": -18807000, "netIncomeRatio": -0.0834475874, "eps": -0.6, "epsdiluted": -0.59, "weightedAverageShsOut": 31354000, "weightedAverageShsOutDil": 31635000, "link": "", "finalLink": "", "calculatedOtherExpenses": 110646000, "calculatedOperatingExpenses": 123267000, "calculatedNetInterest": 0, "calculatedOtherIncome": -38316000, "calculatedIncomeNonControlling": 9545000, "calculatedEbitda": 48568000}]}