{"originalCurrency": "USD", "convertedCurrency": "USD", "report": [{"date": "2023-12-31", "symbol": "SHOO", "reportedCurrency": "USD", "cik": "0000913241", "fillingDate": "2024-03-04", "acceptedDate": "2024-03-04 06:06:15", "calendarYear": "2023", "period": "FY", "revenue": 1981582000, "costOfRevenue": 1165476000, "grossProfit": 816106000, "grossProfitRatio": 0.4118456869, "researchAndDevelopmentExpenses": 0, "generalAndAdministrativeExpenses": 410636000, "sellingAndMarketingExpenses": 186535000, "sellingGeneralAndAdministrativeExpenses": 597171000, "otherExpenses": 612672000, "operatingExpenses": 597171000, "costAndExpenses": 1762647000, "interestIncome": 0, "interestExpense": 7392000, "depreciationAndAmortization": 15501000, "ebitda": 234436000, "ebitdaratio": 0.1183074937, "operatingIncome": 218935000, "operatingIncomeRatio": 0.110484956, "totalOtherIncomeExpensesNet": 1679000, "incomeBeforeTax": 220614000, "incomeBeforeTaxRatio": 0.1113322588, "incomeTaxExpense": 46639000, "netIncome": 171554000, "netIncomeRatio": 0.0865742624, "eps": 2.34, "epsdiluted": 2.3, "weightedAverageShsOut": 73337000, "weightedAverageShsOutDil": 74565000, "link": "https://www.sec.gov/Archives/edgar/data/913241/000162828024008331/0001628280-24-008331-index.htm", "finalLink": "https://www.sec.gov/Archives/edgar/data/913241/000162828024008331/shoo-20231231.htm", "calculatedOtherExpenses": 0, "calculatedOperatingExpenses": 597171000, "calculatedNetInterest": -7392000, "calculatedOtherIncome": 9071000, "calculatedIncomeNonControlling": 2421000, "calculatedEbitda": 234436000}, {"date": "2022-12-31", "symbol": "SHOO", "reportedCurrency": "USD", "cik": "0000913241", "fillingDate": "2023-03-01", "acceptedDate": "2023-03-01 13:37:32", "calendarYear": "2022", "period": "FY", "revenue": 2122009000, "costOfRevenue": 1248173000, "grossProfit": 873836000, "grossProfitRatio": 0.4117965569, "researchAndDevelopmentExpenses": 0, "generalAndAdministrativeExpenses": 380176000, "sellingAndMarketingExpenses": 197247000, "sellingGeneralAndAdministrativeExpenses": 577423000, "otherExpenses": 592192000, "operatingExpenses": 592192000, "costAndExpenses": 1840365000, "interestIncome": 676000, "interestExpense": 676000, "depreciationAndAmortization": 20576000, "ebitda": 302220000, "ebitdaratio": 0.1424216391, "operatingIncome": 281644000, "operatingIncomeRatio": 0.1327251675, "totalOtherIncomeExpensesNet": 676000, "incomeBeforeTax": 282320000, "incomeBeforeTaxRatio": 0.1330437336, "incomeTaxExpense": 65103000, "netIncome": 216061000, "netIncomeRatio": 0.1018190781, "eps": 2.84, "epsdiluted": 2.77, "weightedAverageShsOut": 76021000, "weightedAverageShsOutDil": 78069000, "link": "https://www.sec.gov/Archives/edgar/data/913241/000162828023005774/0001628280-23-005774-index.htm", "finalLink": "https://www.sec.gov/Archives/edgar/data/913241/000162828023005774/shoo-20221231.htm", "calculatedOtherExpenses": 14769000, "calculatedOperatingExpenses": 592192000, "calculatedNetInterest": 0, "calculatedOtherIncome": 676000, "calculatedIncomeNonControlling": 1156000, "calculatedEbitda": 302220000}, {"date": "2021-12-31", "symbol": "SHOO", "reportedCurrency": "USD", "cik": "0000913241", "fillingDate": "2022-03-01", "acceptedDate": "2022-03-01 17:04:08", "calendarYear": "2021", "period": "FY", "revenue": 1866142000, "costOfRevenue": 1098645000, "grossProfit": 767497000, "grossProfitRatio": 0.4112747047, "researchAndDevelopmentExpenses": 0, "generalAndAdministrativeExpenses": 348092000, "sellingAndMarketingExpenses": 151447000, "sellingGeneralAndAdministrativeExpenses": 499539000, "otherExpenses": 519848000, "operatingExpenses": 519848000, "costAndExpenses": 1618493000, "interestIncome": -1529000, "interestExpense": 1529000, "depreciationAndAmortization": 23312000, "ebitda": 266909000, "ebitdaratio": 0.1430271651, "operatingIncome": 243597000, "operatingIncomeRatio": 0.1305350825, "totalOtherIncomeExpensesNet": -1529000, "incomeBeforeTax": 242068000, "incomeBeforeTaxRatio": 0.1297157451, "incomeTaxExpense": 49609000, "netIncome": 190678000, "netIncomeRatio": 0.1021776478, "eps": 2.43, "epsdiluted": 2.34, "weightedAverageShsOut": 78442000, "weightedAverageShsOutDil": 81628000, "link": "https://www.sec.gov/Archives/edgar/data/913241/000162828022004561/0001628280-22-004561-index.htm", "finalLink": "https://www.sec.gov/Archives/edgar/data/913241/000162828022004561/shoo-20211231.htm", "calculatedOtherExpenses": 24361000, "calculatedOperatingExpenses": 523900000, "calculatedNetInterest": -3058000, "calculatedOtherIncome": 1529000, "calculatedIncomeNonControlling": 1781000, "calculatedEbitda": 266909000}, {"date": "2020-12-31", "symbol": "SHOO", "reportedCurrency": "USD", "cik": "0000913241", "fillingDate": "2021-03-16", "acceptedDate": "2021-03-16 16:19:16", "calendarYear": "2020", "period": "FY", "revenue": 1201814000, "costOfRevenue": 737273000, "grossProfit": 464541000, "grossProfitRatio": 0.3865331907, "researchAndDevelopmentExpenses": 0, "generalAndAdministrativeExpenses": 307665000, "sellingAndMarketingExpenses": 91689000, "sellingGeneralAndAdministrativeExpenses": 399354000, "otherExpenses": 414978000, "operatingExpenses": 414978000, "costAndExpenses": 1152251000, "interestIncome": 1620000, "interestExpense": 0, "depreciationAndAmortization": 17360000, "ebitda": 148091000, "ebitdaratio": 0.1232228947, "operatingIncome": 130731000, "operatingIncomeRatio": 0.1087780638, "totalOtherIncomeExpensesNet": -160716000, "incomeBeforeTax": -29985000, "incomeBeforeTaxRatio": -0.0249497842, "incomeTaxExpense": -11704000, "netIncome": -18281000, "netIncomeRatio": -0.0152111724, "eps": -0.23, "epsdiluted": -0.23, "weightedAverageShsOut": 78635000, "weightedAverageShsOutDil": 78635000, "link": "https://www.sec.gov/Archives/edgar/data/913241/000162828021004895/0001628280-21-004895-index.htm", "finalLink": "https://www.sec.gov/Archives/edgar/data/913241/000162828021004895/shoo-20201231.htm", "calculatedOtherExpenses": -65544000, "calculatedOperatingExpenses": 333810000, "calculatedNetInterest": 1620000, "calculatedOtherIncome": -162336000, "calculatedIncomeNonControlling": 0, "calculatedEbitda": 148091000}, {"date": "2019-12-31", "symbol": "SHOO", "reportedCurrency": "USD", "cik": "0000913241", "fillingDate": "2020-03-02", "acceptedDate": "2020-03-02 14:35:42", "calendarYear": "2019", "period": "FY", "revenue": 1787157000, "costOfRevenue": 1101140000, "grossProfit": 686017000, "grossProfitRatio": 0.3838593923, "researchAndDevelopmentExpenses": 0, "generalAndAdministrativeExpenses": 385751000, "sellingAndMarketingExpenses": 88184000, "sellingGeneralAndAdministrativeExpenses": 473935000, "otherExpenses": 505153000, "operatingExpenses": 505153000, "costAndExpenses": 1606293000, "interestIncome": 4412000, "interestExpense": 0, "depreciationAndAmortization": 29437000, "ebitda": 206251000, "ebitdaratio": 0.1154073201, "operatingIncome": 176814000, "operatingIncomeRatio": 0.0989359077, "totalOtherIncomeExpensesNet": 4412000, "incomeBeforeTax": 181226000, "incomeBeforeTaxRatio": 0.1014046332, "incomeTaxExpense": 39504000, "netIncome": 141311000, "netIncomeRatio": 0.0790702775, "eps": 1.78, "epsdiluted": 1.69, "weightedAverageShsOut": 79577000, "weightedAverageShsOutDil": 83646000, "link": "https://www.sec.gov/Archives/edgar/data/913241/000162828020002674/0001628280-20-002674-index.htm", "finalLink": "https://www.sec.gov/Archives/edgar/data/913241/000162828020002674/shoo-20191231x10k.htm", "calculatedOtherExpenses": 35268000, "calculatedOperatingExpenses": 509203000, "calculatedNetInterest": 4412000, "calculatedOtherIncome": 0, "calculatedIncomeNonControlling": 411000, "calculatedEbitda": 206251000}, {"date": "2018-12-31", "symbol": "SHOO", "reportedCurrency": "USD", "cik": "0000913241", "fillingDate": "2019-02-28", "acceptedDate": "2019-02-28 16:06:49", "calendarYear": "2018", "period": "FY", "revenue": 1653609000, "costOfRevenue": 1037571000, "grossProfit": 616038000, "grossProfitRatio": 0.3725415137, "researchAndDevelopmentExpenses": 0, "generalAndAdministrativeExpenses": 371536000, "sellingAndMarketingExpenses": 69733000, "sellingGeneralAndAdministrativeExpenses": 441269000, "otherExpenses": 442656000, "operatingExpenses": 442656000, "costAndExpenses": 1480227000, "interestIncome": 0, "interestExpense": -2595000, "depreciationAndAmortization": 22482000, "ebitda": 195864000, "ebitdaratio": 0.11844638, "operatingIncome": 173382000, "operatingIncomeRatio": 0.104850663, "totalOtherIncomeExpensesNet": 3958000, "incomeBeforeTax": 177340000, "incomeBeforeTaxRatio": 0.1072442155, "incomeTaxExpense": 46841000, "netIncome": 129136000, "netIncomeRatio": 0.0780934308, "eps": 1.5, "epsdiluted": 1.5, "weightedAverageShsOut": 86090666, "weightedAverageShsOutDil": 86097000, "link": "https://www.sec.gov/Archives/edgar/data/913241/000162828019002264/0001628280-19-002264-index.htm", "finalLink": "https://www.sec.gov/Archives/edgar/data/913241/000162828019002264/shoo-20181231x10k.htm", "calculatedOtherExpenses": 1387000, "calculatedOperatingExpenses": 442656000, "calculatedNetInterest": 2595000, "calculatedOtherIncome": 1363000, "calculatedIncomeNonControlling": 1363000, "calculatedEbitda": 195864000}, {"date": "2017-12-31", "symbol": "SHOO", "reportedCurrency": "USD", "cik": "0000913241", "fillingDate": "2018-03-01", "acceptedDate": "2018-03-01 11:17:23", "calendarYear": "2017", "period": "FY", "revenue": 1546098000, "costOfRevenue": 968357000, "grossProfit": 577741000, "grossProfitRatio": 0.3736768303, "researchAndDevelopmentExpenses": 0, "generalAndAdministrativeExpenses": 421216000, "sellingAndMarketingExpenses": 60998000, "sellingGeneralAndAdministrativeExpenses": 421216000, "otherExpenses": -5000, "operatingExpenses": 406957000, "costAndExpenses": 1375314000, "interestIncome": 0, "interestExpense": 647000, "depreciationAndAmortization": 21389000, "ebitda": 171784000, "ebitdaratio": 0.1111080928, "operatingIncome": 169784000, "operatingIncomeRatio": 0.1098145137, "totalOtherIncomeExpensesNet": -1000000, "incomeBeforeTax": 172327000, "incomeBeforeTaxRatio": 0.1114592995, "incomeTaxExpense": 53189000, "netIncome": 117948000, "netIncomeRatio": 0.0762875316, "eps": 1.43, "epsdiluted": 1.36, "weightedAverageShsOut": 82735500, "weightedAverageShsOutDil": 86745000, "link": "https://www.sec.gov/Archives/edgar/data/913241/000162828018002589/0001628280-18-002589-index.htm", "finalLink": "https://www.sec.gov/Archives/edgar/data/913241/000162828018002589/shoo-20171231x10k.htm", "calculatedOtherExpenses": -13259000, "calculatedOperatingExpenses": 407957000, "calculatedNetInterest": -647000, "calculatedOtherIncome": 3190000, "calculatedIncomeNonControlling": 1190000, "calculatedEbitda": 191173000}, {"date": "2016-12-31", "symbol": "SHOO", "reportedCurrency": "USD", "cik": "0000913241", "fillingDate": "2017-02-28", "acceptedDate": "2017-02-28 11:21:33", "calendarYear": "2016", "period": "FY", "revenue": 1399551000, "costOfRevenue": 877568000, "grossProfit": 521983000, "grossProfitRatio": 0.3729646151, "researchAndDevelopmentExpenses": 0, "generalAndAdministrativeExpenses": 364691000, "sellingAndMarketingExpenses": 43103000, "sellingGeneralAndAdministrativeExpenses": 364691000, "otherExpenses": -664000, "operatingExpenses": 352807000, "costAndExpenses": 1230375000, "interestIncome": 0, "interestExpense": -1461000, "depreciationAndAmortization": 21102000, "ebitda": 190278000, "ebitdaratio": 0.1359564603, "operatingIncome": 169176000, "operatingIncomeRatio": 0.1208787675, "totalOtherIncomeExpensesNet": -664000, "incomeBeforeTax": 171000000, "incomeBeforeTaxRatio": 0.1221820427, "incomeTaxExpense": 49726000, "netIncome": 120911000, "netIncomeRatio": 0.0863927074, "eps": 1.41, "epsdiluted": 1.35, "weightedAverageShsOut": 85664000, "weightedAverageShsOutDil": 89334000, "link": "https://www.sec.gov/Archives/edgar/data/913241/000162828017001869/0001628280-17-001869-index.htm", "finalLink": "https://www.sec.gov/Archives/edgar/data/913241/000162828017001869/shoo-20161231x10k.htm", "calculatedOtherExpenses": -11884000, "calculatedOperatingExpenses": 352807000, "calculatedNetInterest": 1461000, "calculatedOtherIncome": 363000, "calculatedIncomeNonControlling": 363000, "calculatedEbitda": 190278000}, {"date": "2015-12-31", "symbol": "SHOO", "reportedCurrency": "USD", "cik": "0000913241", "fillingDate": "2016-02-26", "acceptedDate": "2016-02-26 16:34:50", "calendarYear": "2015", "period": "FY", "revenue": 1405239000, "costOfRevenue": 904747000, "grossProfit": 500492000, "grossProfitRatio": 0.3561614786, "researchAndDevelopmentExpenses": 0, "generalAndAdministrativeExpenses": 342446000, "sellingAndMarketingExpenses": 39068000, "sellingGeneralAndAdministrativeExpenses": 342446000, "otherExpenses": -1373000, "operatingExpenses": 325799000, "costAndExpenses": 1230546000, "interestIncome": 2660000, "interestExpense": 469000, "depreciationAndAmortization": 20757000, "ebitda": 196737000, "ebitdaratio": 0.1400025191, "operatingIncome": 171648000, "operatingIncomeRatio": 0.1221486167, "totalOtherIncomeExpensesNet": -4418000, "incomeBeforeTax": 172466000, "incomeBeforeTaxRatio": 0.1227307241, "incomeTaxExpense": 58811000, "netIncome": 112938000, "netIncomeRatio": 0.0803692468, "eps": 1.27, "epsdiluted": 1.23, "weightedAverageShsOut": 88495500, "weightedAverageShsOutDil": 91713000, "link": "https://www.sec.gov/Archives/edgar/data/913241/000162828016011839/0001628280-16-011839-index.htm", "finalLink": "https://www.sec.gov/Archives/edgar/data/913241/000162828016011839/shoo-20151231x10k.htm", "calculatedOtherExpenses": -13602000, "calculatedOperatingExpenses": 328844000, "calculatedNetInterest": 2191000, "calculatedOtherIncome": -1373000, "calculatedIncomeNonControlling": 717000, "calculatedEbitda": 192405000}, {"date": "2014-12-31", "symbol": "SHOO", "reportedCurrency": "USD", "cik": "0000913241", "fillingDate": "2015-02-26", "acceptedDate": "2015-02-26 15:34:18", "calendarYear": "2014", "period": "FY", "revenue": 1334951000, "costOfRevenue": 865951000, "grossProfit": 469000000, "grossProfitRatio": 0.3513237565, "researchAndDevelopmentExpenses": 0, "generalAndAdministrativeExpenses": 315081000, "sellingAndMarketingExpenses": 34902000, "sellingGeneralAndAdministrativeExpenses": 315081000, "otherExpenses": 677000, "operatingExpenses": 301358000, "costAndExpenses": 1167309000, "interestIncome": 3285000, "interestExpense": 211000, "depreciationAndAmortization": 15077000, "ebitda": 186681000, "ebitdaratio": 0.1398410878, "operatingIncome": 167642000, "operatingIncomeRatio": 0.1255791411, "totalOtherIncomeExpensesNet": 677000, "incomeBeforeTax": 171393000, "incomeBeforeTaxRatio": 0.1283889821, "incomeTaxExpense": 58764000, "netIncome": 111880000, "netIncomeRatio": 0.0838083196, "eps": 1.21, "epsdiluted": 1.17, "weightedAverageShsOut": 92176500, "weightedAverageShsOutDil": 95514000, "link": "https://www.sec.gov/Archives/edgar/data/913241/000162828015001083/0001628280-15-001083-index.htm", "finalLink": "https://www.sec.gov/Archives/edgar/data/913241/000162828015001083/shoo-20141231x10k.htm", "calculatedOtherExpenses": -13723000, "calculatedOperatingExpenses": 301358000, "calculatedNetInterest": 3074000, "calculatedOtherIncome": 677000, "calculatedIncomeNonControlling": 749000, "calculatedEbitda": 182719000}, {"date": "2013-12-31", "symbol": "SHOO", "reportedCurrency": "USD", "cik": "0000913241", "fillingDate": "2014-02-27", "acceptedDate": "2014-02-27 16:16:39", "calendarYear": "2013", "period": "FY", "revenue": 1314223000, "costOfRevenue": 831847000, "grossProfit": 482376000, "grossProfitRatio": 0.3670427317, "researchAndDevelopmentExpenses": 0, "generalAndAdministrativeExpenses": 295223000, "sellingAndMarketingExpenses": 31663000, "sellingGeneralAndAdministrativeExpenses": 295223000, "otherExpenses": 1083000, "operatingExpenses": 279591000, "costAndExpenses": 1111438000, "interestIncome": 4228000, "interestExpense": 128000, "depreciationAndAmortization": 12979000, "ebitda": 201802000, "ebitdaratio": 0.1535523271, "operatingIncome": 203768000, "operatingIncomeRatio": 0.1550482681, "totalOtherIncomeExpensesNet": 983000, "incomeBeforeTax": 208951000, "incomeBeforeTaxRatio": 0.1589920432, "incomeTaxExpense": 75666000, "netIncome": 132007000, "netIncomeRatio": 0.1004449017, "eps": 1.36, "epsdiluted": 1.32, "weightedAverageShsOut": 96874500, "weightedAverageShsOutDil": 100254000, "link": "https://www.sec.gov/Archives/edgar/data/913241/000144530514000668/0001445305-14-000668-index.htm", "finalLink": "https://www.sec.gov/Archives/edgar/data/913241/000144530514000668/shoo-20131231x10k.htm", "calculatedOtherExpenses": -16615000, "calculatedOperatingExpenses": 278608000, "calculatedNetInterest": 4100000, "calculatedOtherIncome": 1083000, "calculatedIncomeNonControlling": 1278000, "calculatedEbitda": 216747000}, {"date": "2012-12-31", "symbol": "SHOO", "reportedCurrency": "USD", "cik": "0000913241", "fillingDate": "2013-03-01", "acceptedDate": "2013-03-01 10:32:47", "calendarYear": "2012", "period": "FY", "revenue": 1227072000, "costOfRevenue": 771370000, "grossProfit": 455702000, "grossProfitRatio": 0.3713734809, "researchAndDevelopmentExpenses": 0, "generalAndAdministrativeExpenses": 283689000, "sellingAndMarketingExpenses": 23923000, "sellingGeneralAndAdministrativeExpenses": 283689000, "otherExpenses": 2193000, "operatingExpenses": 268294000, "costAndExpenses": 1039664000, "interestIncome": 3067000, "interestExpense": 49000, "depreciationAndAmortization": 12642000, "ebitda": 195840000, "ebitdaratio": 0.1595994367, "operatingIncome": 178976000, "operatingIncomeRatio": 0.1458561519, "totalOtherIncomeExpensesNet": -8432000, "incomeBeforeTax": 184187000, "incomeBeforeTaxRatio": 0.1501028465, "incomeTaxExpense": 64623000, "netIncome": 119626000, "netIncomeRatio": 0.0974889819, "eps": 1.24, "epsdiluted": 1.2, "weightedAverageShsOut": 96792750, "weightedAverageShsOutDil": 99382500, "link": "https://www.sec.gov/Archives/edgar/data/913241/000144530513000408/0001445305-13-000408-index.htm", "finalLink": "https://www.sec.gov/Archives/edgar/data/913241/000144530513000408/shoo-20121231x10k.htm", "calculatedOtherExpenses": -6963000, "calculatedOperatingExpenses": 276726000, "calculatedNetInterest": 3018000, "calculatedOtherIncome": 2193000, "calculatedIncomeNonControlling": -62000, "calculatedEbitda": 191618000}, {"date": "2011-12-31", "symbol": "SHOO", "reportedCurrency": "USD", "cik": "0000913241", "fillingDate": "2012-02-29", "acceptedDate": "2012-02-28 18:49:12", "calendarYear": "2011", "period": "FY", "revenue": 968549000, "costOfRevenue": 606601000, "grossProfit": 361948000, "grossProfitRatio": 0.3737012789, "researchAndDevelopmentExpenses": 0, "generalAndAdministrativeExpenses": 226893000, "sellingAndMarketingExpenses": 0, "sellingGeneralAndAdministrativeExpenses": 226893000, "otherExpenses": 0, "operatingExpenses": 208178000, "costAndExpenses": 814779000, "interestIncome": 4885000, "interestExpense": 51000, "depreciationAndAmortization": 11060000, "ebitda": 153770000, "ebitdaratio": 0.1587632634, "operatingIncome": 153770000, "operatingIncomeRatio": 0.1587632634, "totalOtherIncomeExpensesNet": 188000, "incomeBeforeTax": 158792000, "incomeBeforeTaxRatio": 0.1639483392, "incomeTaxExpense": 61591000, "netIncome": 97319000, "netIncomeRatio": 0.1004791704, "eps": 1.02, "epsdiluted": 1, "weightedAverageShsOut": 95094000, "weightedAverageShsOutDil": 97287750, "link": "https://www.sec.gov/Archives/edgar/data/913241/000101905612000270/0001019056-12-000270-index.htm", "finalLink": "https://www.sec.gov/Archives/edgar/data/913241/000101905612000270/sm_10k11.htm", "calculatedOtherExpenses": -18715000, "calculatedOperatingExpenses": 208178000, "calculatedNetInterest": 4834000, "calculatedOtherIncome": 188000, "calculatedIncomeNonControlling": -118000, "calculatedEbitda": 164830000}, {"date": "2010-12-31", "symbol": "SHOO", "reportedCurrency": "USD", "cik": "0000913241", "fillingDate": "2011-02-28", "acceptedDate": "2011-02-28 12:44:30", "calendarYear": "2010", "period": "FY", "revenue": 635418000, "costOfRevenue": 359564000, "grossProfit": 275854000, "grossProfitRatio": 0.4341299743, "researchAndDevelopmentExpenses": 0, "generalAndAdministrativeExpenses": 176859000, "sellingAndMarketingExpenses": 0, "sellingGeneralAndAdministrativeExpenses": 176859000, "otherExpenses": 0, "operatingExpenses": 176859000, "costAndExpenses": 536423000, "interestIncome": 4208000, "interestExpense": 4000, "depreciationAndAmortization": 9999000, "ebitda": 98995000, "ebitdaratio": 0.1557950829, "operatingIncome": 121624000, "operatingIncomeRatio": 0.1914078607, "totalOtherIncomeExpensesNet": 29000, "incomeBeforeTax": 125857000, "incomeBeforeTaxRatio": 0.1980696172, "incomeTaxExpense": 50132000, "netIncome": 75725000, "netIncomeRatio": 0.1191735204, "eps": 0.81, "epsdiluted": 0.79, "weightedAverageShsOut": 93322125, "weightedAverageShsOutDil": 95495625, "link": "https://www.sec.gov/Archives/edgar/data/913241/000101905611000275/0001019056-11-000275-index.htm", "finalLink": "https://www.sec.gov/Archives/edgar/data/913241/000101905611000275/smadden_10k10.htm", "calculatedOtherExpenses": -22629000, "calculatedOperatingExpenses": 154230000, "calculatedNetInterest": 4204000, "calculatedOtherIncome": 29000, "calculatedIncomeNonControlling": 0, "calculatedEbitda": 131623000}, {"date": "2009-12-31", "symbol": "SHOO", "reportedCurrency": "USD", "cik": "0000913241", "fillingDate": "2010-03-12", "acceptedDate": "2010-03-12 15:03:31", "calendarYear": "2009", "period": "FY", "revenue": 503550000, "costOfRevenue": 287361000, "grossProfit": 216189000, "grossProfitRatio": 0.4293297587, "researchAndDevelopmentExpenses": 0, "generalAndAdministrativeExpenses": 157149000, "sellingAndMarketingExpenses": 0, "sellingGeneralAndAdministrativeExpenses": 157149000, "otherExpenses": 0, "operatingExpenses": 157149000, "costAndExpenses": 444510000, "interestIncome": 2096000, "interestExpense": 93000, "depreciationAndAmortization": 9560000, "ebitda": 39112000, "ebitdaratio": 0.0776725251, "operatingIncome": 78968000, "operatingIncomeRatio": 0.1568225598, "totalOtherIncomeExpensesNet": 19928000, "incomeBeforeTax": 80789000, "incomeBeforeTaxRatio": 0.1604388839, "incomeTaxExpense": 30682000, "netIncome": 50107000, "netIncomeRatio": 0.0995074968, "eps": 0.55, "epsdiluted": 0.54, "weightedAverageShsOut": 91352812, "weightedAverageShsOutDil": 92760187, "link": "https://www.sec.gov/Archives/edgar/data/913241/000101905610000302/0001019056-10-000302-index.htm", "finalLink": "https://www.sec.gov/Archives/edgar/data/913241/000101905610000302/smadden_10k09.htm", "calculatedOtherExpenses": -19928000, "calculatedOperatingExpenses": 137221000, "calculatedNetInterest": 2003000, "calculatedOtherIncome": -182000, "calculatedIncomeNonControlling": 0, "calculatedEbitda": 88528000}, {"date": "2008-12-31", "symbol": "SHOO", "reportedCurrency": "USD", "cik": "0000913241", "fillingDate": "2009-03-12", "acceptedDate": "2009-03-12 15:59:46", "calendarYear": "2008", "period": "FY", "revenue": 457046000, "costOfRevenue": 270222000, "grossProfit": 186824000, "grossProfitRatio": 0.4087641069, "researchAndDevelopmentExpenses": 0, "generalAndAdministrativeExpenses": 156212000, "sellingAndMarketingExpenses": 0, "sellingGeneralAndAdministrativeExpenses": 156212000, "otherExpenses": 0, "operatingExpenses": 156212000, "costAndExpenses": 426434000, "interestIncome": 2620000, "interestExpense": 207000, "depreciationAndAmortization": 9101000, "ebitda": 26432000, "ebitdaratio": 0.0578322532, "operatingIncome": 30612000, "operatingIncomeRatio": 0.066977941, "totalOtherIncomeExpensesNet": 13281000, "incomeBeforeTax": 46306000, "incomeBeforeTaxRatio": 0.1013158413, "incomeTaxExpense": 18330000, "netIncome": 27976000, "netIncomeRatio": 0.061210469, "eps": 0.3, "epsdiluted": 0.3, "weightedAverageShsOut": 92770312, "weightedAverageShsOutDil": 93752437, "link": "https://www.sec.gov/Archives/edgar/data/913241/000101905609000306/0001019056-09-000306-index.htm", "finalLink": "https://www.sec.gov/Archives/edgar/data/913241/000101905609000306/smadden_10k08.htm", "calculatedOtherExpenses": 0, "calculatedOperatingExpenses": 156212000, "calculatedNetInterest": 2413000, "calculatedOtherIncome": 13281000, "calculatedIncomeNonControlling": 0, "calculatedEbitda": 39713000}, {"date": "2007-12-31", "symbol": "SHOO", "reportedCurrency": "USD", "cik": "0000913241", "fillingDate": "2008-03-12", "acceptedDate": "2008-03-12 17:08:00", "calendarYear": "2007", "period": "FY", "revenue": 431050000, "costOfRevenue": 257646000, "grossProfit": 173404000, "grossProfitRatio": 0.4022827978, "researchAndDevelopmentExpenses": 0, "generalAndAdministrativeExpenses": 138841000, "sellingAndMarketingExpenses": 0, "sellingGeneralAndAdministrativeExpenses": 138841000, "otherExpenses": -18351000, "operatingExpenses": 120490000, "costAndExpenses": 378136000, "interestIncome": 3876000000, "interestExpense": 65000, "depreciationAndAmortization": 8435000, "ebitda": 43587000, "ebitdaratio": 0.1011181997, "operatingIncome": 52914000, "operatingIncomeRatio": 0.1227560608, "totalOtherIncomeExpensesNet": 17762000, "incomeBeforeTax": 56136000, "incomeBeforeTaxRatio": 0.1302308317, "incomeTaxExpense": 20446000, "netIncome": 35690000, "netIncomeRatio": 0.0827978193, "eps": 0.34, "epsdiluted": 0.33, "weightedAverageShsOut": 104525437, "weightedAverageShsOutDil": 107790750, "link": "https://www.sec.gov/Archives/edgar/data/913241/000101905608000394/0001019056-08-000394-index.htm", "finalLink": "https://www.sec.gov/Archives/edgar/data/913241/000101905608000394/smadden_10k07.htm", "calculatedOtherExpenses": -18351000, "calculatedOperatingExpenses": 120490000, "calculatedNetInterest": 3875935000, "calculatedOtherIncome": -3872713000, "calculatedIncomeNonControlling": 0, "calculatedEbitda": 61349000}, {"date": "2006-12-31", "symbol": "SHOO", "reportedCurrency": "USD", "cik": "0000913241", "fillingDate": "2007-03-09", "acceptedDate": "2007-03-09 15:58:45", "calendarYear": "2006", "period": "FY", "revenue": 475163000, "costOfRevenue": 276734000, "grossProfit": 198429000, "grossProfitRatio": 0.4176019597, "researchAndDevelopmentExpenses": 0, "generalAndAdministrativeExpenses": 134377000, "sellingAndMarketingExpenses": 0, "sellingGeneralAndAdministrativeExpenses": 134377000, "otherExpenses": -14246000, "operatingExpenses": 120131000, "costAndExpenses": 396865000, "interestIncome": 0, "interestExpense": 100000, "depreciationAndAmortization": 6705000, "ebitda": 71724000, "ebitdaratio": 0.1509460964, "operatingIncome": 78298000, "operatingIncomeRatio": 0.1647813487, "totalOtherIncomeExpensesNet": 13279000, "incomeBeforeTax": 80934000, "incomeBeforeTaxRatio": 0.1703289187, "incomeTaxExpense": 34684000, "netIncome": 46250000, "netIncomeRatio": 0.0973350198, "eps": 0.44, "epsdiluted": 0.41, "weightedAverageShsOut": 105836625, "weightedAverageShsOutDil": 111886312, "link": "https://www.sec.gov/Archives/edgar/data/913241/000101905607000248/0001019056-07-000248-index.htm", "finalLink": "https://www.sec.gov/Archives/edgar/data/913241/000101905607000248/smadden_k2006.txt", "calculatedOtherExpenses": -14246000, "calculatedOperatingExpenses": 120131000, "calculatedNetInterest": -100000, "calculatedOtherIncome": 2736000, "calculatedIncomeNonControlling": 0, "calculatedEbitda": 85003000}, {"date": "2005-12-31", "symbol": "SHOO", "reportedCurrency": "USD", "cik": "0000913241", "fillingDate": "2006-03-14", "acceptedDate": "2006-03-14 15:36:05", "calendarYear": "2005", "period": "FY", "revenue": 375786000, "costOfRevenue": 233286000, "grossProfit": 142500000, "grossProfitRatio": 0.3792051859, "researchAndDevelopmentExpenses": 0, "generalAndAdministrativeExpenses": 117530000, "sellingAndMarketingExpenses": 0, "sellingGeneralAndAdministrativeExpenses": 117530000, "otherExpenses": -6600000, "operatingExpenses": 110930000, "costAndExpenses": 344216000, "interestIncome": 0, "interestExpense": 164000, "depreciationAndAmortization": 5120000, "ebitda": 30590000, "ebitdaratio": 0.0814027132, "operatingIncome": 31570000, "operatingIncomeRatio": 0.0840105805, "totalOtherIncomeExpensesNet": 6100000, "incomeBeforeTax": 33460000, "incomeBeforeTaxRatio": 0.0890400387, "incomeTaxExpense": 14260000, "netIncome": 19200000, "netIncomeRatio": 0.0510929093, "eps": 0.19, "epsdiluted": 0.18, "weightedAverageShsOut": 101817000, "weightedAverageShsOutDil": 105897375, "link": "https://www.sec.gov/Archives/edgar/data/913241/000101905606000265/0001019056-06-000265-index.htm", "finalLink": "https://www.sec.gov/Archives/edgar/data/913241/000101905606000265/smadden_k2005.txt", "calculatedOtherExpenses": -6600000, "calculatedOperatingExpenses": 110930000, "calculatedNetInterest": -164000, "calculatedOtherIncome": 2054000, "calculatedIncomeNonControlling": 0, "calculatedEbitda": 36690000}, {"date": "2004-12-31", "symbol": "SHOO", "reportedCurrency": "USD", "cik": "0000913241", "fillingDate": "2005-03-16", "acceptedDate": "2005-03-16 15:13:04", "calendarYear": "2004", "period": "FY", "revenue": 338144000, "costOfRevenue": 215475000, "grossProfit": 122669000, "grossProfitRatio": 0.362771482, "researchAndDevelopmentExpenses": 0, "generalAndAdministrativeExpenses": 110494000, "sellingAndMarketingExpenses": 0, "sellingGeneralAndAdministrativeExpenses": 110494000, "otherExpenses": -6806000, "operatingExpenses": 103688000, "costAndExpenses": 319163000, "interestIncome": 0, "interestExpense": 68000, "depreciationAndAmortization": 5063000, "ebitda": 17208000, "ebitdaratio": 0.0508895618, "operatingIncome": 18981000, "operatingIncomeRatio": 0.0561328901, "totalOtherIncomeExpensesNet": 6836000, "incomeBeforeTax": 20954000, "incomeBeforeTaxRatio": 0.0619676824, "incomeTaxExpense": 8679000, "netIncome": 12275000, "netIncomeRatio": 0.0363011025, "eps": 0.12, "epsdiluted": 0.11, "weightedAverageShsOut": 99849226, "weightedAverageShsOutDil": 108005521, "link": "https://www.sec.gov/Archives/edgar/data/913241/000101905605000307/0001019056-05-000307-index.htm", "finalLink": "https://www.sec.gov/Archives/edgar/data/913241/000101905605000307/smadden_k2004.txt", "calculatedOtherExpenses": -6806000, "calculatedOperatingExpenses": 103688000, "calculatedNetInterest": -68000, "calculatedOtherIncome": 2041000, "calculatedIncomeNonControlling": 0, "calculatedEbitda": 24044000}, {"date": "2003-12-31", "symbol": "SHOO", "reportedCurrency": "USD", "cik": "0000913241", "fillingDate": "2004-03-12", "acceptedDate": "2004-03-12 16:34:20", "calendarYear": "2003", "period": "FY", "revenue": 324204000, "costOfRevenue": 198185000, "grossProfit": 126019000, "grossProfitRatio": 0.3887027921, "researchAndDevelopmentExpenses": 0, "generalAndAdministrativeExpenses": 100287000, "sellingAndMarketingExpenses": 0, "sellingGeneralAndAdministrativeExpenses": 100287000, "otherExpenses": -7894000, "operatingExpenses": 92393000, "costAndExpenses": 290578000, "interestIncome": 0, "interestExpense": 54000, "depreciationAndAmortization": 4743000, "ebitda": 30339000, "ebitdaratio": 0.0935799682, "operatingIncome": 33626000, "operatingIncomeRatio": 0.1037186463, "totalOtherIncomeExpensesNet": 8030000, "incomeBeforeTax": 35319000, "incomeBeforeTaxRatio": 0.108940667, "incomeTaxExpense": 14865000, "netIncome": 20454000, "netIncomeRatio": 0.0630899064, "eps": 0.21, "epsdiluted": 0.19, "weightedAverageShsOut": 98606856, "weightedAverageShsOutDil": 107364317, "link": "https://www.sec.gov/Archives/edgar/data/913241/000101905604000364/0001019056-04-000364-index.htm", "finalLink": "https://www.sec.gov/Archives/edgar/data/913241/000101905604000364/smadden_k2003.txt", "calculatedOtherExpenses": -7894000, "calculatedOperatingExpenses": 92393000, "calculatedNetInterest": -54000, "calculatedOtherIncome": 1747000, "calculatedIncomeNonControlling": 0, "calculatedEbitda": 38369000}, {"date": "2002-12-31", "symbol": "SHOO", "reportedCurrency": "USD", "cik": "0000913241", "fillingDate": "2003-03-28", "acceptedDate": "2003-03-28 12:59:40", "calendarYear": "2002", "period": "FY", "revenue": 326136000, "costOfRevenue": 199453000, "grossProfit": 126683000, "grossProfitRatio": 0.3884361125, "researchAndDevelopmentExpenses": 0, "generalAndAdministrativeExpenses": 100074000, "sellingAndMarketingExpenses": 0, "sellingGeneralAndAdministrativeExpenses": 100074000, "otherExpenses": -6603000, "operatingExpenses": 93471000, "costAndExpenses": 292924000, "interestIncome": 0, "interestExpense": 16000, "depreciationAndAmortization": 3706000, "ebitda": 30249000, "ebitdaratio": 0.0927496505, "operatingIncome": 33212000, "operatingIncomeRatio": 0.1018348174, "totalOtherIncomeExpensesNet": 6669000, "incomeBeforeTax": 34428000, "incomeBeforeTaxRatio": 0.1055633233, "incomeTaxExpense": 14587000, "netIncome": 19841000, "netIncomeRatio": 0.0608365835, "eps": 0.21, "epsdiluted": 0.19, "weightedAverageShsOut": 95642225, "weightedAverageShsOutDil": 104109393, "link": "https://www.sec.gov/Archives/edgar/data/913241/000101905603000273/0001019056-03-000273-index.htm", "finalLink": "https://www.sec.gov/Archives/edgar/data/913241/000101905603000273/smadden_10k02.txt", "calculatedOtherExpenses": -6603000, "calculatedOperatingExpenses": 93471000, "calculatedNetInterest": -16000, "calculatedOtherIncome": 1232000, "calculatedIncomeNonControlling": 0, "calculatedEbitda": 36918000}, {"date": "2001-12-31", "symbol": "SHOO", "reportedCurrency": "USD", "cik": "0000913241", "fillingDate": "2002-03-29", "acceptedDate": "2002-03-29 00:00:00", "calendarYear": "2001", "period": "FY", "revenue": 243391000, "costOfRevenue": 143518000, "grossProfit": 99873000, "grossProfitRatio": 0.4103397414, "researchAndDevelopmentExpenses": 0, "generalAndAdministrativeExpenses": 79472000, "sellingAndMarketingExpenses": 0, "sellingGeneralAndAdministrativeExpenses": 79472000, "otherExpenses": 0, "operatingExpenses": 79472000, "costAndExpenses": 222990000, "interestIncome": 0, "interestExpense": 66000, "depreciationAndAmortization": 3447000, "ebitda": 24816000, "ebitdaratio": 0.1019593987, "operatingIncome": 20401000, "operatingIncomeRatio": 0.0838198619, "totalOtherIncomeExpensesNet": -968000, "incomeBeforeTax": 20711000, "incomeBeforeTaxRatio": 0.0850935326, "incomeTaxExpense": 8595000, "netIncome": 12116000, "netIncomeRatio": 0.0497799836, "eps": 0.14, "epsdiluted": 0.12, "weightedAverageShsOut": 88223139, "weightedAverageShsOutDil": 98322842, "link": "https://www.sec.gov/Archives/edgar/data/913241/000101905602000198/0001019056-02-000198-index.htm", "finalLink": "https://www.sec.gov/Archives/edgar/data/913241/000101905602000198/smadden_k.txt", "calculatedOtherExpenses": 0, "calculatedOperatingExpenses": 79472000, "calculatedNetInterest": -66000, "calculatedOtherIncome": 376000, "calculatedIncomeNonControlling": 0, "calculatedEbitda": 23848000}, {"date": "2000-12-31", "symbol": "SHOO", "reportedCurrency": "USD", "cik": "0000913241", "fillingDate": "2001-03-30", "acceptedDate": "2001-03-30 00:00:00", "calendarYear": "2000", "period": "FY", "revenue": 205113000, "costOfRevenue": 111909000, "grossProfit": 93204000, "grossProfitRatio": 0.4544031826, "researchAndDevelopmentExpenses": 0, "generalAndAdministrativeExpenses": 68833000, "sellingAndMarketingExpenses": 0, "sellingGeneralAndAdministrativeExpenses": 68833000, "otherExpenses": 3586000, "operatingExpenses": 72419000, "costAndExpenses": 184328000, "interestIncome": 0, "interestExpense": 102000, "depreciationAndAmortization": 3586000, "ebitda": 19294000, "ebitdaratio": 0.0940652226, "operatingIncome": 20785000, "operatingIncomeRatio": 0.1013343864, "totalOtherIncomeExpensesNet": 5077000, "incomeBeforeTax": 27504000, "incomeBeforeTaxRatio": 0.1340919396, "incomeTaxExpense": 11461000, "netIncome": 16043000, "netIncomeRatio": 0.0782154227, "eps": 0.19, "epsdiluted": 0.17, "weightedAverageShsOut": 85886299, "weightedAverageShsOutDil": 96420683, "link": "https://www.sec.gov/Archives/edgar/data/913241/000101905601500024/0001019056-01-500024-index.htm", "finalLink": "https://www.sec.gov/Archives/edgar/data/913241/000101905601500024/file001.txt", "calculatedOtherExpenses": 3586000, "calculatedOperatingExpenses": 72419000, "calculatedNetInterest": -102000, "calculatedOtherIncome": 6821000, "calculatedIncomeNonControlling": 0, "calculatedEbitda": 24371000}, {"date": "1999-12-31", "symbol": "SHOO", "reportedCurrency": "USD", "cik": "0000913241", "fillingDate": "2000-03-28", "acceptedDate": "2000-03-28 00:00:00", "calendarYear": "1999", "period": "FY", "revenue": 163000000, "costOfRevenue": 91500000, "grossProfit": 71500000, "grossProfitRatio": 0.4386503067, "researchAndDevelopmentExpenses": 0, "generalAndAdministrativeExpenses": 52900000, "sellingAndMarketingExpenses": 0, "sellingGeneralAndAdministrativeExpenses": 52900000, "otherExpenses": 3000000, "operatingExpenses": 55900000, "costAndExpenses": 147400000, "interestIncome": 0, "interestExpense": -8500000, "depreciationAndAmortization": 3000000, "ebitda": 14300000, "ebitdaratio": 0.0877300613, "operatingIncome": 15600000, "operatingIncomeRatio": 0.0957055215, "totalOtherIncomeExpensesNet": 4300000, "incomeBeforeTax": 19800000, "incomeBeforeTaxRatio": 0.1214723926, "incomeTaxExpense": 8300000, "netIncome": 11500000, "netIncomeRatio": 0.0705521472, "eps": 0.14, "epsdiluted": 0.12, "weightedAverageShsOut": 82249804, "weightedAverageShsOutDil": 94658766, "link": "https://www.sec.gov/Archives/edgar/data/913241/000101905600000179/0001019056-00-000179-index.html", "finalLink": "https://www.sec.gov/Archives/edgar/data/913241/000101905600000179/", "calculatedOtherExpenses": 3000000, "calculatedOperatingExpenses": 55900000, "calculatedNetInterest": 8500000, "calculatedOtherIncome": -4300000, "calculatedIncomeNonControlling": 0, "calculatedEbitda": 18600000}, {"date": "1998-12-31", "symbol": "SHOO", "reportedCurrency": "USD", "cik": "0000913241", "fillingDate": "1999-03-29", "acceptedDate": "1999-03-29 00:00:00", "calendarYear": "1998", "period": "FY", "revenue": 85800000, "costOfRevenue": 48500000, "grossProfit": 37300000, "grossProfitRatio": 0.4347319347, "researchAndDevelopmentExpenses": 0, "generalAndAdministrativeExpenses": 29900000, "sellingAndMarketingExpenses": 0, "sellingGeneralAndAdministrativeExpenses": 29900000, "otherExpenses": 1400000, "operatingExpenses": 31300000, "costAndExpenses": 79800000, "interestIncome": 0, "interestExpense": 200000, "depreciationAndAmortization": 1400000, "ebitda": 3700000, "ebitdaratio": 0.0431235431, "operatingIncome": 6000000, "operatingIncomeRatio": 0.0699300699, "totalOtherIncomeExpensesNet": 3700000, "incomeBeforeTax": 9300000, "incomeBeforeTaxRatio": 0.1083916084, "incomeTaxExpense": 3900000, "netIncome": 5400000, "netIncomeRatio": 0.0629370629, "eps": 0.0764, "epsdiluted": 0.0658, "weightedAverageShsOut": 71660684, "weightedAverageShsOutDil": 83402923, "link": "https://www.sec.gov/Archives/edgar/data/913241/000101905699000164/0001019056-99-000164-index.html", "finalLink": "https://www.sec.gov/Archives/edgar/data/913241/", "calculatedOtherExpenses": 1400000, "calculatedOperatingExpenses": 31300000, "calculatedNetInterest": -200000, "calculatedOtherIncome": 3500000, "calculatedIncomeNonControlling": 0, "calculatedEbitda": 7400000}, {"date": "1997-12-31", "symbol": "SHOO", "reportedCurrency": "USD", "cik": "0000913241", "fillingDate": "1998-03-27", "acceptedDate": "1998-03-27 00:00:00", "calendarYear": "1997", "period": "FY", "revenue": 59300000, "costOfRevenue": 34000000, "grossProfit": 25300000, "grossProfitRatio": 0.4266441821, "researchAndDevelopmentExpenses": 0, "generalAndAdministrativeExpenses": 22300000, "sellingAndMarketingExpenses": 0, "sellingGeneralAndAdministrativeExpenses": 22300000, "otherExpenses": 800000, "operatingExpenses": 23100000, "costAndExpenses": 57100000, "interestIncome": 0, "interestExpense": -5000000, "depreciationAndAmortization": 800000, "ebitda": 400000, "ebitdaratio": 0.0067453626, "operatingIncome": 2200000, "operatingIncomeRatio": 0.0370994941, "totalOtherIncomeExpensesNet": 2600000, "incomeBeforeTax": 4600000, "incomeBeforeTaxRatio": 0.0775716695, "incomeTaxExpense": 1900000, "netIncome": 2700000, "netIncomeRatio": 0.0455311973, "eps": 0.0435, "epsdiluted": 0.0395, "weightedAverageShsOut": 62099632, "weightedAverageShsOutDil": 68309595, "link": "https://www.sec.gov/Archives/edgar/data/913241/000101905698000156/0001019056-98-000156-index.html", "finalLink": "https://www.sec.gov/Archives/edgar/data/913241/", "calculatedOtherExpenses": 800000, "calculatedOperatingExpenses": 23100000, "calculatedNetInterest": 5000000, "calculatedOtherIncome": -2600000, "calculatedIncomeNonControlling": 0, "calculatedEbitda": 3000000}, {"date": "1996-12-31", "symbol": "SHOO", "reportedCurrency": "USD", "cik": "0000913241", "fillingDate": "1997-03-31", "acceptedDate": "1997-03-31 00:00:00", "calendarYear": "1996", "period": "FY", "revenue": 45800000, "costOfRevenue": 30900000, "grossProfit": 14900000, "grossProfitRatio": 0.3253275109, "researchAndDevelopmentExpenses": 0, "generalAndAdministrativeExpenses": 14000000, "sellingAndMarketingExpenses": 0, "sellingGeneralAndAdministrativeExpenses": 14000000, "otherExpenses": 400000, "operatingExpenses": 14400000, "costAndExpenses": 45300000, "interestIncome": 0, "interestExpense": 200000, "depreciationAndAmortization": 400000, "ebitda": -400000, "ebitdaratio": -0.0087336245, "operatingIncome": 500000, "operatingIncomeRatio": 0.0109170306, "totalOtherIncomeExpensesNet": 1300000, "incomeBeforeTax": 1600000, "incomeBeforeTaxRatio": 0.0349344978, "incomeTaxExpense": 500000, "netIncome": 1100000, "netIncomeRatio": 0.0240174672, "eps": 0.0184, "epsdiluted": 0.0184, "weightedAverageShsOut": 77285512, "weightedAverageShsOutDil": 77285512, "link": "https://www.sec.gov/Archives/edgar/data/913241/000088981297000868/0000889812-97-000868-index.html", "finalLink": "https://www.sec.gov/Archives/edgar/data/913241/", "calculatedOtherExpenses": 400000, "calculatedOperatingExpenses": 14400000, "calculatedNetInterest": -200000, "calculatedOtherIncome": 1300000, "calculatedIncomeNonControlling": 0, "calculatedEbitda": 900000}, {"date": "1995-12-31", "symbol": "SHOO", "reportedCurrency": "USD", "cik": "0000913241", "fillingDate": "1996-06-12", "acceptedDate": "1996-06-12 00:00:00", "calendarYear": "1995", "period": "FY", "revenue": 38700000, "costOfRevenue": 25800000, "grossProfit": 12900000, "grossProfitRatio": 0.3333333333, "researchAndDevelopmentExpenses": 0, "generalAndAdministrativeExpenses": 0, "sellingAndMarketingExpenses": 0, "sellingGeneralAndAdministrativeExpenses": 7500000, "otherExpenses": 100000, "operatingExpenses": 7600000, "costAndExpenses": 33400000, "interestIncome": 0, "interestExpense": 300000, "depreciationAndAmortization": 100000, "ebitda": 5000000, "ebitdaratio": 0.1291989664, "operatingIncome": 5300000, "operatingIncomeRatio": 0.1369509044, "totalOtherIncomeExpensesNet": 400000, "incomeBeforeTax": 5600000, "incomeBeforeTaxRatio": 0.1447028424, "incomeTaxExpense": 1800000, "netIncome": 3800000, "netIncomeRatio": 0.0981912145, "eps": 0.087, "epsdiluted": 0.0672, "weightedAverageShsOut": 43699741, "weightedAverageShsOutDil": 56552606, "link": "https://www.sec.gov/Archives/edgar/data/913241/000088981296000655/0000889812-96-000655-index.html", "finalLink": "https://www.sec.gov/Archives/edgar/data/913241/", "calculatedOtherExpenses": 100000, "calculatedOperatingExpenses": 7600000, "calculatedNetInterest": -300000, "calculatedOtherIncome": 600000, "calculatedIncomeNonControlling": 0, "calculatedEbitda": 5400000}, {"date": "1994-12-31", "symbol": "SHOO", "reportedCurrency": "USD", "cik": "0000913241", "fillingDate": "1994-12-31", "acceptedDate": "1994-12-31 00:00:00", "calendarYear": "1994", "period": "FY", "revenue": 8400000, "costOfRevenue": 6200000, "grossProfit": 2200000, "grossProfitRatio": 0.2619047619, "researchAndDevelopmentExpenses": 0, "generalAndAdministrativeExpenses": 0, "sellingAndMarketingExpenses": 0, "sellingGeneralAndAdministrativeExpenses": 2900000, "otherExpenses": 100000, "operatingExpenses": 3000000, "costAndExpenses": 9200000, "interestIncome": 0, "interestExpense": 100000, "depreciationAndAmortization": 100000, "ebitda": -800000, "ebitdaratio": -0.0952380952, "operatingIncome": -800000, "operatingIncomeRatio": -0.0952380952, "totalOtherIncomeExpensesNet": 100000, "incomeBeforeTax": -700000, "incomeBeforeTaxRatio": -0.0833333333, "incomeTaxExpense": -300000, "netIncome": -700000, "netIncomeRatio": -0.0833333333, "eps": -0.0171, "epsdiluted": -0.0171, "weightedAverageShsOut": 40868989, "weightedAverageShsOutDil": 40868989, "link": null, "finalLink": null, "calculatedOtherExpenses": 100000, "calculatedOperatingExpenses": 3000000, "calculatedNetInterest": -100000, "calculatedOtherIncome": 200000, "calculatedIncomeNonControlling": 300000, "calculatedEbitda": -700000}, {"date": "1993-12-31", "symbol": "SHOO", "reportedCurrency": "USD", "cik": "0000913241", "fillingDate": "1993-12-31", "acceptedDate": "1993-12-31 00:00:00", "calendarYear": "1993", "period": "FY", "revenue": 2600000, "costOfRevenue": 0, "grossProfit": 2600000, "grossProfitRatio": 1, "researchAndDevelopmentExpenses": 0, "generalAndAdministrativeExpenses": 0, "sellingAndMarketingExpenses": 0, "sellingGeneralAndAdministrativeExpenses": 0, "otherExpenses": 0, "operatingExpenses": 0, "costAndExpenses": 0, "interestIncome": 0, "interestExpense": 0, "depreciationAndAmortization": 0, "ebitda": 2600000, "ebitdaratio": 1, "operatingIncome": 2600000, "operatingIncomeRatio": 1, "totalOtherIncomeExpensesNet": 0, "incomeBeforeTax": 0, "incomeBeforeTaxRatio": 0, "incomeTaxExpense": 3500000, "netIncome": -900000, "netIncomeRatio": -0.3461538462, "eps": -0.0215, "epsdiluted": -0.0215, "weightedAverageShsOut": 41835831, "weightedAverageShsOutDil": 41835831, "link": null, "finalLink": null, "calculatedOtherExpenses": 0, "calculatedOperatingExpenses": 0, "calculatedNetInterest": 0, "calculatedOtherIncome": -2600000, "calculatedIncomeNonControlling": -2600000, "calculatedEbitda": 2600000}, {"date": "1992-12-31", "symbol": "SHOO", "reportedCurrency": "USD", "cik": "0000913241", "fillingDate": "1993-06-30", "acceptedDate": "1993-06-29 20:00:00", "calendarYear": "1992", "period": "FY", "revenue": 3800000, "costOfRevenue": 2500000, "grossProfit": 1300000, "grossProfitRatio": 0.3421052632, "researchAndDevelopmentExpenses": 0, "generalAndAdministrativeExpenses": 0, "sellingAndMarketingExpenses": 0, "sellingGeneralAndAdministrativeExpenses": 1000000, "otherExpenses": 0, "operatingExpenses": 1200000, "costAndExpenses": 3700000, "interestIncome": 0, "interestExpense": 100000, "depreciationAndAmortization": 200000, "ebitda": 400000, "ebitdaratio": 0.1052631579, "operatingIncome": 100000, "operatingIncomeRatio": 0.0263157895, "totalOtherIncomeExpensesNet": -100000, "incomeBeforeTax": 0, "incomeBeforeTaxRatio": 0, "incomeTaxExpense": 200000, "netIncome": -100000, "netIncomeRatio": -0.0263157895, "eps": -0.0105, "epsdiluted": -0.0105, "weightedAverageShsOut": 9487444, "weightedAverageShsOutDil": 9487444, "link": null, "finalLink": null, "calculatedOtherExpenses": 200000, "calculatedOperatingExpenses": 1200000, "calculatedNetInterest": -100000, "calculatedOtherIncome": 0, "calculatedIncomeNonControlling": -100000, "calculatedEbitda": 300000}]}