{"originalCurrency": "MXN", "convertedCurrency": "MXN", "report": [{"date": "2023-12-31", "symbol": "SIM", "reportedCurrency": "MXN", "cik": "0000887153", "fillingDate": "2023-12-31", "acceptedDate": "2023-12-29 19:00:00", "calendarYear": "2023", "period": "FY", "revenue": 41216817000, "costOfRevenue": 30588291000, "grossProfit": 10628526000, "grossProfitRatio": 0.2578686753, "researchAndDevelopmentExpenses": 0, "generalAndAdministrativeExpenses": 2347923000, "sellingAndMarketingExpenses": 0, "sellingGeneralAndAdministrativeExpenses": 2347923000, "otherExpenses": 28959000, "operatingExpenses": 2347923000, "costAndExpenses": 32936214000, "interestIncome": 728587000, "interestExpense": 155355000, "depreciationAndAmortization": 1027210000, "ebitda": 9307813000, "ebitdaratio": 0.2258256139, "operatingIncome": 8280602999, "operatingIncomeRatio": 0.200903505, "totalOtherIncomeExpensesNet": -1795942999, "incomeBeforeTax": 6484660000, "incomeBeforeTaxRatio": 0.1573304411, "incomeTaxExpense": 1305189000, "netIncome": 5185796000, "netIncomeRatio": 0.1258174788, "eps": 10.42, "epsdiluted": 31.26, "weightedAverageShsOut": 165892386, "weightedAverageShsOutDil": 165892386, "link": null, "finalLink": null, "calculatedOtherExpenses": 1, "calculatedOperatingExpenses": 2347923001, "calculatedNetInterest": 573232000, "calculatedOtherIncome": -2369174999, "calculatedIncomeNonControlling": -6325000, "calculatedEbitda": 9307812999}, {"date": "2022-12-31", "symbol": "SIM", "reportedCurrency": "MXN", "cik": "0000887153", "fillingDate": "2023-05-01", "acceptedDate": "2023-05-01 16:58:20", "calendarYear": "2022", "period": "FY", "revenue": 54159247000, "costOfRevenue": 39683861000, "grossProfit": 14475386000, "grossProfitRatio": 0.2672745062, "researchAndDevelopmentExpenses": 0, "generalAndAdministrativeExpenses": 2456700000, "sellingAndMarketingExpenses": 0, "sellingGeneralAndAdministrativeExpenses": 2456700000, "otherExpenses": -71845000, "operatingExpenses": 2384855000, "costAndExpenses": 42068716000, "interestIncome": 253476000, "interestExpense": 56352000, "depreciationAndAmortization": 784102000, "ebitda": 12874633000, "ebitdaratio": 0.2377180946, "operatingIncome": 12090531000, "operatingIncomeRatio": 0.2232403822, "totalOtherIncomeExpensesNet": -1089155000, "incomeBeforeTax": 11001376000, "incomeBeforeTaxRatio": 0.2031301506, "incomeTaxExpense": 3299522000, "netIncome": 7862671000, "netIncomeRatio": 0.1451768892, "eps": 17.01, "epsdiluted": 17.01, "weightedAverageShsOut": 462375000, "weightedAverageShsOutDil": 462375000, "link": "https://www.sec.gov/Archives/edgar/data/887153/000121390023034743/0001213900-23-034743-index.htm", "finalLink": "https://www.sec.gov/Archives/edgar/data/887153/000121390023034743/f20f2022_gruposimec.htm", "calculatedOtherExpenses": -71845000, "calculatedOperatingExpenses": 2384855000, "calculatedNetInterest": 197124000, "calculatedOtherIncome": -1286279000, "calculatedIncomeNonControlling": -160817000, "calculatedEbitda": 12874633000}, {"date": "2021-12-31", "symbol": "SIM", "reportedCurrency": "MXN", "cik": "0000887153", "fillingDate": "2022-05-18", "acceptedDate": "2022-05-18 17:07:59", "calendarYear": "2021", "period": "FY", "revenue": 55620356000, "costOfRevenue": 39968186000, "grossProfit": 15652170000, "grossProfitRatio": 0.2814108202, "researchAndDevelopmentExpenses": 0, "generalAndAdministrativeExpenses": 2042642000, "sellingAndMarketingExpenses": 0, "sellingGeneralAndAdministrativeExpenses": 2042642000, "otherExpenses": 77406000, "operatingExpenses": 2120048000, "costAndExpenses": 42088234000, "interestIncome": 65948000, "interestExpense": 87445000, "depreciationAndAmortization": 1241056000, "ebitda": 14773178000, "ebitdaratio": 0.2656073974, "operatingIncome": 13532122000, "operatingIncomeRatio": 0.2432944154, "totalOtherIncomeExpensesNet": 303514000, "incomeBeforeTax": 13835636000, "incomeBeforeTaxRatio": 0.2487513025, "incomeTaxExpense": 4389769000, "netIncome": 9444208000, "netIncomeRatio": 0.1697976906, "eps": 20.41, "epsdiluted": 20.41, "weightedAverageShsOut": 462810000, "weightedAverageShsOutDil": 462810000, "link": "https://www.sec.gov/Archives/edgar/data/887153/000121390022027975/0001213900-22-027975-index.htm", "finalLink": "https://www.sec.gov/Archives/edgar/data/887153/000121390022027975/f20f2021_gruposimec.htm", "calculatedOtherExpenses": 77406000, "calculatedOperatingExpenses": 2120048000, "calculatedNetInterest": -21497000, "calculatedOtherIncome": 325011000, "calculatedIncomeNonControlling": 1659000, "calculatedEbitda": 14773178000}, {"date": "2020-12-31", "symbol": "SIM", "reportedCurrency": "MXN", "cik": "0000887153", "fillingDate": "2021-05-24", "acceptedDate": "2021-05-24 17:30:56", "calendarYear": "2020", "period": "FY", "revenue": 35869314000, "costOfRevenue": 29211724000, "grossProfit": 6657590000, "grossProfitRatio": 0.1856068393, "researchAndDevelopmentExpenses": 0, "generalAndAdministrativeExpenses": 2019328000, "sellingAndMarketingExpenses": 0, "sellingGeneralAndAdministrativeExpenses": 2019328000, "otherExpenses": -546749000, "operatingExpenses": 1472579000, "costAndExpenses": 30684303000, "interestIncome": 107826000, "interestExpense": 53746000, "depreciationAndAmortization": 1560097000, "ebitda": 6745108000, "ebitdaratio": 0.1880467522, "operatingIncome": 5185011000, "operatingIncomeRatio": 0.1445528342, "totalOtherIncomeExpensesNet": -309084000, "incomeBeforeTax": 4875927000, "incomeBeforeTaxRatio": 0.1359358866, "incomeTaxExpense": 1918639000, "netIncome": 2798188000, "netIncomeRatio": 0.0780106361, "eps": 6.38, "epsdiluted": 6.38, "weightedAverageShsOut": 463483000, "weightedAverageShsOutDil": 463483000, "link": "https://www.sec.gov/Archives/edgar/data/887153/000089109221004699/0000891092-21-004699-index.htm", "finalLink": "https://www.sec.gov/Archives/edgar/data/887153/000089109221004699/e12269-20f.htm", "calculatedOtherExpenses": -546749000, "calculatedOperatingExpenses": 1472579000, "calculatedNetInterest": 54080000, "calculatedOtherIncome": -363164000, "calculatedIncomeNonControlling": 159100000, "calculatedEbitda": 6745108000}, {"date": "2019-12-31", "symbol": "SIM", "reportedCurrency": "MXN", "cik": "0000887153", "fillingDate": "2020-06-05", "acceptedDate": "2020-06-05 11:05:39", "calendarYear": "2019", "period": "FY", "revenue": 34171201000, "costOfRevenue": 30067141000, "grossProfit": 4104060000, "grossProfitRatio": 0.1201028902, "researchAndDevelopmentExpenses": 0, "generalAndAdministrativeExpenses": 1637425000, "sellingAndMarketingExpenses": 0, "sellingGeneralAndAdministrativeExpenses": 1637425000, "otherExpenses": 136582000, "operatingExpenses": 1774007000, "costAndExpenses": 31841148000, "interestIncome": 145995000, "interestExpense": 55049000, "depreciationAndAmortization": 1254624000, "ebitda": 3584677000, "ebitdaratio": 0.1049034536, "operatingIncome": 2330053000, "operatingIncomeRatio": 0.0681876238, "totalOtherIncomeExpensesNet": -693637000, "incomeBeforeTax": 1636416000, "incomeBeforeTaxRatio": 0.047888747, "incomeTaxExpense": 3276274000, "netIncome": -1639858000, "netIncomeRatio": -0.0479894751, "eps": -3.53, "epsdiluted": -3.53, "weightedAverageShsOut": 465069000, "weightedAverageShsOutDil": 465069000, "link": "https://www.sec.gov/Archives/edgar/data/887153/000089109220007459/0000891092-20-007459-index.htm", "finalLink": "https://www.sec.gov/Archives/edgar/data/887153/000089109220007459/e9568-20f.htm", "calculatedOtherExpenses": 136582000, "calculatedOperatingExpenses": 1774007000, "calculatedNetInterest": 90946000, "calculatedOtherIncome": -784583000, "calculatedIncomeNonControlling": 0, "calculatedEbitda": 3584677000}, {"date": "2018-12-31", "symbol": "SIM", "reportedCurrency": "MXN", "cik": "0000887153", "fillingDate": "2019-08-05", "acceptedDate": "2019-08-05 17:01:03", "calendarYear": "2018", "period": "FY", "revenue": 35678253000, "costOfRevenue": 30563315000, "grossProfit": 5114938000, "grossProfitRatio": 0.1433629051, "researchAndDevelopmentExpenses": 0, "generalAndAdministrativeExpenses": 1080012000, "sellingAndMarketingExpenses": 0, "sellingGeneralAndAdministrativeExpenses": 1080012000, "otherExpenses": -8647000, "operatingExpenses": 1064960000, "costAndExpenses": 31628275000, "interestIncome": 102307000, "interestExpense": 16511000, "depreciationAndAmortization": 1112418000, "ebitda": 5264703000, "ebitdaratio": 0.1475605602, "operatingIncome": 4049978000, "operatingIncomeRatio": 0.11351391, "totalOtherIncomeExpensesNet": -150841000, "incomeBeforeTax": 3984933000, "incomeBeforeTaxRatio": 0.1116908106, "incomeTaxExpense": 675029000, "netIncome": 3516321000, "netIncomeRatio": 0.0985564232, "eps": 21.55, "epsdiluted": 21.55, "weightedAverageShsOut": 163179000, "weightedAverageShsOutDil": 163179000, "link": "https://www.sec.gov/Archives/edgar/data/887153/000089109219008252/0000891092-19-008252-index.htm", "finalLink": "https://www.sec.gov/Archives/edgar/data/887153/000089109219008252/e4825_20f.htm", "calculatedOtherExpenses": -15052000, "calculatedOperatingExpenses": 1064960000, "calculatedNetInterest": 85796000, "calculatedOtherIncome": -150841000, "calculatedIncomeNonControlling": -206417000, "calculatedEbitda": 5162396000}, {"date": "2017-12-31", "symbol": "SIM", "reportedCurrency": "MXN", "cik": "0000887153", "fillingDate": "2018-05-16", "acceptedDate": "2018-05-16 10:37:06", "calendarYear": "2017", "period": "FY", "revenue": 28673937000, "costOfRevenue": 23933194000, "grossProfit": 4740743000, "grossProfitRatio": 0.1653328247, "researchAndDevelopmentExpenses": 0, "generalAndAdministrativeExpenses": 1240702000, "sellingAndMarketingExpenses": 0, "sellingGeneralAndAdministrativeExpenses": 1240702000, "otherExpenses": 6934000, "operatingExpenses": 1215571000, "costAndExpenses": 25148765000, "interestIncome": 49227000, "interestExpense": 54404000, "depreciationAndAmortization": 1465759000, "ebitda": 5040158000, "ebitdaratio": 0.1757748857, "operatingIncome": 3525172000, "operatingIncomeRatio": 0.1229399367, "totalOtherIncomeExpensesNet": -242196000, "incomeBeforeTax": 3277799000, "incomeBeforeTaxRatio": 0.114312834, "incomeTaxExpense": 2079147000, "netIncome": 1203892000, "netIncomeRatio": 0.0419855843, "eps": 7.26, "epsdiluted": 7.26, "weightedAverageShsOut": 164639335, "weightedAverageShsOutDil": 165825344, "link": "https://www.sec.gov/Archives/edgar/data/887153/000089109218004329/0000891092-18-004329-index.htm", "finalLink": "https://www.sec.gov/Archives/edgar/data/887153/000089109218004329/e78894_20f.htm", "calculatedOtherExpenses": -25131000, "calculatedOperatingExpenses": 1215571000, "calculatedNetInterest": -5177000, "calculatedOtherIncome": -242196000, "calculatedIncomeNonControlling": -5240000, "calculatedEbitda": 4990931000}, {"date": "2016-12-31", "symbol": "SIM", "reportedCurrency": "MXN", "cik": "0000887153", "fillingDate": "2017-05-15", "acceptedDate": "2017-05-15 17:23:06", "calendarYear": "2016", "period": "FY", "revenue": 27515565000, "costOfRevenue": 22775593000, "grossProfit": 4739972000, "grossProfitRatio": 0.1722651161, "researchAndDevelopmentExpenses": 0, "generalAndAdministrativeExpenses": 1277487000, "sellingAndMarketingExpenses": 0, "sellingGeneralAndAdministrativeExpenses": 1277487000, "otherExpenses": 36198000, "operatingExpenses": 1313685000, "costAndExpenses": 24089278000, "interestIncome": 108151000, "interestExpense": 40170000, "depreciationAndAmortization": 1429381000, "ebitda": 4963819000, "ebitdaratio": 0.1804004025, "operatingIncome": 3426287000, "operatingIncomeRatio": 0.1245217752, "totalOtherIncomeExpensesNet": 1774984000, "incomeBeforeTax": 5269252000, "incomeBeforeTaxRatio": 0.1915007742, "incomeTaxExpense": 926041000, "netIncome": 2884834000, "netIncomeRatio": 0.104843713, "eps": 17.79, "epsdiluted": 17.79, "weightedAverageShsOut": 162160427, "weightedAverageShsOutDil": 162160427, "link": "https://www.sec.gov/Archives/edgar/data/887153/000089109217003916/0000891092-17-003916-index.htm", "finalLink": "https://www.sec.gov/Archives/edgar/data/887153/000089109217003916/e74212_20f.htm", "calculatedOtherExpenses": 36198000, "calculatedOperatingExpenses": 1313685000, "calculatedNetInterest": 67981000, "calculatedOtherIncome": 1774984000, "calculatedIncomeNonControlling": 1458377000, "calculatedEbitda": 4855668000}, {"date": "2015-12-31", "symbol": "SIM", "reportedCurrency": "MXN", "cik": "0000887153", "fillingDate": "2016-09-21", "acceptedDate": "2016-09-21 16:37:53", "calendarYear": "2015", "period": "FY", "revenue": 25096423000, "costOfRevenue": 21957415000, "grossProfit": 3139008000, "grossProfitRatio": 0.1250779045, "researchAndDevelopmentExpenses": 0, "generalAndAdministrativeExpenses": 1487076000, "sellingAndMarketingExpenses": 0, "sellingGeneralAndAdministrativeExpenses": 1487076000, "otherExpenses": 927000, "operatingExpenses": 1428848000, "costAndExpenses": 23386263000, "interestIncome": 36676000, "interestExpense": 31410000, "depreciationAndAmortization": 1122628000, "ebitda": 2869464000, "ebitdaratio": 0.1143375691, "operatingIncome": 1710160000, "operatingIncomeRatio": 0.0681435757, "totalOtherIncomeExpensesNet": 59546000, "incomeBeforeTax": 1774972000, "incomeBeforeTaxRatio": 0.0707260951, "incomeTaxExpense": 1243467000, "netIncome": 901300000, "netIncomeRatio": 0.0359134846, "eps": -7.41, "epsdiluted": -7.41, "weightedAverageShsOut": 164140333, "weightedAverageShsOutDil": 164140333, "link": "https://www.sec.gov/Archives/edgar/data/887153/000089109216017506/0000891092-16-017506-index.htm", "finalLink": "https://www.sec.gov/Archives/edgar/data/887153/000089109216017506/e71215_20f.htm", "calculatedOtherExpenses": -58228000, "calculatedOperatingExpenses": 1428848000, "calculatedNetInterest": 5266000, "calculatedOtherIncome": 59546000, "calculatedIncomeNonControlling": -369795000, "calculatedEbitda": 2832788000}, {"date": "2014-12-31", "symbol": "SIM", "reportedCurrency": "MXN", "cik": "0000887153", "fillingDate": "2015-05-15", "acceptedDate": "2015-05-15 13:58:28", "calendarYear": "2014", "period": "FY", "revenue": 26828761000, "costOfRevenue": 25492298000, "grossProfit": 1336463000, "grossProfitRatio": 0.0498145628, "researchAndDevelopmentExpenses": 0, "generalAndAdministrativeExpenses": 1193718000, "sellingAndMarketingExpenses": 0, "sellingGeneralAndAdministrativeExpenses": 1193718000, "otherExpenses": -60554000, "operatingExpenses": 1133164000, "costAndExpenses": 26625462000, "interestIncome": 25139000, "interestExpense": 22614000, "depreciationAndAmortization": 1117906000, "ebitda": 1346344000, "ebitdaratio": 0.0501828616, "operatingIncome": 203299000, "operatingIncomeRatio": 0.0075776515, "totalOtherIncomeExpensesNet": 474092000, "incomeBeforeTax": 679916000, "incomeBeforeTaxRatio": 0.0253428028, "incomeTaxExpense": 161997000, "netIncome": 1203524000, "netIncomeRatio": 0.04485947, "eps": 7.32, "epsdiluted": 7.32, "weightedAverageShsOut": 164260333, "weightedAverageShsOutDil": 164260333, "link": "https://www.sec.gov/Archives/edgar/data/887153/000089109215004288/0000891092-15-004288-index.htm", "finalLink": "https://www.sec.gov/Archives/edgar/data/887153/000089109215004288/e64221_20f.htm", "calculatedOtherExpenses": -60554000, "calculatedOperatingExpenses": 1133164000, "calculatedNetInterest": 2525000, "calculatedOtherIncome": 474092000, "calculatedIncomeNonControlling": -685605000, "calculatedEbitda": 1321205000}, {"date": "2013-12-31", "symbol": "SIM", "reportedCurrency": "MXN", "cik": "0000887153", "fillingDate": "2014-05-15", "acceptedDate": "2014-05-15 11:32:41", "calendarYear": "2013", "period": "FY", "revenue": 24368940000, "costOfRevenue": 22410267000, "grossProfit": 1958673000, "grossProfitRatio": 0.080375798, "researchAndDevelopmentExpenses": 0, "generalAndAdministrativeExpenses": 1116659000, "sellingAndMarketingExpenses": 0, "sellingGeneralAndAdministrativeExpenses": 1116659000, "otherExpenses": 59161000, "operatingExpenses": 1175820000, "costAndExpenses": 23586087000, "interestIncome": 20398000, "interestExpense": 28714000, "depreciationAndAmortization": 1052900000, "ebitda": 1856151000, "ebitdaratio": 0.0761687213, "operatingIncome": 782853000, "operatingIncomeRatio": 0.0321250329, "totalOtherIncomeExpensesNet": -66506000, "incomeBeforeTax": 708031000, "incomeBeforeTaxRatio": 0.0290546491, "incomeTaxExpense": -281568000, "netIncome": 1516553000, "netIncomeRatio": 0.0622330311, "eps": 9.22, "epsdiluted": 9.22, "weightedAverageShsOut": 164429398, "weightedAverageShsOutDil": 164429398, "link": "https://www.sec.gov/Archives/edgar/data/887153/000089109214003903/0000891092-14-003903-index.htm", "finalLink": "https://www.sec.gov/Archives/edgar/data/887153/000089109214003903/e58854_20f.htm", "calculatedOtherExpenses": 59161000, "calculatedOperatingExpenses": 1175820000, "calculatedNetInterest": -8316000, "calculatedOtherIncome": -66506000, "calculatedIncomeNonControlling": -526954000, "calculatedEbitda": 1835753000}, {"date": "2012-12-31", "symbol": "SIM", "reportedCurrency": "MXN", "cik": "0000887153", "fillingDate": "2013-05-15", "acceptedDate": "2013-05-15 13:52:02", "calendarYear": "2012", "period": "FY", "revenue": 29772621000, "costOfRevenue": 25989054000, "grossProfit": 3783567000, "grossProfitRatio": 0.1270820933, "researchAndDevelopmentExpenses": 0, "generalAndAdministrativeExpenses": 1117093000, "sellingAndMarketingExpenses": 0, "sellingGeneralAndAdministrativeExpenses": 1117093000, "otherExpenses": 34481000, "operatingExpenses": 1143439000, "costAndExpenses": 27132493000, "interestIncome": 23555000, "interestExpense": 23025000, "depreciationAndAmortization": 1005992000, "ebitda": 3669675000, "ebitdaratio": 0.1232566995, "operatingIncome": 2640128000, "operatingIncomeRatio": 0.0886763715, "totalOtherIncomeExpensesNet": -172621000, "incomeBeforeTax": 2468037000, "incomeBeforeTaxRatio": 0.0828961951, "incomeTaxExpense": 71084000, "netIncome": 2423889000, "netIncomeRatio": 0.0814133563, "eps": 12.48, "epsdiluted": 12.48, "weightedAverageShsOut": 165903000, "weightedAverageShsOutDil": 165903000, "link": "https://www.sec.gov/Archives/edgar/data/887153/000089109213004597/0000891092-13-004597-index.htm", "finalLink": "https://www.sec.gov/Archives/edgar/data/887153/000089109213004597/e53688-20f.htm", "calculatedOtherExpenses": 26346000, "calculatedOperatingExpenses": 1143439000, "calculatedNetInterest": 530000, "calculatedOtherIncome": -172621000, "calculatedIncomeNonControlling": -26936000, "calculatedEbitda": 3646120000}, {"date": "2011-12-31", "symbol": "SIM", "reportedCurrency": "MXN", "cik": "0000887153", "fillingDate": "2012-05-16", "acceptedDate": "2012-05-15 18:49:27", "calendarYear": "2011", "period": "FY", "revenue": 29270498000, "costOfRevenue": 25624612000, "grossProfit": 3645886000, "grossProfitRatio": 0.1245583864, "researchAndDevelopmentExpenses": 0, "generalAndAdministrativeExpenses": 0, "sellingAndMarketingExpenses": 0, "sellingGeneralAndAdministrativeExpenses": 1054152000, "otherExpenses": 0, "operatingExpenses": 1054152000, "costAndExpenses": 26678764000, "interestIncome": 26135000, "interestExpense": 23725000, "depreciationAndAmortization": 1001098000, "ebitda": 3618967000, "ebitdaratio": 0.1236387232, "operatingIncome": 2591734000, "operatingIncomeRatio": 0.08854424, "totalOtherIncomeExpensesNet": 467924000, "incomeBeforeTax": 3062068000, "incomeBeforeTaxRatio": 0.1046127743, "incomeTaxExpense": 109837000, "netIncome": 2862427000, "netIncomeRatio": 0.0977922207, "eps": 17.43, "epsdiluted": 17.43, "weightedAverageShsOut": 165903000, "weightedAverageShsOutDil": 165903000, "link": "https://www.sec.gov/Archives/edgar/data/887153/000089109212002872/0000891092-12-002872-index.htm", "finalLink": "https://www.sec.gov/Archives/edgar/data/887153/000089109212002872/e48470_20f.htm", "calculatedOtherExpenses": 0, "calculatedOperatingExpenses": 1054152000, "calculatedNetInterest": 2410000, "calculatedOtherIncome": 467924000, "calculatedIncomeNonControlling": 89804000, "calculatedEbitda": 3592832000}, {"date": "2010-12-31", "symbol": "SIM", "reportedCurrency": "MXN", "cik": "0000887153", "fillingDate": "2011-07-12", "acceptedDate": "2011-07-12 13:40:16", "calendarYear": "2010", "period": "FY", "revenue": 24576436000, "costOfRevenue": 20529666000, "grossProfit": 4046770000, "grossProfitRatio": 0.1646605716, "researchAndDevelopmentExpenses": 0, "generalAndAdministrativeExpenses": 0, "sellingAndMarketingExpenses": 0, "sellingGeneralAndAdministrativeExpenses": 2961944000, "otherExpenses": 0, "operatingExpenses": 2961944000, "costAndExpenses": 23491610000, "interestIncome": 0, "interestExpense": 207497000, "depreciationAndAmortization": 1098208000, "ebitda": 1084826000, "ebitdaratio": 0.0441408998, "operatingIncome": 1084826000, "operatingIncomeRatio": 0.0441408998, "totalOtherIncomeExpensesNet": -186078000, "incomeBeforeTax": 691251000, "incomeBeforeTaxRatio": 0.0281265762, "incomeTaxExpense": 86314000, "netIncome": 903543000, "netIncomeRatio": 0.0367646066, "eps": 5.64, "epsdiluted": 5.64, "weightedAverageShsOut": 165903000, "weightedAverageShsOutDil": 165903000, "link": "https://www.sec.gov/Archives/edgar/data/887153/000089109211004489/0000891092-11-004489-index.htm", "finalLink": "https://www.sec.gov/Archives/edgar/data/887153/000089109211004489/e44224_20f.htm", "calculatedOtherExpenses": 0, "calculatedOperatingExpenses": 2961944000, "calculatedNetInterest": -207497000, "calculatedOtherIncome": -186078000, "calculatedIncomeNonControlling": -298606000, "calculatedEbitda": 2183034000}, {"date": "2009-12-31", "symbol": "SIM", "reportedCurrency": "MXN", "cik": "0000887153", "fillingDate": "2010-09-17", "acceptedDate": "2010-09-17 17:16:48", "calendarYear": "2009", "period": "FY", "revenue": 252959697176, "costOfRevenue": 220977141408, "grossProfit": 31982555768, "grossProfitRatio": 0.1264334047, "researchAndDevelopmentExpenses": 0, "generalAndAdministrativeExpenses": 0, "sellingAndMarketingExpenses": 0, "sellingGeneralAndAdministrativeExpenses": 2300982000, "otherExpenses": 0, "operatingExpenses": 28399816384, "costAndExpenses": 249376957792, "interestIncome": 78131000, "interestExpense": 96000000, "depreciationAndAmortization": 1047882000, "ebitda": 3124053596, "ebitdaratio": 0.0123500053, "operatingIncome": 3582739384, "operatingIncomeRatio": 0.0141632814, "totalOtherIncomeExpensesNet": 458685788, "incomeBeforeTax": 2897543388, "incomeBeforeTaxRatio": 0.0114545654, "incomeTaxExpense": -7312699936, "netIncome": 16606081960, "netIncomeRatio": 0.0656471452, "eps": -1.95, "epsdiluted": -1.95, "weightedAverageShsOut": 165903071, "weightedAverageShsOutDil": 165903071, "link": "https://www.sec.gov/Archives/edgar/data/887153/000089109210003955/0000891092-10-003955-index.htm", "finalLink": "https://www.sec.gov/Archives/edgar/data/887153/000089109210003955/e40100-20f.htm", "calculatedOtherExpenses": 26098834384, "calculatedOperatingExpenses": 28399816384, "calculatedNetInterest": -17869000, "calculatedOtherIncome": -667326996, "calculatedIncomeNonControlling": -6395838636, "calculatedEbitda": 4630621384}, {"date": "2008-12-31", "symbol": "SIM", "reportedCurrency": "MXN", "cik": "0000887153", "fillingDate": "2009-07-20", "acceptedDate": "2009-07-20 16:20:30", "calendarYear": "2008", "period": "FY", "revenue": 35185220000, "costOfRevenue": 29796163000, "grossProfit": 5389057000, "grossProfitRatio": 0.1531625211, "researchAndDevelopmentExpenses": 0, "generalAndAdministrativeExpenses": 0, "sellingAndMarketingExpenses": 0, "sellingGeneralAndAdministrativeExpenses": 2273828000, "otherExpenses": 0, "operatingExpenses": 2273828000, "costAndExpenses": 32069991000, "interestIncome": 0, "interestExpense": 78522000, "depreciationAndAmortization": 895306000, "ebitda": 4267634000, "ebitdaratio": 0.1212905305, "operatingIncome": 3115229000, "operatingIncomeRatio": 0.0885379998, "totalOtherIncomeExpensesNet": -257099000, "incomeBeforeTax": 2936652000, "incomeBeforeTaxRatio": 0.0834626585, "incomeTaxExpense": 1036303000, "netIncome": 1900349000, "netIncomeRatio": 0.0540098655, "eps": 11.1, "epsdiluted": 11.1, "weightedAverageShsOut": 161634598, "weightedAverageShsOutDil": 161634598, "link": "https://www.sec.gov/Archives/edgar/data/887153/000089109209002905/0000891092-09-002905-index.htm", "finalLink": "https://www.sec.gov/Archives/edgar/data/887153/000089109209002905/e35966_20f.htm", "calculatedOtherExpenses": 0, "calculatedOperatingExpenses": 2273828000, "calculatedNetInterest": -78522000, "calculatedOtherIncome": -100055000, "calculatedIncomeNonControlling": 0, "calculatedEbitda": 4010535000}, {"date": "2007-12-31", "symbol": "SIM", "reportedCurrency": "MXN", "cik": "0000887153", "fillingDate": "2008-07-01", "acceptedDate": "2008-06-30 19:54:57", "calendarYear": "2007", "period": "FY", "revenue": 24059074989, "costOfRevenue": 20458927596, "grossProfit": 3600147393, "grossProfitRatio": 0.1496378142, "researchAndDevelopmentExpenses": 0, "generalAndAdministrativeExpenses": 0, "sellingAndMarketingExpenses": 0, "sellingGeneralAndAdministrativeExpenses": 1420381842, "otherExpenses": 0, "operatingExpenses": 1420381842, "costAndExpenses": 21879309438, "interestIncome": 273327670, "interestExpense": 0, "depreciationAndAmortization": 548179332, "ebitda": 2939018544, "ebitdaratio": 0.1221584182, "operatingIncome": 2179754658, "operatingIncomeRatio": 0.0906001024, "totalOtherIncomeExpensesNet": -211073661, "incomeBeforeTax": 2241463503, "incomeBeforeTaxRatio": 0.0931649909, "incomeTaxExpense": 619463124, "netIncome": 1526076621, "netIncomeRatio": 0.0634303946, "eps": 9.81, "epsdiluted": 9.81, "weightedAverageShsOut": 156076166, "weightedAverageShsOutDil": 158207204, "link": "https://www.sec.gov/Archives/edgar/data/887153/000089109208003333/0000891092-08-003333-index.htm", "finalLink": "https://www.sec.gov/Archives/edgar/data/887153/000089109208003333/e32100_20f.htm", "calculatedOtherExpenses": 10893, "calculatedOperatingExpenses": 1420392735, "calculatedNetInterest": 273327670, "calculatedOtherIncome": -211618825, "calculatedIncomeNonControlling": 95923758, "calculatedEbitda": 2727933990}, {"date": "2006-12-31", "symbol": "SIM", "reportedCurrency": "MXN", "cik": "0000887153", "fillingDate": "2007-06-29", "acceptedDate": "2007-06-29 17:19:38", "calendarYear": "2006", "period": "FY", "revenue": 22671648205, "costOfRevenue": 18445492065, "grossProfit": 4226156140, "grossProfitRatio": 0.1864070976, "researchAndDevelopmentExpenses": 0, "generalAndAdministrativeExpenses": 0, "sellingAndMarketingExpenses": 0, "sellingGeneralAndAdministrativeExpenses": 1303183195, "otherExpenses": 0, "operatingExpenses": 1303183195, "costAndExpenses": 19748675260, "interestIncome": 45252640, "interestExpense": 0, "depreciationAndAmortization": 433602765, "ebitda": 3425199525, "ebitdaratio": 0.1510785407, "operatingIncome": 2922972945, "operatingIncomeRatio": 0.1289263541, "totalOtherIncomeExpensesNet": -68623815, "incomeBeforeTax": 2899601770, "incomeBeforeTaxRatio": 0.1278954994, "incomeTaxExpense": 586880970, "netIncome": 2100534280, "netIncomeRatio": 0.0926502679, "eps": 15.49, "epsdiluted": 15.49, "weightedAverageShsOut": 140113291, "weightedAverageShsOutDil": 140404902, "link": "https://www.sec.gov/Archives/edgar/data/887153/000088237707001829/0000882377-07-001829-index.htm", "finalLink": "https://www.sec.gov/Archives/edgar/data/887153/000088237707001829/d672368.htm", "calculatedOtherExpenses": 0, "calculatedOperatingExpenses": 1303183195, "calculatedNetInterest": 45252640, "calculatedOtherIncome": -68623815, "calculatedIncomeNonControlling": 212186520, "calculatedEbitda": 3356575710}, {"date": "2005-12-31", "symbol": "SIM", "reportedCurrency": "MXN", "cik": "0000887153", "fillingDate": "2006-07-17", "acceptedDate": "2006-07-14 21:33:04", "calendarYear": "2005", "period": "FY", "revenue": 12892554400, "costOfRevenue": 10311697605, "grossProfit": 2580856795, "grossProfitRatio": 0.2001819589, "researchAndDevelopmentExpenses": 0, "generalAndAdministrativeExpenses": 0, "sellingAndMarketingExpenses": 0, "sellingGeneralAndAdministrativeExpenses": 1012702845, "otherExpenses": -413985, "operatingExpenses": 1012288860, "costAndExpenses": 11323986465, "interestIncome": 0, "interestExpense": 0, "depreciationAndAmortization": 257020995, "ebitda": 1898620130, "ebitdaratio": 0.1472648531, "operatingIncome": 1568567935, "operatingIncomeRatio": 0.1216646358, "totalOtherIncomeExpensesNet": -73031200, "incomeBeforeTax": 1479900840, "incomeBeforeTaxRatio": 0.1147872481, "incomeTaxExpense": 189509595, "netIncome": 1272589890, "netIncomeRatio": 0.0987073508, "eps": 3.3, "epsdiluted": 3.3, "weightedAverageShsOut": 413788797, "weightedAverageShsOutDil": 413788797, "link": "https://www.sec.gov/Archives/edgar/data/887153/000088237706002504/0000882377-06-002504-index.htm", "finalLink": "https://www.sec.gov/Archives/edgar/data/887153/000088237706002504/p06-1101_20f.htm", "calculatedOtherExpenses": -413985, "calculatedOperatingExpenses": 1012288860, "calculatedNetInterest": 0, "calculatedOtherIncome": -88667095, "calculatedIncomeNonControlling": 17801355, "calculatedEbitda": 1825588930}, {"date": "2004-12-31", "symbol": "SIM", "reportedCurrency": "MXN", "cik": "0000887153", "fillingDate": "2005-07-13", "acceptedDate": "2005-07-12 17:48:04", "calendarYear": "2004", "period": "FY", "revenue": 5664559770, "costOfRevenue": 3292196004, "grossProfit": 2372363766, "grossProfitRatio": 0.4188081444, "researchAndDevelopmentExpenses": 0, "generalAndAdministrativeExpenses": 0, "sellingAndMarketingExpenses": 0, "sellingGeneralAndAdministrativeExpenses": 568604988, "otherExpenses": 0, "operatingExpenses": 568604988, "costAndExpenses": 3860800992, "interestIncome": 5574135, "interestExpense": 0, "depreciationAndAmortization": 213168564, "ebitda": 2095080264, "ebitdaratio": 0.3698575616, "operatingIncome": 1803758778, "operatingIncomeRatio": 0.3184287661, "totalOtherIncomeExpensesNet": -78152922, "incomeBeforeTax": 1731147750, "incomeBeforeTaxRatio": 0.3056102893, "incomeTaxExpense": 329315112, "netIncome": 1401843744, "netIncomeRatio": 0.2474762031, "eps": 3.92, "epsdiluted": 3.92, "weightedAverageShsOut": 398916000, "weightedAverageShsOutDil": 398916000, "link": "https://www.sec.gov/Archives/edgar/data/887153/000089109205001249/0000891092-05-001249-index.htm", "finalLink": "https://www.sec.gov/Archives/edgar/data/887153/000089109205001249/e22153_20f.htm", "calculatedOtherExpenses": 0, "calculatedOperatingExpenses": 568604988, "calculatedNetInterest": 5574135, "calculatedOtherIncome": -78185163, "calculatedIncomeNonControlling": -11106, "calculatedEbitda": 2016927342}, {"date": "2003-12-31", "symbol": "SIM", "reportedCurrency": "MXN", "cik": "0000887153", "fillingDate": "2004-07-06", "acceptedDate": "2004-07-06 08:02:45", "calendarYear": "2003", "period": "FY", "revenue": 2776632583, "costOfRevenue": 1824110618, "grossProfit": 952521965, "grossProfitRatio": 0.3430493364, "researchAndDevelopmentExpenses": 0, "generalAndAdministrativeExpenses": 0, "sellingAndMarketingExpenses": 0, "sellingGeneralAndAdministrativeExpenses": 462199491, "otherExpenses": 0, "operatingExpenses": 462199491, "costAndExpenses": 2286310109, "interestIncome": 0, "interestExpense": 0, "depreciationAndAmortization": 181596357, "ebitda": 718305526, "ebitdaratio": 0.2586966423, "operatingIncome": 490322474, "operatingIncomeRatio": 0.176588893, "totalOtherIncomeExpensesNet": -46386695, "incomeBeforeTax": 436460191, "incomeBeforeTaxRatio": 0.1571904737, "incomeTaxExpense": 139585343, "netIncome": 292040336, "netIncomeRatio": 0.1051778827, "eps": 0.96, "epsdiluted": 0.96, "weightedAverageShsOut": 357159000, "weightedAverageShsOutDil": 357390181, "link": "https://www.sec.gov/Archives/edgar/data/887153/000089109204003105/0000891092-04-003105-index.htm", "finalLink": "https://www.sec.gov/Archives/edgar/data/887153/000089109204003105/e18330-20f.txt", "calculatedOtherExpenses": 0, "calculatedOperatingExpenses": 462199491, "calculatedNetInterest": 0, "calculatedOtherIncome": -53862283, "calculatedIncomeNonControlling": 4834512, "calculatedEbitda": 671918831}, {"date": "2002-12-31", "symbol": "SIM", "reportedCurrency": "MXN", "cik": "0000887153", "fillingDate": "2003-06-30", "acceptedDate": "2003-06-30 17:00:40", "calendarYear": "2002", "period": "FY", "revenue": 2112789531, "costOfRevenue": 1413724622, "grossProfit": 699064908, "grossProfitRatio": 0.3308729519, "researchAndDevelopmentExpenses": 0, "generalAndAdministrativeExpenses": 0, "sellingAndMarketingExpenses": 0, "sellingGeneralAndAdministrativeExpenses": 443844139, "otherExpenses": 0, "operatingExpenses": 443844139, "costAndExpenses": 1857568761, "interestIncome": 0, "interestExpense": 0, "depreciationAndAmortization": 155937656, "ebitda": 517568811, "ebitdaratio": 0.2449694132, "operatingIncome": 255210380, "operatingIncomeRatio": 0.1207930919, "totalOtherIncomeExpensesNet": -106410385.62, "incomeBeforeTax": 95418178, "incomeBeforeTaxRatio": 0.0451621786, "incomeTaxExpense": -22659739.41, "netIncome": 118077917, "netIncomeRatio": 0.0558872126, "eps": 1.19, "epsdiluted": 1.19, "weightedAverageShsOut": 99967222, "weightedAverageShsOutDil": 295773688, "link": "https://www.sec.gov/Archives/edgar/data/887153/000089109203001442/0000891092-03-001442-index.htm", "finalLink": "https://www.sec.gov/Archives/edgar/data/887153/000089109203001442/e15109_20f.txt", "calculatedOtherExpenses": 10389, "calculatedOperatingExpenses": 443854528, "calculatedNetInterest": 0, "calculatedOtherIncome": -159792202, "calculatedIncomeNonControlling": 0.4099999964237213, "calculatedEbitda": 411148036}, {"date": "2001-12-31", "symbol": "SIM", "reportedCurrency": "MXN", "cik": "0000887153", "fillingDate": "2002-06-28", "acceptedDate": "2002-07-02 11:45:00", "calendarYear": "2001", "period": "FY", "revenue": 1889858361, "costOfRevenue": 1268821745, "grossProfit": 621036616, "grossProfitRatio": 0.328615429, "researchAndDevelopmentExpenses": 0, "generalAndAdministrativeExpenses": 0, "sellingAndMarketingExpenses": 0, "sellingGeneralAndAdministrativeExpenses": 0, "otherExpenses": 13988171, "operatingExpenses": 13988171, "costAndExpenses": 1282809916, "interestIncome": 0, "interestExpense": 0, "depreciationAndAmortization": 428612855, "ebitda": 607048444, "ebitdaratio": 0.3212137254, "operatingIncome": 178435589, "operatingIncomeRatio": 0.0944174407, "totalOtherIncomeExpensesNet": 49795344, "incomeBeforeTax": 228212743, "incomeBeforeTaxRatio": 0.120756533, "incomeTaxExpense": 591177, "netIncome": 227621566, "netIncomeRatio": 0.1204437172, "eps": 1.39, "epsdiluted": 1.39, "weightedAverageShsOut": 8222420, "weightedAverageShsOutDil": 8222420, "link": "https://www.sec.gov/Archives/edgar/data/887153/999999999702037518/9999999997-02-037518-index.htm", "finalLink": "https://www.sec.gov/Archives/edgar/data/887153/999999999702037518/9999999997-02-037518.paper", "calculatedOtherExpenses": 442601027, "calculatedOperatingExpenses": 442601027, "calculatedNetInterest": 0, "calculatedOtherIncome": 49777154, "calculatedIncomeNonControlling": 0, "calculatedEbitda": 607048444}, {"date": "2000-12-31", "symbol": "SIM", "reportedCurrency": "MXN", "cik": "0000887153", "fillingDate": "2000-12-31", "acceptedDate": "2000-12-30 19:00:00", "calendarYear": "2000", "period": "FY", "revenue": 2208346021, "costOfRevenue": 1458948759, "grossProfit": 749397262, "grossProfitRatio": 0.339347754, "researchAndDevelopmentExpenses": 0, "generalAndAdministrativeExpenses": 0, "sellingAndMarketingExpenses": 0, "sellingGeneralAndAdministrativeExpenses": 489252798, "otherExpenses": 0, "operatingExpenses": 489252798, "costAndExpenses": 1948201557, "interestIncome": 27122879, "interestExpense": 0, "depreciationAndAmortization": 140819215, "ebitda": 322264919, "ebitdaratio": 0.1459304457, "operatingIncome": 260144464, "operatingIncomeRatio": 0.1178005901, "totalOtherIncomeExpensesNet": 78698760, "incomeBeforeTax": -10380718.35, "incomeBeforeTaxRatio": -0.0047006756, "incomeTaxExpense": 25648181, "netIncome": -36028899.9, "netIncomeRatio": -0.0163148798, "eps": -0.58, "epsdiluted": -0.58, "weightedAverageShsOut": 62145133, "weightedAverageShsOutDil": 62145133, "link": "", "finalLink": "", "calculatedOtherExpenses": 0, "calculatedOperatingExpenses": 489252798, "calculatedNetInterest": 27122879, "calculatedOtherIncome": -297648061.35, "calculatedIncomeNonControlling": 0.5499999970197678, "calculatedEbitda": 400963679}, {"date": "1999-12-31", "symbol": "SIM", "reportedCurrency": "MXN", "cik": "0000887153", "fillingDate": "1999-12-31", "acceptedDate": "1999-12-30 19:00:00", "calendarYear": "1999", "period": "FY", "revenue": 2147131279, "costOfRevenue": 1193097722, "grossProfit": 954033556, "grossProfitRatio": 0.4443294018, "researchAndDevelopmentExpenses": 0, "generalAndAdministrativeExpenses": 0, "sellingAndMarketingExpenses": 0, "sellingGeneralAndAdministrativeExpenses": 447704906, "otherExpenses": 157320132, "operatingExpenses": 605025039, "costAndExpenses": 1798122761, "interestIncome": 0, "interestExpense": 0, "depreciationAndAmortization": 152031981, "ebitda": -67289122.26, "ebitdaratio": -0.0313390815, "operatingIncome": 349008517, "operatingIncomeRatio": 0.162546427, "totalOtherIncomeExpensesNet": 568329621, "incomeBeforeTax": 635675503, "incomeBeforeTaxRatio": 0.296058052, "incomeTaxExpense": 186788094, "netIncome": 445595322, "netIncomeRatio": 0.2075305438, "eps": 6.94, "epsdiluted": 6.94, "weightedAverageShsOut": 62145133, "weightedAverageShsOutDil": 62145133, "link": "", "finalLink": "", "calculatedOtherExpenses": 157320133, "calculatedOperatingExpenses": 605025039, "calculatedNetInterest": 0, "calculatedOtherIncome": 286666986, "calculatedIncomeNonControlling": 3292087, "calculatedEbitda": 501040498}, {"date": "1998-12-31", "symbol": "SIM", "reportedCurrency": "MXN", "cik": "0000887153", "fillingDate": "1998-12-31", "acceptedDate": "1998-12-30 19:00:00", "calendarYear": "1998", "period": "FY", "revenue": 2508357600, "costOfRevenue": 1541017800, "grossProfit": 967339800, "grossProfitRatio": 0.3856466877, "researchAndDevelopmentExpenses": 0, "generalAndAdministrativeExpenses": 0, "sellingAndMarketingExpenses": 0, "sellingGeneralAndAdministrativeExpenses": 462898800, "otherExpenses": 176059800, "operatingExpenses": 638958600, "costAndExpenses": 2179976400, "interestIncome": 31651200, "interestExpense": 0, "depreciationAndAmortization": 147375900, "ebitda": 625111200, "ebitdaratio": 0.2492113565, "operatingIncome": 328381200, "operatingIncomeRatio": 0.1309148265, "totalOtherIncomeExpensesNet": -149354100, "incomeBeforeTax": -130561200, "incomeBeforeTaxRatio": -0.0520504732, "incomeTaxExpense": 7912800, "netIncome": -108801000, "netIncomeRatio": -0.0433753943, "eps": -0.18, "epsdiluted": -0.18, "weightedAverageShsOut": 614597970, "weightedAverageShsOutDil": 614597970, "link": "", "finalLink": "", "calculatedOtherExpenses": 176059800, "calculatedOperatingExpenses": 638958600, "calculatedNetInterest": 31651200, "calculatedOtherIncome": -490593600, "calculatedIncomeNonControlling": -29673000, "calculatedEbitda": 475757100}, {"date": "1997-12-31", "symbol": "SIM", "reportedCurrency": "MXN", "cik": "0000887153", "fillingDate": "1997-12-31", "acceptedDate": "1997-12-30 19:00:00", "calendarYear": "1997", "period": "FY", "revenue": 2217050000, "costOfRevenue": 1415687200, "grossProfit": 801362800, "grossProfitRatio": 0.3614545455, "researchAndDevelopmentExpenses": 0, "generalAndAdministrativeExpenses": 0, "sellingAndMarketingExpenses": 0, "sellingGeneralAndAdministrativeExpenses": 395844200, "otherExpenses": 140278800, "operatingExpenses": 536123000, "costAndExpenses": 1951810200, "interestIncome": 0, "interestExpense": 0, "depreciationAndAmortization": 123348600, "ebitda": 116092800, "ebitdaratio": 0.0523636364, "operatingIncome": 265239800, "operatingIncomeRatio": 0.1196363636, "totalOtherIncomeExpensesNet": 272495600, "incomeBeforeTax": 228960800, "incomeBeforeTaxRatio": 0.1032727273, "incomeTaxExpense": 12899200, "netIncome": 204774800, "netIncomeRatio": 0.0923636364, "eps": 4.3, "epsdiluted": 1.07, "weightedAverageShsOut": 501002880, "weightedAverageShsOutDil": 501002880, "link": "", "finalLink": "", "calculatedOtherExpenses": 140278800, "calculatedOperatingExpenses": 536123000, "calculatedNetInterest": 0, "calculatedOtherIncome": -36279000, "calculatedIncomeNonControlling": 11286800, "calculatedEbitda": 388588400}, {"date": "1996-12-31", "symbol": "SIM", "reportedCurrency": "MXN", "cik": "0000887153", "fillingDate": "1996-12-31", "acceptedDate": "1996-12-30 19:00:00", "calendarYear": "1996", "period": "FY", "revenue": 2178320750, "costOfRevenue": 1383198250, "grossProfit": 795122500, "grossProfitRatio": 0.3650162631, "researchAndDevelopmentExpenses": 0, "generalAndAdministrativeExpenses": 0, "sellingAndMarketingExpenses": 0, "sellingGeneralAndAdministrativeExpenses": 418029750, "otherExpenses": 122811000, "operatingExpenses": 540840750, "costAndExpenses": 1924039000, "interestIncome": 0, "interestExpense": 0, "depreciationAndAmortization": 122811000, "ebitda": -236962250, "ebitdaratio": -0.1087820744, "operatingIncome": 254281750, "operatingIncomeRatio": 0.1167329237, "totalOtherIncomeExpensesNet": 614055000, "incomeBeforeTax": 532181000, "incomeBeforeTaxRatio": 0.2443079147, "incomeTaxExpense": 125172750, "netIncome": 407008250, "netIncomeRatio": 0.1868449584, "eps": 109.17, "epsdiluted": 109.17, "weightedAverageShsOut": 20715000, "weightedAverageShsOutDil": 20715000, "link": "", "finalLink": "", "calculatedOtherExpenses": 122811000, "calculatedOperatingExpenses": 540840750, "calculatedNetInterest": 0, "calculatedOtherIncome": 277899250, "calculatedIncomeNonControlling": 0, "calculatedEbitda": 377092750}, {"date": "1995-12-31", "symbol": "SIM", "reportedCurrency": "MXN", "cik": "0000887153", "fillingDate": "1995-12-31", "acceptedDate": "1995-12-30 19:00:00", "calendarYear": "1995", "period": "FY", "revenue": 1651952000, "costOfRevenue": 1014748500, "grossProfit": 637203500, "grossProfitRatio": 0.3857276119, "researchAndDevelopmentExpenses": 0, "generalAndAdministrativeExpenses": 0, "sellingAndMarketingExpenses": 0, "sellingGeneralAndAdministrativeExpenses": 321298500, "otherExpenses": 89378000, "operatingExpenses": 410676500, "costAndExpenses": 1425425000, "interestIncome": 0, "interestExpense": 0, "depreciationAndAmortization": 89378000, "ebitda": 353659500, "ebitdaratio": 0.2140858209, "operatingIncome": 226527000, "operatingIncomeRatio": 0.1371268657, "totalOtherIncomeExpensesNet": -37754500, "incomeBeforeTax": -148706500, "incomeBeforeTaxRatio": -0.0900186567, "incomeTaxExpense": 12328000, "netIncome": -161034500, "netIncomeRatio": -0.0974813433, "eps": -7.3, "epsdiluted": -7.3, "weightedAverageShsOut": 22055000, "weightedAverageShsOutDil": 22055000, "link": "", "finalLink": "", "calculatedOtherExpenses": 89378000, "calculatedOperatingExpenses": 410676500, "calculatedNetInterest": 0, "calculatedOtherIncome": -375233500, "calculatedIncomeNonControlling": 0, "calculatedEbitda": 315905000}, {"date": "1994-12-31", "symbol": "SIM", "reportedCurrency": "MXN", "cik": "0000887153", "fillingDate": "1994-12-31", "acceptedDate": "1994-12-30 19:00:00", "calendarYear": "1994", "period": "FY", "revenue": 1040825000, "costOfRevenue": 615094000, "grossProfit": 425731000, "grossProfitRatio": 0.4090322581, "researchAndDevelopmentExpenses": 0, "generalAndAdministrativeExpenses": 0, "sellingAndMarketingExpenses": 0, "sellingGeneralAndAdministrativeExpenses": 282701500, "otherExpenses": 59092000, "operatingExpenses": 341793500, "costAndExpenses": 956887500, "interestIncome": 0, "interestExpense": 0, "depreciationAndAmortization": 59092000, "ebitda": 618451500, "ebitdaratio": 0.5941935484, "operatingIncome": 83937500, "operatingIncomeRatio": 0.0806451613, "totalOtherIncomeExpensesNet": -475422000, "incomeBeforeTax": -478779500, "incomeBeforeTaxRatio": -0.46, "incomeTaxExpense": 18130500, "netIncome": -495567000, "netIncomeRatio": -0.4761290323, "eps": -22.68, "epsdiluted": -22.68, "weightedAverageShsOut": 21855000, "weightedAverageShsOutDil": 21855000, "link": "", "finalLink": "", "calculatedOtherExpenses": 59092000, "calculatedOperatingExpenses": 341793500, "calculatedNetInterest": 0, "calculatedOtherIncome": -562717000, "calculatedIncomeNonControlling": -1343000, "calculatedEbitda": 143029500}]}