{"originalCurrency": "USD", "convertedCurrency": "USD", "report": [{"date": "2023-12-31", "symbol": "SIRI", "reportedCurrency": "USD", "cik": "0000908937", "fillingDate": "2024-02-01", "acceptedDate": "2024-02-01 09:35:52", "calendarYear": "2023", "period": "FY", "revenue": 8953000000, "costOfRevenue": 4568000000, "grossProfit": 4385000000, "grossProfitRatio": 0.489779962, "researchAndDevelopmentExpenses": 322000000, "generalAndAdministrativeExpenses": 550000000, "sellingAndMarketingExpenses": 931000000, "sellingGeneralAndAdministrativeExpenses": 1481000000, "otherExpenses": -5000000, "operatingExpenses": 2357000000, "costAndExpenses": 6925000000, "interestIncome": 0, "interestExpense": 423000000, "depreciationAndAmortization": 599000000, "ebitda": 2622000000, "ebitdaratio": 0.2928627276, "operatingIncome": 1946000000, "operatingIncomeRatio": 0.2173573104, "totalOtherIncomeExpensesNet": -87000000, "incomeBeforeTax": 1518000000, "incomeBeforeTaxRatio": 0.1695521054, "incomeTaxExpense": 260000000, "netIncome": 1258000000, "netIncomeRatio": 0.1405115604, "eps": 0.33, "epsdiluted": 0.32, "weightedAverageShsOut": 3858000000, "weightedAverageShsOutDil": 3888000000, "link": "https://www.sec.gov/Archives/edgar/data/908937/000090893724000008/0000908937-24-000008-index.htm", "finalLink": "https://www.sec.gov/Archives/edgar/data/908937/000090893724000008/siri-20231231.htm", "calculatedOtherExpenses": 636000000, "calculatedOperatingExpenses": 2439000000, "calculatedNetInterest": -423000000, "calculatedOtherIncome": -5000000, "calculatedIncomeNonControlling": 0, "calculatedEbitda": 2545000000}, {"date": "2022-12-31", "symbol": "SIRI", "reportedCurrency": "USD", "cik": "0000908937", "fillingDate": "2023-02-02", "acceptedDate": "2023-02-02 09:58:53", "calendarYear": "2022", "period": "FY", "revenue": 9003000000, "costOfRevenue": 4482000000, "grossProfit": 4521000000, "grossProfitRatio": 0.5021659447, "researchAndDevelopmentExpenses": 285000000, "generalAndAdministrativeExpenses": 525000000, "sellingAndMarketingExpenses": 1075000000, "sellingGeneralAndAdministrativeExpenses": 1600000000, "otherExpenses": 536000000, "operatingExpenses": 2421000000, "costAndExpenses": 6903000000, "interestIncome": 413000000, "interestExpense": 422000000, "depreciationAndAmortization": 640000000, "ebitda": 2676000000, "ebitdaratio": 0.2972342552, "operatingIncome": 2036000000, "operatingIncomeRatio": 0.2261468399, "totalOtherIncomeExpensesNet": -431000000, "incomeBeforeTax": 1605000000, "incomeBeforeTaxRatio": 0.1782739087, "incomeTaxExpense": 392000000, "netIncome": 1213000000, "netIncomeRatio": 0.1347328668, "eps": 0.31, "epsdiluted": 0.31, "weightedAverageShsOut": 3916000000, "weightedAverageShsOutDil": 3990000000, "link": "https://www.sec.gov/Archives/edgar/data/908937/000090893723000006/0000908937-23-000006-index.htm", "finalLink": "https://www.sec.gov/Archives/edgar/data/908937/000090893723000006/siri-20221231.htm", "calculatedOtherExpenses": 600000000, "calculatedOperatingExpenses": 2485000000, "calculatedNetInterest": -9000000, "calculatedOtherIncome": -422000000, "calculatedIncomeNonControlling": 0, "calculatedEbitda": 2676000000}, {"date": "2021-12-31", "symbol": "SIRI", "reportedCurrency": "USD", "cik": "0000908937", "fillingDate": "2022-02-01", "acceptedDate": "2022-02-01 09:09:40", "calendarYear": "2021", "period": "FY", "revenue": 8696000000, "costOfRevenue": 4293000000, "grossProfit": 4403000000, "grossProfitRatio": 0.506324747, "researchAndDevelopmentExpenses": 265000000, "generalAndAdministrativeExpenses": 514000000, "sellingAndMarketingExpenses": 1056000000, "sellingGeneralAndAdministrativeExpenses": 1570000000, "otherExpenses": 533000000, "operatingExpenses": 2368000000, "costAndExpenses": 6661000000, "interestIncome": 409000000, "interestExpense": 415000000, "depreciationAndAmortization": 612000000, "ebitda": 2627000000, "ebitdaratio": 0.3020929163, "operatingIncome": 2015000000, "operatingIncomeRatio": 0.2317157314, "totalOtherIncomeExpensesNet": -489000000, "incomeBeforeTax": 1526000000, "incomeBeforeTaxRatio": 0.1754829807, "incomeTaxExpense": 212000000, "netIncome": 1314000000, "netIncomeRatio": 0.1511039558, "eps": 0.32, "epsdiluted": 0.32, "weightedAverageShsOut": 4062000000, "weightedAverageShsOutDil": 4143000000, "link": "https://www.sec.gov/Archives/edgar/data/908937/000090893722000007/0000908937-22-000007-index.htm", "finalLink": "https://www.sec.gov/Archives/edgar/data/908937/000090893722000007/siri-20211231.htm", "calculatedOtherExpenses": 553000000, "calculatedOperatingExpenses": 2388000000, "calculatedNetInterest": -6000000, "calculatedOtherIncome": -483000000, "calculatedIncomeNonControlling": 0, "calculatedEbitda": 2627000000}, {"date": "2020-12-31", "symbol": "SIRI", "reportedCurrency": "USD", "cik": "0000908937", "fillingDate": "2021-02-02", "acceptedDate": "2021-02-02 08:56:14", "calendarYear": "2020", "period": "FY", "revenue": 8040000000, "costOfRevenue": 3941000000, "grossProfit": 4099000000, "grossProfitRatio": 0.5098258706, "researchAndDevelopmentExpenses": 263000000, "generalAndAdministrativeExpenses": 511000000, "sellingAndMarketingExpenses": 957000000, "sellingGeneralAndAdministrativeExpenses": 1468000000, "otherExpenses": 506000000, "operatingExpenses": 2237000000, "costAndExpenses": 6178000000, "interestIncome": 392000000, "interestExpense": 394000000, "depreciationAndAmortization": 562000000, "ebitda": 2430000000, "ebitdaratio": 0.302238806, "operatingIncome": 1868000000, "operatingIncomeRatio": 0.2323383085, "totalOtherIncomeExpensesNet": -1438000000, "incomeBeforeTax": 430000000, "incomeBeforeTaxRatio": 0.0534825871, "incomeTaxExpense": 299000000, "netIncome": 131000000, "netIncomeRatio": 0.0162935323, "eps": 0.0302, "epsdiluted": 0.0296, "weightedAverageShsOut": 4330000000, "weightedAverageShsOutDil": 4429000000, "link": "https://www.sec.gov/Archives/edgar/data/908937/000090893721000015/0000908937-21-000015-index.htm", "finalLink": "https://www.sec.gov/Archives/edgar/data/908937/000090893721000015/siri-20201231.htm", "calculatedOtherExpenses": 500000000, "calculatedOperatingExpenses": 2231000000, "calculatedNetInterest": -2000000, "calculatedOtherIncome": -1436000000, "calculatedIncomeNonControlling": 0, "calculatedEbitda": 2430000000}, {"date": "2019-12-31", "symbol": "SIRI", "reportedCurrency": "USD", "cik": "0000908937", "fillingDate": "2020-02-04", "acceptedDate": "2020-02-04 17:08:22", "calendarYear": "2019", "period": "FY", "revenue": 7794000000, "costOfRevenue": 3854000000, "grossProfit": 3940000000, "grossProfitRatio": 0.5055170644, "researchAndDevelopmentExpenses": 280000000, "generalAndAdministrativeExpenses": 524000000, "sellingAndMarketingExpenses": 937000000, "sellingGeneralAndAdministrativeExpenses": 1461000000, "otherExpenses": 468000000, "operatingExpenses": 2209000000, "costAndExpenses": 6063000000, "interestIncome": 3000000, "interestExpense": 390000000, "depreciationAndAmortization": 549000000, "ebitda": 2196000000, "ebitdaratio": 0.2817551963, "operatingIncome": 1647000000, "operatingIncomeRatio": 0.2113163972, "totalOtherIncomeExpensesNet": -450000000, "incomeBeforeTax": 1197000000, "incomeBeforeTaxRatio": 0.1535796767, "incomeTaxExpense": 283000000, "netIncome": 914000000, "netIncomeRatio": 0.1172696946, "eps": 0.2, "epsdiluted": 0.2, "weightedAverageShsOut": 4501000000, "weightedAverageShsOutDil": 4616000000, "link": "https://www.sec.gov/Archives/edgar/data/908937/000090893720000011/0000908937-20-000011-index.htm", "finalLink": "https://www.sec.gov/Archives/edgar/data/908937/000090893720000011/siri-20191231x10k.htm", "calculatedOtherExpenses": 552000000, "calculatedOperatingExpenses": 2293000000, "calculatedNetInterest": -387000000, "calculatedOtherIncome": -63000000, "calculatedIncomeNonControlling": 0, "calculatedEbitda": 2196000000}, {"date": "2018-12-31", "symbol": "SIRI", "reportedCurrency": "USD", "cik": "0000908937", "fillingDate": "2019-01-30", "acceptedDate": "2019-01-30 15:36:19", "calendarYear": "2018", "period": "FY", "revenue": 5770692000, "costOfRevenue": 2778942000, "grossProfit": 2991750000, "grossProfitRatio": 0.5184386898, "researchAndDevelopmentExpenses": 123219000, "generalAndAdministrativeExpenses": 356819000, "sellingAndMarketingExpenses": 484044000, "sellingGeneralAndAdministrativeExpenses": 840863000, "otherExpenses": 43699000, "operatingExpenses": 1264802000, "costAndExpenses": 4043744000, "interestIncome": 0, "interestExpense": 350073000, "depreciationAndAmortization": 300720000, "ebitda": 2071367000, "ebitdaratio": 0.3589460328, "operatingIncome": 1726948000, "operatingIncomeRatio": 0.2992618563, "totalOtherIncomeExpensesNet": 43699000, "incomeBeforeTax": 1420574000, "incomeBeforeTaxRatio": 0.2461704766, "incomeTaxExpense": 244681000, "netIncome": 1175893000, "netIncomeRatio": 0.2037698425, "eps": 0.26, "epsdiluted": 0.26, "weightedAverageShsOut": 4461827000, "weightedAverageShsOutDil": 4560720000, "link": "https://www.sec.gov/Archives/edgar/data/908937/000090893719000008/0000908937-19-000008-index.htm", "finalLink": "https://www.sec.gov/Archives/edgar/data/908937/000090893719000008/siri-20181231x10k.htm", "calculatedOtherExpenses": 300720000, "calculatedOperatingExpenses": 1264802000, "calculatedNetInterest": -350073000, "calculatedOtherIncome": 43699000, "calculatedIncomeNonControlling": 0, "calculatedEbitda": 2027668000}, {"date": "2017-12-31", "symbol": "SIRI", "reportedCurrency": "USD", "cik": "0000908937", "fillingDate": "2018-01-31", "acceptedDate": "2018-01-31 11:41:55", "calendarYear": "2017", "period": "FY", "revenue": 5425129000, "costOfRevenue": 2601474000, "grossProfit": 2823655000, "grossProfitRatio": 0.5204770246, "researchAndDevelopmentExpenses": 112427000, "generalAndAdministrativeExpenses": 334023000, "sellingAndMarketingExpenses": 437739000, "sellingGeneralAndAdministrativeExpenses": 771762000, "otherExpenses": 12844000, "operatingExpenses": 1182791000, "costAndExpenses": 3784265000, "interestIncome": 0, "interestExpense": 345820000, "depreciationAndAmortization": 298602000, "ebitda": 1952310000, "ebitdaratio": 0.3598642539, "operatingIncome": 1640864000, "operatingIncomeRatio": 0.3024562181, "totalOtherIncomeExpensesNet": -30835000, "incomeBeforeTax": 1264209000, "incomeBeforeTaxRatio": 0.2330283759, "incomeTaxExpense": 616301000, "netIncome": 647908000, "netIncomeRatio": 0.1194272062, "eps": 0.14, "epsdiluted": 0.14, "weightedAverageShsOut": 4638000000, "weightedAverageShsOutDil": 4724000000, "link": "https://www.sec.gov/Archives/edgar/data/908937/000090893718000014/0000908937-18-000014-index.htm", "finalLink": "https://www.sec.gov/Archives/edgar/data/908937/000090893718000014/siri-20171231x10k.htm", "calculatedOtherExpenses": 298602000, "calculatedOperatingExpenses": 1182791000, "calculatedNetInterest": -345820000, "calculatedOtherIncome": -30835000, "calculatedIncomeNonControlling": 0, "calculatedEbitda": 1939466000}, {"date": "2016-12-31", "symbol": "SIRI", "reportedCurrency": "USD", "cik": "0000908937", "fillingDate": "2017-02-02", "acceptedDate": "2017-02-02 11:57:33", "calendarYear": "2016", "period": "FY", "revenue": 5017220000, "costOfRevenue": 2506136000, "grossProfit": 2511084000, "grossProfitRatio": 0.5004931018, "researchAndDevelopmentExpenses": 82146000, "generalAndAdministrativeExpenses": 341106000, "sellingAndMarketingExpenses": 386724000, "sellingGeneralAndAdministrativeExpenses": 727830000, "otherExpenses": 14985000, "operatingExpenses": 1078955000, "costAndExpenses": 3585091000, "interestIncome": 0, "interestExpense": 331225000, "depreciationAndAmortization": 268979000, "ebitda": 1716093000, "ebitdaratio": 0.3420406121, "operatingIncome": 1432129000, "operatingIncomeRatio": 0.2854427352, "totalOtherIncomeExpensesNet": -9244000, "incomeBeforeTax": 1091660000, "incomeBeforeTaxRatio": 0.2175826454, "incomeTaxExpense": 345727000, "netIncome": 745933000, "netIncomeRatio": 0.1486745648, "eps": 0.15, "epsdiluted": 0.15, "weightedAverageShsOut": 4917050000, "weightedAverageShsOutDil": 4964728000, "link": "https://www.sec.gov/Archives/edgar/data/908937/000090893717000009/0000908937-17-000009-index.htm", "finalLink": "https://www.sec.gov/Archives/edgar/data/908937/000090893717000009/siri-20161231x10k.htm", "calculatedOtherExpenses": 268979000, "calculatedOperatingExpenses": 1078955000, "calculatedNetInterest": -331225000, "calculatedOtherIncome": -9244000, "calculatedIncomeNonControlling": 0, "calculatedEbitda": 1701108000}, {"date": "2015-12-31", "symbol": "SIRI", "reportedCurrency": "USD", "cik": "0000908937", "fillingDate": "2016-02-02", "acceptedDate": "2016-02-02 12:26:47", "calendarYear": "2015", "period": "FY", "revenue": 4570058000, "costOfRevenue": 2375763000, "grossProfit": 2194295000, "grossProfitRatio": 0.480145985, "researchAndDevelopmentExpenses": 64403000, "generalAndAdministrativeExpenses": 324801000, "sellingAndMarketingExpenses": 354189000, "sellingGeneralAndAdministrativeExpenses": 678990000, "otherExpenses": 12379000, "operatingExpenses": 1015607000, "costAndExpenses": 3391370000, "interestIncome": 0, "interestExpense": 299103000, "depreciationAndAmortization": 272214000, "ebitda": 1463281000, "ebitdaratio": 0.3201887153, "operatingIncome": 1178688000, "operatingIncomeRatio": 0.2579153262, "totalOtherIncomeExpensesNet": 12379000, "incomeBeforeTax": 891964000, "incomeBeforeTaxRatio": 0.1951756411, "incomeTaxExpense": 382240000, "netIncome": 509724000, "netIncomeRatio": 0.1115355648, "eps": 0.09, "epsdiluted": 0.09, "weightedAverageShsOut": 5375707000, "weightedAverageShsOutDil": 5435166000, "link": "https://www.sec.gov/Archives/edgar/data/908937/000156459016012174/0001564590-16-012174-index.htm", "finalLink": "https://www.sec.gov/Archives/edgar/data/908937/000156459016012174/siri-10k_20151231.htm", "calculatedOtherExpenses": 272214000, "calculatedOperatingExpenses": 1015607000, "calculatedNetInterest": -299103000, "calculatedOtherIncome": 12379000, "calculatedIncomeNonControlling": 0, "calculatedEbitda": 1450902000}, {"date": "2014-12-31", "symbol": "SIRI", "reportedCurrency": "USD", "cik": "0000908937", "fillingDate": "2015-02-05", "acceptedDate": "2015-02-05 12:12:19", "calendarYear": "2014", "period": "FY", "revenue": 4181095000, "costOfRevenue": 2101800000, "grossProfit": 2079295000, "grossProfitRatio": 0.4973087194, "researchAndDevelopmentExpenses": 62784000, "generalAndAdministrativeExpenses": 293938000, "sellingAndMarketingExpenses": 336480000, "sellingGeneralAndAdministrativeExpenses": 630418000, "otherExpenses": -887000, "operatingExpenses": 959625000, "costAndExpenses": 3061425000, "interestIncome": 15498000, "interestExpense": 269010000, "depreciationAndAmortization": 266423000, "ebitda": 1400704000, "ebitdaratio": 0.3350088912, "operatingIncome": 1119670000, "operatingIncomeRatio": 0.2677934847, "totalOtherIncomeExpensesNet": -35372000, "incomeBeforeTax": 830786000, "incomeBeforeTaxRatio": 0.1987005796, "incomeTaxExpense": 337545000, "netIncome": 493241000, "netIncomeRatio": 0.1179693358, "eps": 0.09, "epsdiluted": 0.08, "weightedAverageShsOut": 5788944000, "weightedAverageShsOutDil": 5862020000, "link": "https://www.sec.gov/Archives/edgar/data/908937/000090893715000003/0000908937-15-000003-index.htm", "finalLink": "https://www.sec.gov/Archives/edgar/data/908937/000090893715000003/siri-20141231x10k.htm", "calculatedOtherExpenses": 266423000, "calculatedOperatingExpenses": 959625000, "calculatedNetInterest": -253512000, "calculatedOtherIncome": -35372000, "calculatedIncomeNonControlling": 0, "calculatedEbitda": 1386093000}, {"date": "2013-12-31", "symbol": "SIRI", "reportedCurrency": "USD", "cik": "0000908937", "fillingDate": "2014-02-04", "acceptedDate": "2014-02-04 16:41:47", "calendarYear": "2013", "period": "FY", "revenue": 3799095000, "costOfRevenue": 1890100000, "grossProfit": 1908995000, "grossProfitRatio": 0.5024867765, "researchAndDevelopmentExpenses": 57969000, "generalAndAdministrativeExpenses": 262135000, "sellingAndMarketingExpenses": 291024000, "sellingGeneralAndAdministrativeExpenses": 553159000, "otherExpenses": 1204000, "operatingExpenses": 864442000, "costAndExpenses": 2754542000, "interestIncome": 6976000, "interestExpense": 204671000, "depreciationAndAmortization": 253314000, "ebitda": 1306047000, "ebitdaratio": 0.3437784525, "operatingIncome": 1044553000, "operatingIncomeRatio": 0.2749478494, "totalOtherIncomeExpensesNet": -209766000, "incomeBeforeTax": 637092000, "incomeBeforeTaxRatio": 0.1676957275, "incomeTaxExpense": 259877000, "netIncome": 377215000, "netIncomeRatio": 0.0992907521, "eps": 0.06, "epsdiluted": 0.06, "weightedAverageShsOut": 6227646000, "weightedAverageShsOutDil": 6384791000, "link": "https://www.sec.gov/Archives/edgar/data/908937/000090893714000006/0000908937-14-000006-index.htm", "finalLink": "https://www.sec.gov/Archives/edgar/data/908937/000090893714000006/siri-20131231x10k.htm", "calculatedOtherExpenses": 253314000, "calculatedOperatingExpenses": 864442000, "calculatedNetInterest": -197695000, "calculatedOtherIncome": -209766000, "calculatedIncomeNonControlling": 0, "calculatedEbitda": 1297867000}, {"date": "2012-12-31", "symbol": "SIRI", "reportedCurrency": "USD", "cik": "0000908937", "fillingDate": "2013-02-06", "acceptedDate": "2013-02-06 15:40:30", "calendarYear": "2012", "period": "FY", "revenue": 3402040000, "costOfRevenue": 1704067000, "grossProfit": 1697973000, "grossProfitRatio": 0.4991043609, "researchAndDevelopmentExpenses": 48843000, "generalAndAdministrativeExpenses": 261905000, "sellingAndMarketingExpenses": 248905000, "sellingGeneralAndAdministrativeExpenses": 510810000, "otherExpenses": -226000, "operatingExpenses": 825948000, "costAndExpenses": 2530015000, "interestIncome": 716000, "interestExpense": 265321000, "depreciationAndAmortization": 266295000, "ebitda": 1138810000, "ebitdaratio": 0.3347432717, "operatingIncome": 872025000, "operatingIncomeRatio": 0.2563241467, "totalOtherIncomeExpensesNet": -132952000, "incomeBeforeTax": 474468000, "incomeBeforeTaxRatio": 0.1394657323, "incomeTaxExpense": -2998234000, "netIncome": 3472702000, "netIncomeRatio": 1.0207704789, "eps": 0.55, "epsdiluted": 0.51, "weightedAverageShsOut": 4209073000, "weightedAverageShsOutDil": 6873786000, "link": "https://www.sec.gov/Archives/edgar/data/908937/000090893713000004/0000908937-13-000004-index.htm", "finalLink": "https://www.sec.gov/Archives/edgar/data/908937/000090893713000004/siri-20121231x10k.htm", "calculatedOtherExpenses": 266295000, "calculatedOperatingExpenses": 825948000, "calculatedNetInterest": -264605000, "calculatedOtherIncome": -132952000, "calculatedIncomeNonControlling": 0, "calculatedEbitda": 1138320000}, {"date": "2011-12-31", "symbol": "SIRI", "reportedCurrency": "USD", "cik": "0000908937", "fillingDate": "2012-02-09", "acceptedDate": "2012-02-09 15:30:26", "calendarYear": "2011", "period": "FY", "revenue": 3014524000, "costOfRevenue": 1121099000, "grossProfit": 1893425000, "grossProfitRatio": 0.6281008212, "researchAndDevelopmentExpenses": 53435000, "generalAndAdministrativeExpenses": 238738000, "sellingAndMarketingExpenses": 222773000, "sellingGeneralAndAdministrativeExpenses": 461511000, "otherExpenses": 343782000, "operatingExpenses": 782826000, "costAndExpenses": 1903925000, "interestIncome": 73970000, "interestExpense": 304938000, "depreciationAndAmortization": 267880000, "ebitda": 1378479000, "ebitdaratio": 0.4572791592, "operatingIncome": 676117000, "operatingIncomeRatio": 0.2242864877, "totalOtherIncomeExpensesNet": -364466000, "incomeBeforeTax": 441195000, "incomeBeforeTaxRatio": 0.1463564397, "incomeTaxExpense": 14234000, "netIncome": 426961000, "netIncomeRatio": 0.1416346329, "eps": 0.07, "epsdiluted": 0.07, "weightedAverageShsOut": 3744606000, "weightedAverageShsOutDil": 6500822000, "link": "https://www.sec.gov/Archives/edgar/data/908937/000119312512049086/0001193125-12-049086-index.htm", "finalLink": "https://www.sec.gov/Archives/edgar/data/908937/000119312512049086/d273024d10k.htm", "calculatedOtherExpenses": 702362000, "calculatedOperatingExpenses": 1217308000, "calculatedNetInterest": -230968000, "calculatedOtherIncome": -3954000, "calculatedIncomeNonControlling": 0, "calculatedEbitda": 943997000}, {"date": "2010-12-31", "symbol": "SIRI", "reportedCurrency": "USD", "cik": "0000908937", "fillingDate": "2011-02-16", "acceptedDate": "2011-02-16 13:41:00", "calendarYear": "2010", "period": "FY", "revenue": 2816992000, "costOfRevenue": 1099232000, "grossProfit": 1717760000, "grossProfitRatio": 0.6097851893, "researchAndDevelopmentExpenses": 45390000, "generalAndAdministrativeExpenses": 240970000, "sellingAndMarketingExpenses": 628495000, "sellingGeneralAndAdministrativeExpenses": 869465000, "otherExpenses": 418438000, "operatingExpenses": 1188546000, "costAndExpenses": 2287778000, "interestIncome": -5375000, "interestExpense": 301018000, "depreciationAndAmortization": 273691000, "ebitda": 802905000, "ebitdaratio": 0.2850221087, "operatingIncome": 465414000, "operatingIncomeRatio": 0.1652166566, "totalOtherIncomeExpensesNet": -180521000, "incomeBeforeTax": 47675000, "incomeBeforeTaxRatio": 0.0169240807, "incomeTaxExpense": 4620000, "netIncome": 43055000, "netIncomeRatio": 0.0152840335, "eps": 0.01, "epsdiluted": 0.01, "weightedAverageShsOut": 3693259000, "weightedAverageShsOutDil": 6391071000, "link": "https://www.sec.gov/Archives/edgar/data/908937/000095012311014617/0000950123-11-014617-index.htm", "finalLink": "https://www.sec.gov/Archives/edgar/data/908937/000095012311014617/y88211e10vk.htm", "calculatedOtherExpenses": 337491000, "calculatedOperatingExpenses": 1252346000, "calculatedNetInterest": -306393000, "calculatedOtherIncome": -111346000, "calculatedIncomeNonControlling": 0, "calculatedEbitda": 739105000}, {"date": "2009-12-31", "symbol": "SIRI", "reportedCurrency": "USD", "cik": "0000908937", "fillingDate": "2010-02-25", "acceptedDate": "2010-02-25 17:27:31", "calendarYear": "2009", "period": "FY", "revenue": 2472638000, "costOfRevenue": 1064008000, "grossProfit": 1408630000, "grossProfitRatio": 0.5696871115, "researchAndDevelopmentExpenses": 41031000, "generalAndAdministrativeExpenses": 227554000, "sellingAndMarketingExpenses": 569462000, "sellingGeneralAndAdministrativeExpenses": 797016000, "otherExpenses": 415175000, "operatingExpenses": 1147497000, "costAndExpenses": 2211505000, "interestIncome": 3645000, "interestExpense": 306420000, "depreciationAndAmortization": 309450000, "ebitda": 574228000, "ebitdaratio": 0.2322329431, "operatingIncome": 228326000, "operatingIncomeRatio": 0.0923410544, "totalOtherIncomeExpensesNet": -295167000, "incomeBeforeTax": -336809000, "incomeBeforeTaxRatio": -0.1362144398, "incomeTaxExpense": 5981000, "netIncome": -342790000, "netIncomeRatio": -0.1386333139, "eps": -0.0956, "epsdiluted": -0.0956, "weightedAverageShsOut": 3585864000, "weightedAverageShsOutDil": 3585864000, "link": "https://www.sec.gov/Archives/edgar/data/908937/000095012310017181/0000950123-10-017181-index.htm", "finalLink": "https://www.sec.gov/Archives/edgar/data/908937/000095012310017181/c96811e10vk.htm", "calculatedOtherExpenses": 342257000, "calculatedOperatingExpenses": 1180304000, "calculatedNetInterest": -302775000, "calculatedOtherIncome": -262360000, "calculatedIncomeNonControlling": 0, "calculatedEbitda": 537776000}, {"date": "2008-12-31", "symbol": "SIRI", "reportedCurrency": "USD", "cik": "0000908937", "fillingDate": "2009-03-10", "acceptedDate": "2009-03-10 17:17:29", "calendarYear": "2008", "period": "FY", "revenue": 1663992000, "costOfRevenue": 863447000, "grossProfit": 800545000, "grossProfitRatio": 0.4810990678, "researchAndDevelopmentExpenses": 40496000, "generalAndAdministrativeExpenses": 213142000, "sellingAndMarketingExpenses": 231937000, "sellingGeneralAndAdministrativeExpenses": 816422000, "otherExpenses": 5025573000, "operatingExpenses": 5826860000, "costAndExpenses": 6690307000, "interestIncome": 9079000, "interestExpense": -144833000, "depreciationAndAmortization": 202596000, "ebitda": 92370000, "ebitdaratio": 0.0555110842, "operatingIncome": -5036749000, "operatingIncomeRatio": -3.0269069803, "totalOtherIncomeExpensesNet": -4914933000, "incomeBeforeTax": -5310812000, "incomeBeforeTaxRatio": -3.1916090943, "incomeTaxExpense": 2476000, "netIncome": -5313288000, "netIncomeRatio": -3.1930970822, "eps": -2.45, "epsdiluted": -2.45, "weightedAverageShsOut": 2169489000, "weightedAverageShsOutDil": 2169489000, "link": "https://www.sec.gov/Archives/edgar/data/908937/000119312509049874/0001193125-09-049874-index.htm", "finalLink": "https://www.sec.gov/Archives/edgar/data/908937/000119312509049874/d10k.htm", "calculatedOtherExpenses": 4980376000, "calculatedOperatingExpenses": 5837294000, "calculatedNetInterest": 153912000, "calculatedOtherIncome": -427975000, "calculatedIncomeNonControlling": 0, "calculatedEbitda": -4834153000}, {"date": "2007-12-31", "symbol": "SIRI", "reportedCurrency": "USD", "cik": "0000908937", "fillingDate": "2008-02-29", "acceptedDate": "2008-02-29 13:59:44", "calendarYear": "2007", "period": "FY", "revenue": 922066000, "costOfRevenue": 549956000, "grossProfit": 372110000, "grossProfitRatio": 0.4035611334, "researchAndDevelopmentExpenses": 41343000, "generalAndAdministrativeExpenses": 155863000, "sellingAndMarketingExpenses": 173572000, "sellingGeneralAndAdministrativeExpenses": 329435000, "otherExpenses": 134687000, "operatingExpenses": 885200000, "costAndExpenses": 1435156000, "interestIncome": 20570000, "interestExpense": -70328000, "depreciationAndAmortization": 106780000, "ebitda": 1301000, "ebitdaratio": 0.0014109619, "operatingIncome": -513090000, "operatingIncomeRatio": -0.5564569131, "totalOtherIncomeExpensesNet": -407611000, "incomeBeforeTax": -562817000, "incomeBeforeTaxRatio": -0.610386892, "incomeTaxExpense": 2435000, "netIncome": -565252000, "netIncomeRatio": -0.6130277008, "eps": -0.39, "epsdiluted": -0.39, "weightedAverageShsOut": 1462967000, "weightedAverageShsOutDil": 1462967000, "link": "https://www.sec.gov/Archives/edgar/data/908937/000095012308002331/0000950123-08-002331-index.htm", "finalLink": "https://www.sec.gov/Archives/edgar/data/908937/000095012308002331/y50289e10vk.htm", "calculatedOtherExpenses": 514422000, "calculatedOperatingExpenses": 885200000, "calculatedNetInterest": 90898000, "calculatedOtherIncome": -140625000, "calculatedIncomeNonControlling": 0, "calculatedEbitda": -406310000}, {"date": "2006-12-31", "symbol": "SIRI", "reportedCurrency": "USD", "cik": "0000908937", "fillingDate": "2007-03-01", "acceptedDate": "2007-03-01 15:30:31", "calendarYear": "2006", "period": "FY", "revenue": 637235000, "costOfRevenue": 697968000, "grossProfit": -60733000, "grossProfitRatio": -0.0953070688, "researchAndDevelopmentExpenses": 70127000, "generalAndAdministrativeExpenses": 137466000, "sellingAndMarketingExpenses": 242035000, "sellingGeneralAndAdministrativeExpenses": 831115000, "otherExpenses": 147546000, "operatingExpenses": 1006991000, "costAndExpenses": 1704959000, "interestIncome": 33320000, "interestExpense": -64032000, "depreciationAndAmortization": 105749000, "ebitda": -962054000, "ebitdaratio": -1.5097318885, "operatingIncome": -1067724000, "operatingIncomeRatio": -1.6755576828, "totalOtherIncomeExpensesNet": -4366000, "incomeBeforeTax": -1102802000, "incomeBeforeTaxRatio": -1.7306048789, "incomeTaxExpense": 2065000, "netIncome": -1104867000, "netIncomeRatio": -1.7338454416, "eps": -0.79, "epsdiluted": -0.79, "weightedAverageShsOut": 1402619000, "weightedAverageShsOutDil": 1402619000, "link": "https://www.sec.gov/Archives/edgar/data/908937/000093041307001865/0000930413-07-001865-index.htm", "finalLink": "https://www.sec.gov/Archives/edgar/data/908937/000093041307001865/c47044_10k.htm", "calculatedOtherExpenses": 105749000, "calculatedOperatingExpenses": 1006991000, "calculatedNetInterest": 97352000, "calculatedOtherIncome": -132430000, "calculatedIncomeNonControlling": 0, "calculatedEbitda": -961975000}, {"date": "2005-12-31", "symbol": "SIRI", "reportedCurrency": "USD", "cik": "0000908937", "fillingDate": "2006-03-13", "acceptedDate": "2006-03-13 13:52:51", "calendarYear": "2005", "period": "FY", "revenue": 242245000, "costOfRevenue": 184943000, "grossProfit": 57302000, "grossProfitRatio": 0.2365456459, "researchAndDevelopmentExpenses": 44745000, "generalAndAdministrativeExpenses": 59831000, "sellingAndMarketingExpenses": 170592000, "sellingGeneralAndAdministrativeExpenses": 743142000, "otherExpenses": 289489000, "operatingExpenses": 886442000, "costAndExpenses": 1071385000, "interestIncome": 26878000, "interestExpense": -45361000, "depreciationAndAmortization": 98555000, "ebitda": -717522000, "ebitdaratio": -2.9619682553, "operatingIncome": -829140000, "operatingIncomeRatio": -3.4227331833, "totalOtherIncomeExpensesNet": -13063000, "incomeBeforeTax": -860686000, "incomeBeforeTaxRatio": -3.5529567174, "incomeTaxExpense": 2311000, "netIncome": -862997000, "netIncomeRatio": -3.562496646, "eps": -0.65, "epsdiluted": -0.65, "weightedAverageShsOut": 1325739000, "weightedAverageShsOutDil": 1325739000, "link": "https://www.sec.gov/Archives/edgar/data/908937/000095011706001134/0000950117-06-001134-index.htm", "finalLink": "https://www.sec.gov/Archives/edgar/data/908937/000095011706001134/a41520.htm", "calculatedOtherExpenses": 98555000, "calculatedOperatingExpenses": 886442000, "calculatedNetInterest": 72239000, "calculatedOtherIncome": -103785000, "calculatedIncomeNonControlling": 0, "calculatedEbitda": -730585000}, {"date": "2004-12-31", "symbol": "SIRI", "reportedCurrency": "USD", "cik": "0000908937", "fillingDate": "2005-03-16", "acceptedDate": "2005-03-16 17:31:26", "calendarYear": "2004", "period": "FY", "revenue": 66854000, "costOfRevenue": 120914000, "grossProfit": -54060000, "grossProfitRatio": -0.808627756, "researchAndDevelopmentExpenses": 30520000, "generalAndAdministrativeExpenses": 44028000, "sellingAndMarketingExpenses": 153899000, "sellingGeneralAndAdministrativeExpenses": 498354000, "otherExpenses": 253252000, "operatingExpenses": 624244000, "costAndExpenses": 745158000, "interestIncome": 9713000, "interestExpense": -41386000, "depreciationAndAmortization": 95370000, "ebitda": -584950000, "ebitdaratio": -8.7496634457, "operatingIncome": -678304000, "operatingIncomeRatio": -10.1460496006, "totalOtherIncomeExpensesNet": 2016000, "incomeBeforeTax": -707961000, "incomeBeforeTaxRatio": -10.5896580608, "incomeTaxExpense": 4201000, "netIncome": -712162000, "netIncomeRatio": -10.6524964849, "eps": -0.57, "epsdiluted": -0.57, "weightedAverageShsOut": 1238585000, "weightedAverageShsOutDil": 1238585000, "link": "https://www.sec.gov/Archives/edgar/data/908937/000095011705000996/0000950117-05-000996-index.htm", "finalLink": "https://www.sec.gov/Archives/edgar/data/908937/000095011705000996/a39374.htm", "calculatedOtherExpenses": 95370000, "calculatedOperatingExpenses": 624244000, "calculatedNetInterest": 51099000, "calculatedOtherIncome": -80756000, "calculatedIncomeNonControlling": 0, "calculatedEbitda": -582934000}, {"date": "2003-12-31", "symbol": "SIRI", "reportedCurrency": "USD", "cik": "0000908937", "fillingDate": "2004-03-12", "acceptedDate": "2004-03-12 17:17:05", "calendarYear": "2003", "period": "FY", "revenue": 12872000, "costOfRevenue": 86774000, "grossProfit": -73902000, "grossProfitRatio": -5.7412989434, "researchAndDevelopmentExpenses": 24534000, "generalAndAdministrativeExpenses": 0, "sellingAndMarketingExpenses": 0, "sellingGeneralAndAdministrativeExpenses": 243741000, "otherExpenses": 0, "operatingExpenses": 620166000, "costAndExpenses": 706940000, "interestIncome": 0, "interestExpense": 0, "depreciationAndAmortization": 95353000, "ebitda": -855253000, "ebitdaratio": -66.4428993163, "operatingIncome": -437530000, "operatingIncomeRatio": -33.9908328154, "totalOtherIncomeExpensesNet": 256538000, "incomeBeforeTax": -180992000, "incomeBeforeTaxRatio": -14.0609073959, "incomeTaxExpense": -467853000, "netIncome": -226215000, "netIncomeRatio": -17.5741920447, "eps": -0.27, "epsdiluted": -0.27, "weightedAverageShsOut": 827186000, "weightedAverageShsOutDil": 827186000, "link": "https://www.sec.gov/Archives/edgar/data/908937/000095011704000968/0000950117-04-000968-index.htm", "finalLink": "https://www.sec.gov/Archives/edgar/data/908937/000095011704000968/a37230.txt", "calculatedOtherExpenses": 95353000, "calculatedOperatingExpenses": 363628000, "calculatedNetInterest": 0, "calculatedOtherIncome": 256538000, "calculatedIncomeNonControlling": 513076000, "calculatedEbitda": -342177000}, {"date": "2002-12-31", "symbol": "SIRI", "reportedCurrency": "USD", "cik": "0000908937", "fillingDate": "2003-03-28", "acceptedDate": "2003-03-28 14:36:43", "calendarYear": "2002", "period": "FY", "revenue": 805000, "costOfRevenue": 69898000, "grossProfit": -69093000, "grossProfitRatio": -85.8298136646, "researchAndDevelopmentExpenses": 30087000, "generalAndAdministrativeExpenses": 0, "sellingAndMarketingExpenses": 0, "sellingGeneralAndAdministrativeExpenses": 131200000, "otherExpenses": 0, "operatingExpenses": 235586000, "costAndExpenses": 305484000, "interestIncome": 0, "interestExpense": 0, "depreciationAndAmortization": 94658000, "ebitda": -201573000, "ebitdaratio": -250.401242236, "operatingIncome": -313127000, "operatingIncomeRatio": -388.9776397516, "totalOtherIncomeExpensesNet": -8448000, "incomeBeforeTax": 106163000, "incomeBeforeTaxRatio": 131.8795031056, "incomeTaxExpense": 117802000, "netIncome": -422481000, "netIncomeRatio": -524.8211180124, "eps": -5.53, "epsdiluted": -5.53, "weightedAverageShsOut": 76394000, "weightedAverageShsOutDil": 76394000, "link": "https://www.sec.gov/Archives/edgar/data/908937/000095011703001189/0000950117-03-001189-index.htm", "finalLink": "https://www.sec.gov/Archives/edgar/data/908937/000095011703001189/a34799.txt", "calculatedOtherExpenses": 82747000, "calculatedOperatingExpenses": 244034000, "calculatedNetInterest": 0, "calculatedOtherIncome": 419290000, "calculatedIncomeNonControlling": 410842000, "calculatedEbitda": -218469000}, {"date": "2001-12-31", "symbol": "SIRI", "reportedCurrency": "USD", "cik": "0000908937", "fillingDate": "2002-03-27", "acceptedDate": "2002-03-27 00:00:00", "calendarYear": "2001", "period": "FY", "revenue": 0, "costOfRevenue": 0, "grossProfit": 0, "grossProfitRatio": 0, "researchAndDevelopmentExpenses": 58453000, "generalAndAdministrativeExpenses": 110003000, "sellingAndMarketingExpenses": 0, "sellingGeneralAndAdministrativeExpenses": 110003000, "otherExpenses": 0, "operatingExpenses": 168456000, "costAndExpenses": 168456000, "interestIncome": 17066000, "interestExpense": 89686000, "depreciationAndAmortization": 8997000, "ebitda": -142393000, "ebitdaratio": 0, "operatingIncome": -168456000, "operatingIncomeRatio": 0, "totalOtherIncomeExpensesNet": -72620000, "incomeBeforeTax": -241076000, "incomeBeforeTaxRatio": 0, "incomeTaxExpense": 11753000, "netIncome": -235763000, "netIncomeRatio": 0, "eps": -4.5, "epsdiluted": -4.5, "weightedAverageShsOut": 52427000, "weightedAverageShsOutDil": 52427000, "link": "https://www.sec.gov/Archives/edgar/data/908937/000095011702000639/0000950117-02-000639-index.htm", "finalLink": "https://www.sec.gov/Archives/edgar/data/908937/000095011702000639/a32276.txt", "calculatedOtherExpenses": 0, "calculatedOperatingExpenses": 168456000, "calculatedNetInterest": -72620000, "calculatedOtherIncome": 0, "calculatedIncomeNonControlling": -17066000, "calculatedEbitda": -159459000}, {"date": "2000-12-31", "symbol": "SIRI", "reportedCurrency": "USD", "cik": "0000908937", "fillingDate": "2001-03-30", "acceptedDate": "2001-03-30 00:00:00", "calendarYear": "2000", "period": "FY", "revenue": 0, "costOfRevenue": 0, "grossProfit": 0, "grossProfitRatio": 0, "researchAndDevelopmentExpenses": 71000000, "generalAndAdministrativeExpenses": 0, "sellingAndMarketingExpenses": 0, "sellingGeneralAndAdministrativeExpenses": 54634000, "otherExpenses": 0, "operatingExpenses": 125634000, "costAndExpenses": 125634000, "interestIncome": 24485000, "interestExpense": 33595000, "depreciationAndAmortization": 2352000, "ebitda": -98797000, "ebitdaratio": 0, "operatingIncome": -125634000, "operatingIncomeRatio": 0, "totalOtherIncomeExpensesNet": -9110000, "incomeBeforeTax": -134744000, "incomeBeforeTaxRatio": 0, "incomeTaxExpense": 24485000, "netIncome": -134744000, "netIncomeRatio": 0, "eps": -3.46, "epsdiluted": -3.46, "weightedAverageShsOut": 38889000, "weightedAverageShsOutDil": 38889000, "link": "https://www.sec.gov/Archives/edgar/data/908937/000095011701000648/0000950117-01-000648-index.htm", "finalLink": "https://www.sec.gov/Archives/edgar/data/908937/000095011701000648/0000950117-01-000648-0001.txt", "calculatedOtherExpenses": 0, "calculatedOperatingExpenses": 125634000, "calculatedNetInterest": -9110000, "calculatedOtherIncome": 0, "calculatedIncomeNonControlling": -24485000, "calculatedEbitda": -123282000}, {"date": "1999-12-31", "symbol": "SIRI", "reportedCurrency": "USD", "cik": "0000908937", "fillingDate": "2000-03-30", "acceptedDate": "2000-03-30 00:00:00", "calendarYear": "1999", "period": "FY", "revenue": 0, "costOfRevenue": 0, "grossProfit": 0, "grossProfitRatio": 0, "researchAndDevelopmentExpenses": 33134000, "generalAndAdministrativeExpenses": 0, "sellingAndMarketingExpenses": 0, "sellingGeneralAndAdministrativeExpenses": 30384000, "otherExpenses": 0, "operatingExpenses": 63518000, "costAndExpenses": 63518000, "interestIncome": 17502000, "interestExpense": 16806000, "depreciationAndAmortization": 861000, "ebitda": -45155000, "ebitdaratio": 0, "operatingIncome": -63518000, "operatingIncomeRatio": 0, "totalOtherIncomeExpensesNet": 696000, "incomeBeforeTax": -62822000, "incomeBeforeTaxRatio": 0, "incomeTaxExpense": 17502000, "netIncome": -62822000, "netIncomeRatio": 0, "eps": -2.57, "epsdiluted": -2.57, "weightedAverageShsOut": 24470000, "weightedAverageShsOutDil": 24470000, "link": "https://www.sec.gov/Archives/edgar/data/908937/000095011700000770/0000950117-00-000770-index.html", "finalLink": "https://www.sec.gov/Archives/edgar/data/908937/000095011700000770/", "calculatedOtherExpenses": 0, "calculatedOperatingExpenses": 63518000, "calculatedNetInterest": 696000, "calculatedOtherIncome": 0, "calculatedIncomeNonControlling": -17502000, "calculatedEbitda": -62657000}, {"date": "1998-12-31", "symbol": "SIRI", "reportedCurrency": "USD", "cik": "0000908937", "fillingDate": "1999-03-31", "acceptedDate": "1999-03-31 00:00:00", "calendarYear": "1998", "period": "FY", "revenue": 0, "costOfRevenue": 0, "grossProfit": 0, "grossProfitRatio": 0, "researchAndDevelopmentExpenses": 117000, "generalAndAdministrativeExpenses": 2813000, "sellingAndMarketingExpenses": 0, "sellingGeneralAndAdministrativeExpenses": 2813000, "otherExpenses": 0, "operatingExpenses": 2930000, "costAndExpenses": 2930000, "interestIncome": 112000, "interestExpense": 13000, "depreciationAndAmortization": 53000, "ebitda": -2765000, "ebitdaratio": 0, "operatingIncome": -2930000, "operatingIncomeRatio": 0, "totalOtherIncomeExpensesNet": 99000, "incomeBeforeTax": -2831000, "incomeBeforeTaxRatio": 0, "incomeTaxExpense": 112000, "netIncome": -2831000, "netIncomeRatio": 0, "eps": -0.16, "epsdiluted": -0.16, "weightedAverageShsOut": 17932000, "weightedAverageShsOutDil": 17932000, "link": "https://www.sec.gov/Archives/edgar/data/908937/000095011799000673/0000950117-99-000673-index.html", "finalLink": "https://www.sec.gov/Archives/edgar/data/908937/", "calculatedOtherExpenses": 0, "calculatedOperatingExpenses": 2930000, "calculatedNetInterest": 99000, "calculatedOtherIncome": 0, "calculatedIncomeNonControlling": -112000, "calculatedEbitda": -2877000}, {"date": "1997-12-31", "symbol": "SIRI", "reportedCurrency": "USD", "cik": "0000908937", "fillingDate": "1998-03-19", "acceptedDate": "1998-03-19 00:00:00", "calendarYear": "1997", "period": "FY", "revenue": 0, "costOfRevenue": 0, "grossProfit": 0, "grossProfitRatio": 0, "researchAndDevelopmentExpenses": 56626, "generalAndAdministrativeExpenses": 6808022, "sellingAndMarketingExpenses": 0, "sellingGeneralAndAdministrativeExpenses": 6808022, "otherExpenses": 0, "operatingExpenses": 6864648, "costAndExpenses": 6864648, "interestIncome": 4073809, "interestExpense": 1945963, "depreciationAndAmortization": 29687, "ebitda": -2761152, "ebitdaratio": 0, "operatingIncome": -6864648, "operatingIncomeRatio": 0, "totalOtherIncomeExpensesNet": 2127846, "incomeBeforeTax": -4736802, "incomeBeforeTaxRatio": 0, "incomeTaxExpense": 4073809, "netIncome": -4736802, "netIncomeRatio": 0, "eps": -0.41, "epsdiluted": -0.41, "weightedAverageShsOut": 11626000, "weightedAverageShsOutDil": 11626000, "link": "https://www.sec.gov/Archives/edgar/data/908937/000095011798000563/0000950117-98-000563-index.html", "finalLink": "https://www.sec.gov/Archives/edgar/data/908937/", "calculatedOtherExpenses": 0, "calculatedOperatingExpenses": 6864648, "calculatedNetInterest": 2127846, "calculatedOtherIncome": 0, "calculatedIncomeNonControlling": -4073809, "calculatedEbitda": -6834961}, {"date": "1996-12-31", "symbol": "SIRI", "reportedCurrency": "USD", "cik": "0000908937", "fillingDate": "1997-03-31", "acceptedDate": "1997-03-31 00:00:00", "calendarYear": "1996", "period": "FY", "revenue": 0, "costOfRevenue": 0, "grossProfit": 0, "grossProfitRatio": 0, "researchAndDevelopmentExpenses": 374668, "generalAndAdministrativeExpenses": 3700865, "sellingAndMarketingExpenses": 0, "sellingGeneralAndAdministrativeExpenses": 3700865, "otherExpenses": 0, "operatingExpenses": 4075533, "costAndExpenses": 4075533, "interestIncome": 50921, "interestExpense": 40155, "depreciationAndAmortization": 48847, "ebitda": -3975765, "ebitdaratio": 0, "operatingIncome": -4075533, "operatingIncomeRatio": 0, "totalOtherIncomeExpensesNet": 10766, "incomeBeforeTax": -4064767, "incomeBeforeTaxRatio": 0, "incomeTaxExpense": 50921, "netIncome": -4064767, "netIncomeRatio": 0, "eps": -0.23, "epsdiluted": -0.23, "weightedAverageShsOut": 17932000, "weightedAverageShsOutDil": 17932000, "link": "https://www.sec.gov/Archives/edgar/data/908937/000095013397001175/0000950133-97-001175-index.html", "finalLink": "https://www.sec.gov/Archives/edgar/data/908937/", "calculatedOtherExpenses": 0, "calculatedOperatingExpenses": 4075533, "calculatedNetInterest": 10766, "calculatedOtherIncome": 0, "calculatedIncomeNonControlling": -50921, "calculatedEbitda": -4026686}, {"date": "1995-12-31", "symbol": "SIRI", "reportedCurrency": "USD", "cik": "0000908937", "fillingDate": "1995-12-31", "acceptedDate": "1995-12-31 00:00:00", "calendarYear": "1995", "period": "FY", "revenue": 100000, "costOfRevenue": -100000, "grossProfit": 200000, "grossProfitRatio": 2, "researchAndDevelopmentExpenses": 0, "generalAndAdministrativeExpenses": 0, "sellingAndMarketingExpenses": 0, "sellingGeneralAndAdministrativeExpenses": 2200000, "otherExpenses": 0, "operatingExpenses": 2300000, "costAndExpenses": 2200000, "interestIncome": 0, "interestExpense": 0, "depreciationAndAmortization": 100000, "ebitda": -2100000, "ebitdaratio": -21, "operatingIncome": -2100000, "operatingIncomeRatio": -21, "totalOtherIncomeExpensesNet": 100000, "incomeBeforeTax": -2000000, "incomeBeforeTaxRatio": -20, "incomeTaxExpense": 0, "netIncome": -2100000, "netIncomeRatio": -21, "eps": -0.23, "epsdiluted": -0.23, "weightedAverageShsOut": 9224431, "weightedAverageShsOutDil": 9224431, "link": null, "finalLink": null, "calculatedOtherExpenses": 100000, "calculatedOperatingExpenses": 2300000, "calculatedNetInterest": 0, "calculatedOtherIncome": 100000, "calculatedIncomeNonControlling": 100000, "calculatedEbitda": -2000000}, {"date": "1994-12-31", "symbol": "SIRI", "reportedCurrency": "USD", "cik": "0000908937", "fillingDate": "1994-12-31", "acceptedDate": "1994-12-31 00:00:00", "calendarYear": "1994", "period": "FY", "revenue": 100000, "costOfRevenue": 0, "grossProfit": 100000, "grossProfitRatio": 1, "researchAndDevelopmentExpenses": 0, "generalAndAdministrativeExpenses": 0, "sellingAndMarketingExpenses": 0, "sellingGeneralAndAdministrativeExpenses": 4100000, "otherExpenses": 0, "operatingExpenses": 4100000, "costAndExpenses": 4100000, "interestIncome": 0, "interestExpense": 0, "depreciationAndAmortization": -100000, "ebitda": -4100000, "ebitdaratio": -41, "operatingIncome": -4000000, "operatingIncomeRatio": -40, "totalOtherIncomeExpensesNet": 100000, "incomeBeforeTax": -3900000, "incomeBeforeTaxRatio": -39, "incomeTaxExpense": 200000, "netIncome": -4100000, "netIncomeRatio": -41, "eps": -0.43, "epsdiluted": -0.43, "weightedAverageShsOut": 9642048, "weightedAverageShsOutDil": 9642048, "link": null, "finalLink": null, "calculatedOtherExpenses": 0, "calculatedOperatingExpenses": 4100000, "calculatedNetInterest": 0, "calculatedOtherIncome": 100000, "calculatedIncomeNonControlling": 0, "calculatedEbitda": -4100000}]}