{"originalCurrency": "USD", "convertedCurrency": "USD", "report": [{"date": "2023-03-31", "symbol": "SITC", "reportedCurrency": "USD", "cik": "0000894315", "fillingDate": "2023-04-25", "acceptedDate": "2023-04-25 06:45:55", "calendarYear": "2023", "period": "FY", "revenue": 2217000, "costOfRevenue": 0, "grossProfit": 2217000, "grossProfitRatio": 1, "researchAndDevelopmentExpenses": 0, "generalAndAdministrativeExpenses": 0, "sellingAndMarketingExpenses": 0, "sellingGeneralAndAdministrativeExpenses": 0, "otherExpenses": 0, "operatingExpenses": 0, "costAndExpenses": 0, "interestIncome": 0, "interestExpense": 79357000, "depreciationAndAmortization": 207198000, "ebitda": 207198000, "ebitdaratio": 93.4587280108, "operatingIncome": 0, "operatingIncomeRatio": 0, "totalOtherIncomeExpensesNet": 0, "incomeBeforeTax": 170067000, "incomeBeforeTaxRatio": 76.7104194858, "incomeTaxExpense": -170067000, "netIncome": 170067000, "netIncomeRatio": 76.7104194858, "eps": 0.81, "epsdiluted": 0.81, "weightedAverageShsOut": 209618500, "weightedAverageShsOutDil": 209618500, "link": "https://www.sec.gov/Archives/edgar/data/894315/000095017023014232/0000950170-23-014232-index.htm", "finalLink": "https://www.sec.gov/Archives/edgar/data/894315/000095017023014232/sitc-ex99_1.htm", "calculatedOtherExpenses": 2217000, "calculatedOperatingExpenses": 2217000, "calculatedNetInterest": -79357000, "calculatedOtherIncome": 249424000, "calculatedIncomeNonControlling": 170067000, "calculatedEbitda": 207198000}, {"date": "2022-12-31", "symbol": "SITC", "reportedCurrency": "USD", "cik": "0000894315", "fillingDate": "2023-02-23", "acceptedDate": "2023-02-23 06:53:23", "calendarYear": "2022", "period": "FY", "revenue": 540807000, "costOfRevenue": 169984000, "grossProfit": 370823000, "grossProfitRatio": 0.6856845418, "researchAndDevelopmentExpenses": 0, "generalAndAdministrativeExpenses": 46564000, "sellingAndMarketingExpenses": 0, "sellingGeneralAndAdministrativeExpenses": 46564000, "otherExpenses": 203546000, "operatingExpenses": 250110000, "costAndExpenses": 420094000, "interestIncome": 0, "interestExpense": 77692000, "depreciationAndAmortization": 203546000, "ebitda": 361157000, "ebitdaratio": 0.6678112524, "operatingIncome": 157611000, "operatingIncomeRatio": 0.2914366863, "totalOtherIncomeExpensesNet": 11997000, "incomeBeforeTax": 169608000, "incomeBeforeTaxRatio": 0.3136202009, "incomeTaxExpense": 816000, "netIncome": 168719000, "netIncomeRatio": 0.3119763613, "eps": 0.87, "epsdiluted": 0.87, "weightedAverageShsOut": 193336000, "weightedAverageShsOutDil": 193777000, "link": "https://www.sec.gov/Archives/edgar/data/894315/000095017023003924/0000950170-23-003924-index.htm", "finalLink": "https://www.sec.gov/Archives/edgar/data/894315/000095017023003924/sitc-20221231.htm", "calculatedOtherExpenses": 166648000, "calculatedOperatingExpenses": 213212000, "calculatedNetInterest": -77692000, "calculatedOtherIncome": 89689000, "calculatedIncomeNonControlling": 73000, "calculatedEbitda": 361157000}, {"date": "2021-12-31", "symbol": "SITC", "reportedCurrency": "USD", "cik": "0000894315", "fillingDate": "2022-02-24", "acceptedDate": "2022-02-24 08:03:07", "calendarYear": "2021", "period": "FY", "revenue": 492343000, "costOfRevenue": 152787000, "grossProfit": 339556000, "grossProfitRatio": 0.6896736625, "researchAndDevelopmentExpenses": 0, "generalAndAdministrativeExpenses": 55052000, "sellingAndMarketingExpenses": 0, "sellingGeneralAndAdministrativeExpenses": 55052000, "otherExpenses": 185768000, "operatingExpenses": 240820000, "costAndExpenses": 393607000, "interestIncome": 0, "interestExpense": 77026000, "depreciationAndAmortization": 185768000, "ebitda": 372322000, "ebitdaratio": 0.756224827, "operatingIncome": 186554000, "operatingIncomeRatio": 0.3789106375, "totalOtherIncomeExpensesNet": -59588000, "incomeBeforeTax": 126966000, "incomeBeforeTaxRatio": 0.2578811926, "incomeTaxExpense": 1550000, "netIncome": 124935000, "netIncomeRatio": 0.2537560197, "eps": 0.51, "epsdiluted": 0.51, "weightedAverageShsOut": 208004000, "weightedAverageShsOutDil": 209143000, "link": "https://www.sec.gov/Archives/edgar/data/894315/000156459022006507/0001564590-22-006507-index.htm", "finalLink": "https://www.sec.gov/Archives/edgar/data/894315/000156459022006507/sitc-10k_20211231.htm", "calculatedOtherExpenses": 97950000, "calculatedOperatingExpenses": 153002000, "calculatedNetInterest": -77026000, "calculatedOtherIncome": 17438000, "calculatedIncomeNonControlling": 481000, "calculatedEbitda": 372322000}, {"date": "2020-12-31", "symbol": "SITC", "reportedCurrency": "USD", "cik": "0000894315", "fillingDate": "2021-02-25", "acceptedDate": "2021-02-25 16:07:00", "calendarYear": "2020", "period": "FY", "revenue": 416759000, "costOfRevenue": 138402000, "grossProfit": 278357000, "grossProfitRatio": 0.6679087914, "researchAndDevelopmentExpenses": 0, "generalAndAdministrativeExpenses": 52881000, "sellingAndMarketingExpenses": 0, "sellingGeneralAndAdministrativeExpenses": 52881000, "otherExpenses": 170669000, "operatingExpenses": 223550000, "costAndExpenses": 361952000, "interestIncome": 11888000, "interestExpense": 77604000, "depreciationAndAmortization": 170669000, "ebitda": 263061000, "ebitdaratio": 0.6312065246, "operatingIncome": 92392000, "operatingIncomeRatio": 0.2216916731, "totalOtherIncomeExpensesNet": -54671000, "incomeBeforeTax": 37721000, "incomeBeforeTaxRatio": 0.0905103429, "incomeTaxExpense": 1131000, "netIncome": 35721000, "netIncomeRatio": 0.0857114064, "eps": 0.08, "epsdiluted": 0.08, "weightedAverageShsOut": 193336000, "weightedAverageShsOutDil": 193777000, "link": "https://www.sec.gov/Archives/edgar/data/894315/000156459021008817/0001564590-21-008817-index.htm", "finalLink": "https://www.sec.gov/Archives/edgar/data/894315/000156459021008817/sitc-10k_20201231.htm", "calculatedOtherExpenses": 133084000, "calculatedOperatingExpenses": 185965000, "calculatedNetInterest": -65716000, "calculatedOtherIncome": 11045000, "calculatedIncomeNonControlling": 869000, "calculatedEbitda": 263061000}, {"date": "2019-12-31", "symbol": "SITC", "reportedCurrency": "USD", "cik": "0000894315", "fillingDate": "2020-02-27", "acceptedDate": "2020-02-27 11:39:13", "calendarYear": "2019", "period": "FY", "revenue": 447751000, "costOfRevenue": 139663000, "grossProfit": 308088000, "grossProfitRatio": 0.6880788653, "researchAndDevelopmentExpenses": 0, "generalAndAdministrativeExpenses": 58384000, "sellingAndMarketingExpenses": 0, "sellingGeneralAndAdministrativeExpenses": 58384000, "otherExpenses": 165087000, "operatingExpenses": 223471000, "costAndExpenses": 363134000, "interestIncome": 18009000, "interestExpense": 84721000, "depreciationAndAmortization": 165087000, "ebitda": 323040000, "ebitdaratio": 0.7214724255, "operatingIncome": 157953000, "operatingIncomeRatio": 0.3527697314, "totalOtherIncomeExpensesNet": -55469000, "incomeBeforeTax": 102484000, "incomeBeforeTaxRatio": 0.2288861443, "incomeTaxExpense": 659000, "netIncome": 100699000, "netIncomeRatio": 0.2248995535, "eps": 0.55, "epsdiluted": 0.55, "weightedAverageShsOut": 183026000, "weightedAverageShsOutDil": 183254000, "link": "https://www.sec.gov/Archives/edgar/data/894315/000156459020007127/0001564590-20-007127-index.htm", "finalLink": "https://www.sec.gov/Archives/edgar/data/894315/000156459020007127/sitc-10k_20191231.htm", "calculatedOtherExpenses": 91751000, "calculatedOperatingExpenses": 150135000, "calculatedNetInterest": -66712000, "calculatedOtherIncome": 11243000, "calculatedIncomeNonControlling": 1126000, "calculatedEbitda": 323040000}, {"date": "2018-12-31", "symbol": "SITC", "reportedCurrency": "USD", "cik": "0000894315", "fillingDate": "2019-02-27", "acceptedDate": "2019-02-27 12:32:55", "calendarYear": "2018", "period": "FY", "revenue": 654860000, "costOfRevenue": 207992000, "grossProfit": 446868000, "grossProfitRatio": 0.6823870751, "researchAndDevelopmentExpenses": 0, "generalAndAdministrativeExpenses": 61639000, "sellingAndMarketingExpenses": 0, "sellingGeneralAndAdministrativeExpenses": 61639000, "otherExpenses": 242102000, "operatingExpenses": 303741000, "costAndExpenses": 511733000, "interestIncome": 20437000, "interestExpense": 141305000, "depreciationAndAmortization": 242102000, "ebitda": 338225000, "ebitdaratio": 0.5164844394, "operatingIncome": 96123000, "operatingIncomeRatio": 0.1467840454, "totalOtherIncomeExpensesNet": -204562000, "incomeBeforeTax": -108439000, "incomeBeforeTaxRatio": -0.1655911187, "incomeTaxExpense": 862000, "netIncome": -109301000, "netIncomeRatio": -0.1669074306, "eps": -0.59, "epsdiluted": -0.59, "weightedAverageShsOut": 184528000, "weightedAverageShsOutDil": 184535000, "link": "https://www.sec.gov/Archives/edgar/data/894315/000156459019004779/0001564590-19-004779-index.htm", "finalLink": "https://www.sec.gov/Archives/edgar/data/894315/000156459019004779/sitc-10k_20181231.htm", "calculatedOtherExpenses": 289106000, "calculatedOperatingExpenses": 350745000, "calculatedNetInterest": -120868000, "calculatedOtherIncome": -83694000, "calculatedIncomeNonControlling": 0, "calculatedEbitda": 338225000}, {"date": "2017-12-31", "symbol": "SITC", "reportedCurrency": "USD", "cik": "0000894315", "fillingDate": "2018-02-26", "acceptedDate": "2018-02-26 14:55:37", "calendarYear": "2017", "period": "FY", "revenue": 879447000, "costOfRevenue": 250917000, "grossProfit": 628530000, "grossProfitRatio": 0.7146877526, "researchAndDevelopmentExpenses": 0, "generalAndAdministrativeExpenses": 89854000, "sellingAndMarketingExpenses": 0, "sellingGeneralAndAdministrativeExpenses": 89854000, "otherExpenses": -95362000, "operatingExpenses": 446852000, "costAndExpenses": 697769000, "interestIncome": 28364000, "interestExpense": 188647000, "depreciationAndAmortization": 346204000, "ebitda": 469721000, "ebitdaratio": 0.5341095029, "operatingIncome": 637030000, "operatingIncomeRatio": 0.7243529172, "totalOtherIncomeExpensesNet": -424067000, "incomeBeforeTax": -402672000, "incomeBeforeTaxRatio": -0.4578695476, "incomeTaxExpense": 1624000, "netIncome": -241685000, "netIncomeRatio": -0.2748147415, "eps": -1.32, "epsdiluted": -1.32, "weightedAverageShsOut": 183400675, "weightedAverageShsOutDil": 183681000, "link": "https://www.sec.gov/Archives/edgar/data/894315/000156459018003200/0001564590-18-003200-index.htm", "finalLink": "https://www.sec.gov/Archives/edgar/data/894315/000156459018003200/ddr-10k_20171231.htm", "calculatedOtherExpenses": -98354000, "calculatedOperatingExpenses": -8500000, "calculatedNetInterest": -160283000, "calculatedOtherIncome": -879419000, "calculatedIncomeNonControlling": -162611000, "calculatedEbitda": 983234000}, {"date": "2016-12-31", "symbol": "SITC", "reportedCurrency": "USD", "cik": "0000894315", "fillingDate": "2017-02-21", "acceptedDate": "2017-02-21 16:52:55", "calendarYear": "2016", "period": "FY", "revenue": 969507000, "costOfRevenue": 277084000, "grossProfit": 692423000, "grossProfitRatio": 0.7142011352, "researchAndDevelopmentExpenses": 0, "generalAndAdministrativeExpenses": 76101000, "sellingAndMarketingExpenses": 0, "sellingGeneralAndAdministrativeExpenses": 76101000, "otherExpenses": 39620000, "operatingExpenses": 465620000, "costAndExpenses": 742704000, "interestIncome": 37054000, "interestExpense": 217589000, "depreciationAndAmortization": 389519000, "ebitda": 708695000, "ebitdaratio": 0.7309849233, "operatingIncome": 692423000, "operatingIncomeRatio": 0.7142011352, "totalOtherIncomeExpensesNet": -56674000, "incomeBeforeTax": -10406000, "incomeBeforeTaxRatio": -0.0107332902, "incomeTaxExpense": 1781000, "netIncome": 60012000, "netIncomeRatio": 0.0618995015, "eps": 0.2, "epsdiluted": 0.2, "weightedAverageShsOut": 182647000, "weightedAverageShsOutDil": 182781000, "link": "https://www.sec.gov/Archives/edgar/data/894315/000156459017001905/0001564590-17-001905-index.htm", "finalLink": "https://www.sec.gov/Archives/edgar/data/894315/000156459017001905/ddr-10k_20161231.htm", "calculatedOtherExpenses": -76101000, "calculatedOperatingExpenses": 0, "calculatedNetInterest": -180535000, "calculatedOtherIncome": -522294000, "calculatedIncomeNonControlling": -72199000, "calculatedEbitda": 1081942000}, {"date": "2015-12-31", "symbol": "SITC", "reportedCurrency": "USD", "cik": "0000894315", "fillingDate": "2016-02-24", "acceptedDate": "2016-02-24 16:08:17", "calendarYear": "2015", "period": "FY", "revenue": 995100000, "costOfRevenue": 293693000, "grossProfit": 701407000, "grossProfitRatio": 0.704860818, "researchAndDevelopmentExpenses": 0, "generalAndAdministrativeExpenses": 73382000, "sellingAndMarketingExpenses": 0, "sellingGeneralAndAdministrativeExpenses": 73382000, "otherExpenses": 31232000, "operatingExpenses": 475427000, "costAndExpenses": 769120000, "interestIncome": 29213000, "interestExpense": 241727000, "depreciationAndAmortization": 402045000, "ebitda": 685335000, "ebitdaratio": 0.6887096774, "operatingIncome": 701407000, "operatingIncomeRatio": 0.704860818, "totalOtherIncomeExpensesNet": -245061000, "incomeBeforeTax": -231595000, "incomeBeforeTaxRatio": -0.2327354035, "incomeTaxExpense": 6286000, "netIncome": -72168000, "netIncomeRatio": -0.0725233645, "eps": -0.4, "epsdiluted": -0.4, "weightedAverageShsOut": 177461111, "weightedAverageShsOutDil": 180473000, "link": "https://www.sec.gov/Archives/edgar/data/894315/000156459016013184/0001564590-16-013184-index.htm", "finalLink": "https://www.sec.gov/Archives/edgar/data/894315/000156459016013184/ddr-10k_20151231.htm", "calculatedOtherExpenses": -73382000, "calculatedOperatingExpenses": 0, "calculatedNetInterest": -212514000, "calculatedOtherIncome": -720488000, "calculatedIncomeNonControlling": -165713000, "calculatedEbitda": 1103452000}, {"date": "2014-12-31", "symbol": "SITC", "reportedCurrency": "USD", "cik": "0000894315", "fillingDate": "2015-02-26", "acceptedDate": "2015-02-26 13:48:12", "calendarYear": "2014", "period": "FY", "revenue": 953768000, "costOfRevenue": 281107000, "grossProfit": 672661000, "grossProfitRatio": 0.7052668993, "researchAndDevelopmentExpenses": 0, "generalAndAdministrativeExpenses": 84484000, "sellingAndMarketingExpenses": 0, "sellingGeneralAndAdministrativeExpenses": 84484000, "otherExpenses": 19645000, "operatingExpenses": 487309000, "costAndExpenses": 768416000, "interestIncome": 15927000, "interestExpense": 237120000, "depreciationAndAmortization": 402825000, "ebitda": 634738000, "ebitdaratio": 0.6655056576, "operatingIncome": 672661000, "operatingIncomeRatio": 0.7052668993, "totalOtherIncomeExpensesNet": 58803000, "incomeBeforeTax": 22962000, "incomeBeforeTaxRatio": 0.0240750371, "incomeTaxExpense": 1855000, "netIncome": 117282000, "netIncomeRatio": 0.1229670108, "eps": 0.5, "epsdiluted": 0.5, "weightedAverageShsOut": 179061000, "weightedAverageShsOutDil": 179061000, "link": "https://www.sec.gov/Archives/edgar/data/894315/000156459015000995/0001564590-15-000995-index.htm", "finalLink": "https://www.sec.gov/Archives/edgar/data/894315/000156459015000995/ddr-10k_20141231.htm", "calculatedOtherExpenses": -84484000, "calculatedOperatingExpenses": 0, "calculatedNetInterest": -221193000, "calculatedOtherIncome": -428506000, "calculatedIncomeNonControlling": -96175000, "calculatedEbitda": 1075486000}, {"date": "2013-12-31", "symbol": "SITC", "reportedCurrency": "USD", "cik": "0000894315", "fillingDate": "2014-02-28", "acceptedDate": "2014-02-27 18:15:49", "calendarYear": "2013", "period": "FY", "revenue": 888788000, "costOfRevenue": 255353000, "grossProfit": 633435000, "grossProfitRatio": 0.7126952659, "researchAndDevelopmentExpenses": 0, "generalAndAdministrativeExpenses": 79556000, "sellingAndMarketingExpenses": 0, "sellingGeneralAndAdministrativeExpenses": 79556000, "otherExpenses": -6629000, "operatingExpenses": 397632000, "costAndExpenses": 652985000, "interestIncome": 23539000, "interestExpense": 228869000, "depreciationAndAmortization": 318076000, "ebitda": 577608000, "ebitdaratio": 0.6498827617, "operatingIncome": 221407000, "operatingIncomeRatio": 0.2491111491, "totalOtherIncomeExpensesNet": -25873000, "incomeBeforeTax": 4600000, "incomeBeforeTaxRatio": 0.0051755874, "incomeTaxExpense": 2713000, "netIncome": -10175000, "netIncomeRatio": -0.0114481744, "eps": -0.0623, "epsdiluted": -0.0623, "weightedAverageShsOut": 163213000, "weightedAverageShsOutDil": 163213000, "link": "https://www.sec.gov/Archives/edgar/data/894315/000119312514073593/0001193125-14-073593-index.htm", "finalLink": "https://www.sec.gov/Archives/edgar/data/894315/000119312514073593/d636168d10k.htm", "calculatedOtherExpenses": 332472000, "calculatedOperatingExpenses": 412028000, "calculatedNetInterest": -205330000, "calculatedOtherIncome": -11477000, "calculatedIncomeNonControlling": 12062000, "calculatedEbitda": 539483000}, {"date": "2012-12-31", "symbol": "SITC", "reportedCurrency": "USD", "cik": "0000894315", "fillingDate": "2013-03-01", "acceptedDate": "2013-03-01 14:42:14", "calendarYear": "2012", "period": "FY", "revenue": 800375000, "costOfRevenue": 233077000, "grossProfit": 567298000, "grossProfitRatio": 0.7087902546, "researchAndDevelopmentExpenses": 0, "generalAndAdministrativeExpenses": 76444000, "sellingAndMarketingExpenses": 0, "sellingGeneralAndAdministrativeExpenses": 76444000, "otherExpenses": -17880000, "operatingExpenses": 325225000, "costAndExpenses": 558302000, "interestIncome": 15799000, "interestExpense": 221424000, "depreciationAndAmortization": 248781000, "ebitda": 524023000, "ebitdaratio": 0.6547218491, "operatingIncome": 196762000, "operatingIncomeRatio": 0.2458372638, "totalOtherIncomeExpensesNet": -50064000, "incomeBeforeTax": -13616000, "incomeBeforeTaxRatio": -0.0170120256, "incomeTaxExpense": 1160000, "netIncome": -25822000, "netIncomeRatio": -0.032262377, "eps": -0.18, "epsdiluted": -0.18, "weightedAverageShsOut": 143502381, "weightedAverageShsOutDil": 143502381, "link": "https://www.sec.gov/Archives/edgar/data/894315/000119312513087320/0001193125-13-087320-index.htm", "finalLink": "https://www.sec.gov/Archives/edgar/data/894315/000119312513087320/d447131d10k.htm", "calculatedOtherExpenses": 294092000, "calculatedOperatingExpenses": 370536000, "calculatedNetInterest": -205625000, "calculatedOtherIncome": -4753000, "calculatedIncomeNonControlling": 11046000, "calculatedEbitda": 445543000}, {"date": "2011-12-31", "symbol": "SITC", "reportedCurrency": "USD", "cik": "0000894315", "fillingDate": "2012-02-28", "acceptedDate": "2012-02-28 14:55:58", "calendarYear": "2011", "period": "FY", "revenue": 771018000, "costOfRevenue": 235797000, "grossProfit": 535221000, "grossProfitRatio": 0.6941744551, "researchAndDevelopmentExpenses": 0, "generalAndAdministrativeExpenses": 85221000, "sellingAndMarketingExpenses": 0, "sellingGeneralAndAdministrativeExpenses": 85221000, "otherExpenses": 222655000, "operatingExpenses": 307876000, "costAndExpenses": 543673000, "interestIncome": 9832000, "interestExpense": 229718000, "depreciationAndAmortization": 222655000, "ebitda": 473566000, "ebitdaratio": 0.6142087474, "operatingIncome": 214908000, "operatingIncomeRatio": 0.2787327922, "totalOtherIncomeExpensesNet": -48997000, "incomeBeforeTax": -41538000, "incomeBeforeTaxRatio": -0.0538742286, "incomeTaxExpense": 1044000, "netIncome": -15854000, "netIncomeRatio": -0.0205624253, "eps": -0.12, "epsdiluted": -0.12, "weightedAverageShsOut": 135139000, "weightedAverageShsOutDil": 135736000, "link": "https://www.sec.gov/Archives/edgar/data/894315/000119312512084819/0001193125-12-084819-index.htm", "finalLink": "https://www.sec.gov/Archives/edgar/data/894315/000119312512084819/d256566d10k.htm", "calculatedOtherExpenses": 235092000, "calculatedOperatingExpenses": 320313000, "calculatedNetInterest": -219886000, "calculatedOtherIncome": -36560000, "calculatedIncomeNonControlling": -26728000, "calculatedEbitda": 437563000}, {"date": "2010-12-31", "symbol": "SITC", "reportedCurrency": "USD", "cik": "0000894315", "fillingDate": "2011-02-28", "acceptedDate": "2011-02-28 16:39:24", "calendarYear": "2010", "period": "FY", "revenue": 803069000, "costOfRevenue": 246161000, "grossProfit": 556908000, "grossProfitRatio": 0.6934746578, "researchAndDevelopmentExpenses": 0, "generalAndAdministrativeExpenses": 85573000, "sellingAndMarketingExpenses": 0, "sellingGeneralAndAdministrativeExpenses": 85573000, "otherExpenses": 222862000, "operatingExpenses": 308435000, "costAndExpenses": 554596000, "interestIncome": 7346000, "interestExpense": 226464000, "depreciationAndAmortization": 222862000, "ebitda": 484281000, "ebitdaratio": 0.6030378461, "operatingIncome": 65098000, "operatingIncomeRatio": 0.0810615277, "totalOtherIncomeExpensesNet": -175535000, "incomeBeforeTax": -146180000, "incomeBeforeTaxRatio": -0.1820267001, "incomeTaxExpense": 47992000, "netIncome": -209358000, "netIncomeRatio": -0.2606973996, "eps": -1.71, "epsdiluted": -1.71, "weightedAverageShsOut": 122356000, "weightedAverageShsOutDil": 122356000, "link": "https://www.sec.gov/Archives/edgar/data/894315/000095012311019812/0000950123-11-019812-index.htm", "finalLink": "https://www.sec.gov/Archives/edgar/data/894315/000095012311019812/l40684e10vk.htm", "calculatedOtherExpenses": 406237000, "calculatedOperatingExpenses": 491810000, "calculatedNetInterest": -219118000, "calculatedOtherIncome": 7840000, "calculatedIncomeNonControlling": 15186000, "calculatedEbitda": 287960000}, {"date": "2009-12-31", "symbol": "SITC", "reportedCurrency": "USD", "cik": "0000894315", "fillingDate": "2010-02-26", "acceptedDate": "2010-02-26 15:28:37", "calendarYear": "2009", "period": "FY", "revenue": 819307000, "costOfRevenue": 254469000, "grossProfit": 564838000, "grossProfitRatio": 0.6894094643, "researchAndDevelopmentExpenses": 0, "generalAndAdministrativeExpenses": 94365000, "sellingAndMarketingExpenses": -15362000, "sellingGeneralAndAdministrativeExpenses": 79003000, "otherExpenses": 227185000, "operatingExpenses": 321550000, "costAndExpenses": 576019000, "interestIncome": 12109000, "interestExpense": 237943000, "depreciationAndAmortization": 227185000, "ebitda": 496714000, "ebitdaratio": 0.6062611451, "operatingIncome": -119341000, "operatingIncomeRatio": -0.1456609061, "totalOtherIncomeExpensesNet": -359117000, "incomeBeforeTax": -317798000, "incomeBeforeTaxRatio": -0.3878863479, "incomeTaxExpense": -691000, "netIncome": -356593000, "netIncomeRatio": -0.4352373408, "eps": -4.49, "epsdiluted": -4.49, "weightedAverageShsOut": 79408000, "weightedAverageShsOutDil": 79408000, "link": "https://www.sec.gov/Archives/edgar/data/894315/000095012310018046/0000950123-10-018046-index.htm", "finalLink": "https://www.sec.gov/Archives/edgar/data/894315/000095012310018046/l38471e10vk.htm", "calculatedOtherExpenses": 605176000, "calculatedOperatingExpenses": 684179000, "calculatedNetInterest": -225834000, "calculatedOtherIncome": 27377000, "calculatedIncomeNonControlling": 39486000, "calculatedEbitda": 107844000}, {"date": "2008-12-31", "symbol": "SITC", "reportedCurrency": "USD", "cik": "0000894315", "fillingDate": "2009-02-27", "acceptedDate": "2009-02-27 17:23:42", "calendarYear": "2008", "period": "FY", "revenue": 931472000, "costOfRevenue": 257119000, "grossProfit": 674353000, "grossProfitRatio": 0.7239648642, "researchAndDevelopmentExpenses": 0, "generalAndAdministrativeExpenses": 97719000, "sellingAndMarketingExpenses": -15837000, "sellingGeneralAndAdministrativeExpenses": 81882000, "otherExpenses": 242032000, "operatingExpenses": 596870000, "costAndExpenses": 596870000, "interestIncome": 5473000, "interestExpense": 244212000, "depreciationAndAmortization": 242032000, "ebitda": 492869000, "ebitdaratio": 0.5291291633, "operatingIncome": 169002000, "operatingIncomeRatio": 0.1814354055, "totalOtherIncomeExpensesNet": -96564000, "incomeBeforeTax": -89939000, "incomeBeforeTaxRatio": -0.0965557741, "incomeTaxExpense": -17434000, "netIncome": -57776000, "netIncomeRatio": -0.0620265558, "eps": -0.96, "epsdiluted": -0.96, "weightedAverageShsOut": 59921500, "weightedAverageShsOutDil": 59921500, "link": "https://www.sec.gov/Archives/edgar/data/894315/000095015209001977/0000950152-09-001977-index.htm", "finalLink": "https://www.sec.gov/Archives/edgar/data/894315/000095015209001977/l35487ae10vk.htm", "calculatedOtherExpenses": 423469000, "calculatedOperatingExpenses": 505351000, "calculatedNetInterest": -238739000, "calculatedOtherIncome": -20202000, "calculatedIncomeNonControlling": -14729000, "calculatedEbitda": 411034000}, {"date": "2007-12-31", "symbol": "SITC", "reportedCurrency": "USD", "cik": "0000894315", "fillingDate": "2008-02-29", "acceptedDate": "2008-02-29 13:26:19", "calendarYear": "2007", "period": "FY", "revenue": 944851000, "costOfRevenue": 133334000, "grossProfit": 811517000, "grossProfitRatio": 0.85888357, "researchAndDevelopmentExpenses": 0, "generalAndAdministrativeExpenses": 81244000, "sellingAndMarketingExpenses": 0, "sellingGeneralAndAdministrativeExpenses": 81244000, "otherExpenses": 328078000, "operatingExpenses": 409322000, "costAndExpenses": 542656000, "interestIncome": 8808000, "interestExpense": -261318000, "depreciationAndAmortization": 224375000, "ebitda": 629589000, "ebitdaratio": 0.6663368087, "operatingIncome": 261405000, "operatingIncomeRatio": 0.2766626696, "totalOtherIncomeExpensesNet": -3019000, "incomeBeforeTax": 189895000, "incomeBeforeTaxRatio": 0.2009787787, "incomeTaxExpense": -14642000, "netIncome": 276047000, "netIncomeRatio": 0.2921592928, "eps": 3.35, "epsdiluted": 3.34, "weightedAverageShsOut": 67053675, "weightedAverageShsOutDil": 67396491, "link": "https://www.sec.gov/Archives/edgar/data/894315/000095015208001552/0000950152-08-001552-index.htm", "finalLink": "https://www.sec.gov/Archives/edgar/data/894315/000095015208001552/l29656ae10vk.htm", "calculatedOtherExpenses": 468868000, "calculatedOperatingExpenses": 550112000, "calculatedNetInterest": 270126000, "calculatedOtherIncome": -341636000, "calculatedIncomeNonControlling": -71510000, "calculatedEbitda": 485780000}, {"date": "2006-12-31", "symbol": "SITC", "reportedCurrency": "USD", "cik": "0000894315", "fillingDate": "2007-02-21", "acceptedDate": "2007-02-21 16:51:35", "calendarYear": "2006", "period": "FY", "revenue": 818098000, "costOfRevenue": 0, "grossProfit": 818098000, "grossProfitRatio": 1, "researchAndDevelopmentExpenses": 0, "generalAndAdministrativeExpenses": 60679000, "sellingAndMarketingExpenses": 0, "sellingGeneralAndAdministrativeExpenses": 60679000, "otherExpenses": 401307000, "operatingExpenses": 461986000, "costAndExpenses": 461986000, "interestIncome": 9113000, "interestExpense": -221525000, "depreciationAndAmortization": 193527000, "ebitda": 550085000, "ebitdaratio": 0.6723949942, "operatingIncome": 250783000, "operatingIncomeRatio": 0.3065439593, "totalOtherIncomeExpensesNet": -446000, "incomeBeforeTax": 173591000, "incomeBeforeTaxRatio": 0.2121885153, "incomeTaxExpense": -2481000, "netIncome": 253264000, "netIncomeRatio": 0.3095766033, "eps": 3.28, "epsdiluted": 3.26, "weightedAverageShsOut": 60377324, "weightedAverageShsOutDil": 60710900, "link": "https://www.sec.gov/Archives/edgar/data/894315/000095015207001346/0000950152-07-001346-index.htm", "finalLink": "https://www.sec.gov/Archives/edgar/data/894315/000095015207001346/l24241ae10vk.htm", "calculatedOtherExpenses": 506636000, "calculatedOperatingExpenses": 567315000, "calculatedNetInterest": 230638000, "calculatedOtherIncome": -307830000, "calculatedIncomeNonControlling": -77192000, "calculatedEbitda": 444310000}, {"date": "2005-12-31", "symbol": "SITC", "reportedCurrency": "USD", "cik": "0000894315", "fillingDate": "2006-03-02", "acceptedDate": "2006-03-01 18:54:05", "calendarYear": "2005", "period": "FY", "revenue": 727176000, "costOfRevenue": 0, "grossProfit": 727176000, "grossProfitRatio": 1, "researchAndDevelopmentExpenses": 0, "generalAndAdministrativeExpenses": 54048000, "sellingAndMarketingExpenses": 0, "sellingGeneralAndAdministrativeExpenses": 54048000, "otherExpenses": 349009000, "operatingExpenses": 403057000, "costAndExpenses": 403057000, "interestIncome": 10078000, "interestExpense": -182279000, "depreciationAndAmortization": 170701000, "ebitda": 497352000, "ebitdaratio": 0.6839499653, "operatingIncome": 282985000, "operatingIncomeRatio": 0.3891561328, "totalOtherIncomeExpensesNet": -2532000, "incomeBeforeTax": 184259000, "incomeBeforeTaxRatio": 0.2533898258, "incomeTaxExpense": 342000, "netIncome": 282643000, "netIncomeRatio": 0.3886858202, "eps": 3.79, "epsdiluted": 3.75, "weightedAverageShsOut": 60087509, "weightedAverageShsOutDil": 60665274, "link": "https://www.sec.gov/Archives/edgar/data/894315/000095015206001617/0000950152-06-001617-index.htm", "finalLink": "https://www.sec.gov/Archives/edgar/data/894315/000095015206001617/l17858ae10vk.htm", "calculatedOtherExpenses": 390143000, "calculatedOperatingExpenses": 444191000, "calculatedNetInterest": 192357000, "calculatedOtherIncome": -291083000, "calculatedIncomeNonControlling": -98726000, "calculatedEbitda": 453686000}, {"date": "2004-12-31", "symbol": "SITC", "reportedCurrency": "USD", "cik": "0000894315", "fillingDate": "2005-03-16", "acceptedDate": "2005-03-16 16:21:14", "calendarYear": "2004", "period": "FY", "revenue": 598933000, "costOfRevenue": 0, "grossProfit": 598933000, "grossProfitRatio": 1, "researchAndDevelopmentExpenses": 0, "generalAndAdministrativeExpenses": 47126000, "sellingAndMarketingExpenses": 0, "sellingGeneralAndAdministrativeExpenses": 47126000, "otherExpenses": 281191000, "operatingExpenses": 328317000, "costAndExpenses": 328317000, "interestIncome": 4235000, "interestExpense": -129659000, "depreciationAndAmortization": 132647000, "ebitda": 405042000, "ebitdaratio": 0.6762726382, "operatingIncome": 271231000, "operatingIncomeRatio": 0.4528569974, "totalOtherIncomeExpensesNet": -1779000, "incomeBeforeTax": 184308000, "incomeBeforeTaxRatio": 0.3077272416, "incomeTaxExpense": 1469000, "netIncome": 269762000, "netIncomeRatio": 0.4504043023, "eps": 4.09, "epsdiluted": 4.04, "weightedAverageShsOut": 53530467, "weightedAverageShsOutDil": 54247392, "link": "https://www.sec.gov/Archives/edgar/data/894315/000095015205002220/0000950152-05-002220-index.htm", "finalLink": "https://www.sec.gov/Archives/edgar/data/894315/000095015205002220/l11783ae10vk.htm", "calculatedOtherExpenses": 280576000, "calculatedOperatingExpenses": 327702000, "calculatedNetInterest": 133894000, "calculatedOtherIncome": -220817000, "calculatedIncomeNonControlling": -86923000, "calculatedEbitda": 403878000}, {"date": "2003-12-31", "symbol": "SITC", "reportedCurrency": "USD", "cik": "0000894315", "fillingDate": "2004-03-15", "acceptedDate": "2004-03-15 12:21:10", "calendarYear": "2003", "period": "FY", "revenue": 476097000, "costOfRevenue": 0, "grossProfit": 476097000, "grossProfitRatio": 1, "researchAndDevelopmentExpenses": 0, "generalAndAdministrativeExpenses": 40820000, "sellingAndMarketingExpenses": 0, "sellingGeneralAndAdministrativeExpenses": 40820000, "otherExpenses": 436631000, "operatingExpenses": 477451000, "costAndExpenses": 477451000, "interestIncome": 5082000, "interestExpense": 240261000, "depreciationAndAmortization": 95219000, "ebitda": 93865000, "ebitdaratio": 0.1971552016, "operatingIncome": 240261000, "operatingIncomeRatio": 0.5046471622, "totalOtherIncomeExpensesNet": 73038000, "incomeBeforeTax": 240261000, "incomeBeforeTaxRatio": 0.5046471622, "incomeTaxExpense": -240261000, "netIncome": 240261000, "netIncomeRatio": 0.5046471622, "eps": 4.16, "epsdiluted": 4.09, "weightedAverageShsOut": 45399411, "weightedAverageShsOutDil": 46199401, "link": "https://www.sec.gov/Archives/edgar/data/894315/000095015204001932/0000950152-04-001932-index.htm", "finalLink": "https://www.sec.gov/Archives/edgar/data/894315/000095015204001932/l05623ae10vk.htm", "calculatedOtherExpenses": 195016000, "calculatedOperatingExpenses": 235836000, "calculatedNetInterest": -235179000, "calculatedOtherIncome": 235179000, "calculatedIncomeNonControlling": 240261000, "calculatedEbitda": 335480000}, {"date": "2002-12-31", "symbol": "SITC", "reportedCurrency": "USD", "cik": "0000894315", "fillingDate": "2003-03-12", "acceptedDate": "2003-03-12 10:41:50", "calendarYear": "2002", "period": "FY", "revenue": 357243000, "costOfRevenue": 0, "grossProfit": 357243000, "grossProfitRatio": 1, "researchAndDevelopmentExpenses": 0, "generalAndAdministrativeExpenses": 29392000, "sellingAndMarketingExpenses": 0, "sellingGeneralAndAdministrativeExpenses": 29392000, "otherExpenses": 326335000, "operatingExpenses": 355727000, "costAndExpenses": 355727000, "interestIncome": 5905000, "interestExpense": 101970000, "depreciationAndAmortization": 78368000, "ebitda": 79884000, "ebitdaratio": 0.2236124991, "operatingIncome": 101970000, "operatingIncomeRatio": 0.2854359638, "totalOtherIncomeExpensesNet": 1062000, "incomeBeforeTax": 101970000, "incomeBeforeTaxRatio": 0.2854359638, "incomeTaxExpense": -101970000, "netIncome": 101970000, "netIncomeRatio": 0.2854359638, "eps": 1.96, "epsdiluted": 1.93, "weightedAverageShsOut": 35302414, "weightedAverageShsOutDil": 35962273, "link": "https://www.sec.gov/Archives/edgar/data/894315/000095015203002826/0000950152-03-002826-index.htm", "finalLink": "https://www.sec.gov/Archives/edgar/data/894315/000095015203002826/l99103ae10vk.htm", "calculatedOtherExpenses": 225881000, "calculatedOperatingExpenses": 255273000, "calculatedNetInterest": -96065000, "calculatedOtherIncome": 96065000, "calculatedIncomeNonControlling": 101970000, "calculatedEbitda": 180338000}, {"date": "2001-12-31", "symbol": "SITC", "reportedCurrency": "USD", "cik": "0000894315", "fillingDate": "2002-03-08", "acceptedDate": "2002-03-08 00:00:00", "calendarYear": "2001", "period": "FY", "revenue": 322239000, "costOfRevenue": 0, "grossProfit": 322239000, "grossProfitRatio": 1, "researchAndDevelopmentExpenses": 0, "generalAndAdministrativeExpenses": 24375000, "sellingAndMarketingExpenses": 0, "sellingGeneralAndAdministrativeExpenses": 24375000, "otherExpenses": 302617000, "operatingExpenses": 326992000, "costAndExpenses": 326992000, "interestIncome": 6424000, "interestExpense": 92372000, "depreciationAndAmortization": 64493000, "ebitda": 59740000, "ebitdaratio": 0.1853903469, "operatingIncome": 92372000, "operatingIncomeRatio": 0.2866567982, "totalOtherIncomeExpensesNet": 0, "incomeBeforeTax": 92372000, "incomeBeforeTaxRatio": 0.2866567982, "incomeTaxExpense": -92372000, "netIncome": 92372000, "netIncomeRatio": 0.2866567982, "eps": 2.13, "epsdiluted": 2.11, "weightedAverageShsOut": 30608174, "weightedAverageShsOutDil": 30869782, "link": "https://www.sec.gov/Archives/edgar/data/894315/000095015202001612/0000950152-02-001612-index.htm", "finalLink": "https://www.sec.gov/Archives/edgar/data/894315/000095015202001612/l92528ae10-k.htm", "calculatedOtherExpenses": 205492000, "calculatedOperatingExpenses": 229867000, "calculatedNetInterest": -85948000, "calculatedOtherIncome": 85948000, "calculatedIncomeNonControlling": 92372000, "calculatedEbitda": 156865000}, {"date": "2000-12-31", "symbol": "SITC", "reportedCurrency": "USD", "cik": "0000894315", "fillingDate": "2001-04-02", "acceptedDate": "2001-04-02 00:00:00", "calendarYear": "2000", "period": "FY", "revenue": 285793000, "costOfRevenue": 0, "grossProfit": 285793000, "grossProfitRatio": 1, "researchAndDevelopmentExpenses": 0, "generalAndAdministrativeExpenses": 20450000, "sellingAndMarketingExpenses": 0, "sellingGeneralAndAdministrativeExpenses": 20450000, "otherExpenses": 114623000, "operatingExpenses": 135073000, "costAndExpenses": 135073000, "interestIncome": 0, "interestExpense": 100833000, "depreciationAndAmortization": 54201000, "ebitda": 204921000, "ebitdaratio": 0.7170259593, "operatingIncome": 100833000, "operatingIncomeRatio": 0.3528182986, "totalOtherIncomeExpensesNet": 0, "incomeBeforeTax": 100833000, "incomeBeforeTaxRatio": 0.3528182986, "incomeTaxExpense": -100833000, "netIncome": 100833000, "netIncomeRatio": 0.3528182986, "eps": 2.36, "epsdiluted": 2.36, "weightedAverageShsOut": 31153518, "weightedAverageShsOutDil": 31153518, "link": "https://www.sec.gov/Archives/edgar/data/894315/000095015201002029/0000950152-01-002029-index.htm", "finalLink": "https://www.sec.gov/Archives/edgar/data/894315/000095015201002029/l86783ae10-k.txt", "calculatedOtherExpenses": 164510000, "calculatedOperatingExpenses": 184960000, "calculatedNetInterest": -100833000, "calculatedOtherIncome": 100833000, "calculatedIncomeNonControlling": 100833000, "calculatedEbitda": 155034000}, {"date": "1999-12-31", "symbol": "SITC", "reportedCurrency": "USD", "cik": "0000894315", "fillingDate": "2000-03-30", "acceptedDate": "2000-03-30 00:00:00", "calendarYear": "1999", "period": "FY", "revenue": 263933000, "costOfRevenue": 0, "grossProfit": 263933000, "grossProfitRatio": 1, "researchAndDevelopmentExpenses": 0, "generalAndAdministrativeExpenses": 17774000, "sellingAndMarketingExpenses": 0, "sellingGeneralAndAdministrativeExpenses": 17774000, "otherExpenses": 104340000, "operatingExpenses": 122114000, "costAndExpenses": 122114000, "interestIncome": 0, "interestExpense": 87397000, "depreciationAndAmortization": 52444000, "ebitda": 194263000, "ebitdaratio": 0.7360314928, "operatingIncome": 87397000, "operatingIncomeRatio": 0.33113328, "totalOtherIncomeExpensesNet": 0, "incomeBeforeTax": 87397000, "incomeBeforeTaxRatio": 0.33113328, "incomeTaxExpense": -87397000, "netIncome": 87397000, "netIncomeRatio": 0.33113328, "eps": 1.77, "epsdiluted": 1.71, "weightedAverageShsOut": 34038701, "weightedAverageShsOutDil": 35113607, "link": "https://www.sec.gov/Archives/edgar/data/894315/000095015200002543/0000950152-00-002543-index.html", "finalLink": "https://www.sec.gov/Archives/edgar/data/894315/000095015200002543/", "calculatedOtherExpenses": 158762000, "calculatedOperatingExpenses": 176536000, "calculatedNetInterest": -87397000, "calculatedOtherIncome": 87397000, "calculatedIncomeNonControlling": 87397000, "calculatedEbitda": 139841000}, {"date": "1998-12-31", "symbol": "SITC", "reportedCurrency": "USD", "cik": "0000894315", "fillingDate": "1999-03-31", "acceptedDate": "1999-03-31 00:00:00", "calendarYear": "1998", "period": "FY", "revenue": 228168000, "costOfRevenue": 0, "grossProfit": 228168000, "grossProfitRatio": 1, "researchAndDevelopmentExpenses": 0, "generalAndAdministrativeExpenses": 12918000, "sellingAndMarketingExpenses": 0, "sellingGeneralAndAdministrativeExpenses": 12918000, "otherExpenses": 204152000, "operatingExpenses": 217070000, "costAndExpenses": 217070000, "interestIncome": 0, "interestExpense": 77922000, "depreciationAndAmortization": 43180000, "ebitda": 54030000, "ebitdaratio": 0.2367992006, "operatingIncome": 77922000, "operatingIncomeRatio": 0.3415115178, "totalOtherIncomeExpensesNet": 248000, "incomeBeforeTax": 77922000, "incomeBeforeTaxRatio": 0.3415115178, "incomeTaxExpense": -77922000, "netIncome": 77922000, "netIncomeRatio": 0.3415115178, "eps": 1.84, "epsdiluted": 1.77, "weightedAverageShsOut": 31525891, "weightedAverageShsOutDil": 32812662, "link": "https://www.sec.gov/Archives/edgar/data/894315/000095015299002869/0000950152-99-002869-index.html", "finalLink": "https://www.sec.gov/Archives/edgar/data/894315/", "calculatedOtherExpenses": 137328000, "calculatedOperatingExpenses": 150246000, "calculatedNetInterest": -77922000, "calculatedOtherIncome": 77922000, "calculatedIncomeNonControlling": 77922000, "calculatedEbitda": 121102000}, {"date": "1997-12-31", "symbol": "SITC", "reportedCurrency": "USD", "cik": "0000894315", "fillingDate": "1998-03-31", "acceptedDate": "1998-03-31 00:00:00", "calendarYear": "1997", "period": "FY", "revenue": 169040000, "costOfRevenue": 0, "grossProfit": 169040000, "grossProfitRatio": 1, "researchAndDevelopmentExpenses": 0, "generalAndAdministrativeExpenses": 11055000, "sellingAndMarketingExpenses": 0, "sellingGeneralAndAdministrativeExpenses": 11055000, "otherExpenses": 139391000, "operatingExpenses": 150446000, "costAndExpenses": 150446000, "interestIncome": 0, "interestExpense": 67522000, "depreciationAndAmortization": 32313000, "ebitda": 47381000, "ebitdaratio": 0.2802946048, "operatingIncome": 67522000, "operatingIncomeRatio": 0.3994439186, "totalOtherIncomeExpensesNet": 3526000, "incomeBeforeTax": 67522000, "incomeBeforeTaxRatio": 0.3994439186, "incomeTaxExpense": -67522000, "netIncome": 67522000, "netIncomeRatio": 0.3994439186, "eps": 1.86, "epsdiluted": 1.86, "weightedAverageShsOut": 28705275, "weightedAverageShsOutDil": 28705275, "link": "https://www.sec.gov/Archives/edgar/data/894315/000095015298002795/0000950152-98-002795-index.html", "finalLink": "https://www.sec.gov/Archives/edgar/data/894315/", "calculatedOtherExpenses": 90463000, "calculatedOperatingExpenses": 101518000, "calculatedNetInterest": -67522000, "calculatedOtherIncome": 67522000, "calculatedIncomeNonControlling": 67522000, "calculatedEbitda": 99835000}, {"date": "1996-12-31", "symbol": "SITC", "reportedCurrency": "USD", "cik": "0000894315", "fillingDate": "1997-03-31", "acceptedDate": "1997-03-31 00:00:00", "calendarYear": "1996", "period": "FY", "revenue": 130905798, "costOfRevenue": 0, "grossProfit": 130905798, "grossProfitRatio": 1, "researchAndDevelopmentExpenses": 0, "generalAndAdministrativeExpenses": 8435616, "sellingAndMarketingExpenses": 0, "sellingGeneralAndAdministrativeExpenses": 8435616, "otherExpenses": 111525959, "operatingExpenses": 119961575, "costAndExpenses": 119961575, "interestIncome": 0, "interestExpense": 49542235, "depreciationAndAmortization": 25061772, "ebitda": 36005995, "ebitdaratio": 0.2750527139, "operatingIncome": 49542235, "operatingIncomeRatio": 0.3784571482, "totalOtherIncomeExpensesNet": 0, "incomeBeforeTax": 49542235, "incomeBeforeTaxRatio": 0.3784571482, "incomeTaxExpense": -49542235, "netIncome": 49542235, "netIncomeRatio": 0.3784571482, "eps": 1.51, "epsdiluted": 1.5, "weightedAverageShsOut": 30651460, "weightedAverageShsOutDil": 30651460, "link": "https://www.sec.gov/Archives/edgar/data/894315/000095015297002498/0000950152-97-002498-index.html", "finalLink": "https://www.sec.gov/Archives/edgar/data/894315/", "calculatedOtherExpenses": 72927947, "calculatedOperatingExpenses": 81363563, "calculatedNetInterest": -49542235, "calculatedOtherIncome": 49542235, "calculatedIncomeNonControlling": 49542235, "calculatedEbitda": 74604007}, {"date": "1995-12-31", "symbol": "SITC", "reportedCurrency": "USD", "cik": "0000894315", "fillingDate": "1995-12-31", "acceptedDate": "1995-12-31 00:00:00", "calendarYear": "1995", "period": "FY", "revenue": 108600000, "costOfRevenue": 0, "grossProfit": 108600000, "grossProfitRatio": 1, "researchAndDevelopmentExpenses": 0, "generalAndAdministrativeExpenses": 6400000, "sellingAndMarketingExpenses": 0, "sellingGeneralAndAdministrativeExpenses": 6400000, "otherExpenses": 0, "operatingExpenses": -43600000, "costAndExpenses": -43600000, "interestIncome": 0, "interestExpense": 25500000, "depreciationAndAmortization": 23600000, "ebitda": 175500000, "ebitdaratio": 1.6160220994, "operatingIncome": 25500000, "operatingIncomeRatio": 0.2348066298, "totalOtherIncomeExpensesNet": 300000, "incomeBeforeTax": 25500000, "incomeBeforeTaxRatio": 0.2348066298, "incomeTaxExpense": -25500000, "netIncome": 25500000, "netIncomeRatio": 0.2348066298, "eps": 1.15, "epsdiluted": 1.15, "weightedAverageShsOut": 22102019, "weightedAverageShsOutDil": 22102019, "link": null, "finalLink": null, "calculatedOtherExpenses": 76700000, "calculatedOperatingExpenses": 83100000, "calculatedNetInterest": -25500000, "calculatedOtherIncome": 25500000, "calculatedIncomeNonControlling": 25500000, "calculatedEbitda": 49100000}, {"date": "1994-12-31", "symbol": "SITC", "reportedCurrency": "USD", "cik": "0000894315", "fillingDate": "1994-12-31", "acceptedDate": "1994-12-31 00:00:00", "calendarYear": "1994", "period": "FY", "revenue": 81800000, "costOfRevenue": 0, "grossProfit": 81800000, "grossProfitRatio": 1, "researchAndDevelopmentExpenses": 0, "generalAndAdministrativeExpenses": 5600000, "sellingAndMarketingExpenses": 0, "sellingGeneralAndAdministrativeExpenses": 5600000, "otherExpenses": 0, "operatingExpenses": -33400000, "costAndExpenses": -33400000, "interestIncome": 0, "interestExpense": 21200000, "depreciationAndAmortization": 17400000, "ebitda": 132600000, "ebitdaratio": 1.6210268949, "operatingIncome": 21200000, "operatingIncomeRatio": 0.2591687042, "totalOtherIncomeExpensesNet": 0, "incomeBeforeTax": 21200000, "incomeBeforeTaxRatio": 0.2591687042, "incomeTaxExpense": -21200000, "netIncome": 21200000, "netIncomeRatio": 0.2591687042, "eps": 1.21, "epsdiluted": 1.19, "weightedAverageShsOut": 17552250, "weightedAverageShsOutDil": 17818193, "link": null, "finalLink": null, "calculatedOtherExpenses": 55000000, "calculatedOperatingExpenses": 60600000, "calculatedNetInterest": -21200000, "calculatedOtherIncome": 21200000, "calculatedIncomeNonControlling": 21200000, "calculatedEbitda": 38600000}, {"date": "1993-12-31", "symbol": "SITC", "reportedCurrency": "USD", "cik": "0000894315", "fillingDate": "1993-12-31", "acceptedDate": "1993-12-31 00:00:00", "calendarYear": "1993", "period": "FY", "revenue": 51700000, "costOfRevenue": 0, "grossProfit": 51700000, "grossProfitRatio": 1, "researchAndDevelopmentExpenses": 0, "generalAndAdministrativeExpenses": 4100000, "sellingAndMarketingExpenses": 0, "sellingGeneralAndAdministrativeExpenses": 4100000, "otherExpenses": 0, "operatingExpenses": -23100000, "costAndExpenses": -23100000, "interestIncome": 0, "interestExpense": 8600000, "depreciationAndAmortization": 10900000, "ebitda": 85700000, "ebitdaratio": 1.6576402321, "operatingIncome": 8600000, "operatingIncomeRatio": 0.166344294, "totalOtherIncomeExpensesNet": 0, "incomeBeforeTax": 8600000, "incomeBeforeTaxRatio": 0.166344294, "incomeTaxExpense": -8600000, "netIncome": 8600000, "netIncomeRatio": 0.166344294, "eps": 0.69, "epsdiluted": 0.69, "weightedAverageShsOut": 12554129, "weightedAverageShsOutDil": 12554129, "link": null, "finalLink": null, "calculatedOtherExpenses": 39000000, "calculatedOperatingExpenses": 43100000, "calculatedNetInterest": -8600000, "calculatedOtherIncome": 8600000, "calculatedIncomeNonControlling": 8600000, "calculatedEbitda": 19500000}]}