{"originalCurrency": "USD", "convertedCurrency": "USD", "report": [{"date": "2023-12-31", "symbol": "SITE", "reportedCurrency": "USD", "cik": "0001650729", "fillingDate": "2024-02-22", "acceptedDate": "2024-02-22 06:01:39", "calendarYear": "2023", "period": "FY", "revenue": 4301200000, "costOfRevenue": 2810000000, "grossProfit": 1491200000, "grossProfitRatio": 0.3466939459, "researchAndDevelopmentExpenses": 0, "generalAndAdministrativeExpenses": 0, "sellingAndMarketingExpenses": 0, "sellingGeneralAndAdministrativeExpenses": 1256600000, "otherExpenses": 0, "operatingExpenses": 1256600000, "costAndExpenses": 4066600000, "interestIncome": 0, "interestExpense": 27100000, "depreciationAndAmortization": 127700000, "ebitda": 362300000, "ebitdaratio": 0.0842323073, "operatingIncome": 234600000, "operatingIncomeRatio": 0.0545429183, "totalOtherIncomeExpensesNet": -11400000, "incomeBeforeTax": 223200000, "incomeBeforeTaxRatio": 0.0518924951, "incomeTaxExpense": 49800000, "netIncome": 173400000, "netIncomeRatio": 0.0403143309, "eps": 3.84, "epsdiluted": 3.8, "weightedAverageShsOut": 45112977, "weightedAverageShsOutDil": 45686268, "link": "https://www.sec.gov/Archives/edgar/data/1650729/000165072924000004/0001650729-24-000004-index.htm", "finalLink": "https://www.sec.gov/Archives/edgar/data/1650729/000165072924000004/site-20231231.htm", "calculatedOtherExpenses": 0, "calculatedOperatingExpenses": 1256600000, "calculatedNetInterest": -27100000, "calculatedOtherIncome": 15700000, "calculatedIncomeNonControlling": 0, "calculatedEbitda": 362300000}, {"date": "2022-12-31", "symbol": "SITE", "reportedCurrency": "USD", "cik": "0001650729", "fillingDate": "2023-02-23", "acceptedDate": "2023-02-23 06:01:03", "calendarYear": "2022", "period": "FY", "revenue": 4014500000, "costOfRevenue": 2593000000, "grossProfit": 1421500000, "grossProfitRatio": 0.3540914186, "researchAndDevelopmentExpenses": 0, "generalAndAdministrativeExpenses": 0, "sellingAndMarketingExpenses": 0, "sellingGeneralAndAdministrativeExpenses": 1097000000, "otherExpenses": -8600000, "operatingExpenses": 1088400000, "costAndExpenses": 3681400000, "interestIncome": 20000000, "interestExpense": 20000000, "depreciationAndAmortization": 103800000, "ebitda": 436900000, "ebitdaratio": 0.1088304895, "operatingIncome": 333100000, "operatingIncomeRatio": 0.0829742185, "totalOtherIncomeExpensesNet": -20000000, "incomeBeforeTax": 313100000, "incomeBeforeTaxRatio": 0.077992278, "incomeTaxExpense": 67700000, "netIncome": 245400000, "netIncomeRatio": 0.0611284095, "eps": 5.45, "epsdiluted": 5.36, "weightedAverageShsOut": 45048218, "weightedAverageShsOutDil": 45780836, "link": "https://www.sec.gov/Archives/edgar/data/1650729/000165072923000003/0001650729-23-000003-index.htm", "finalLink": "https://www.sec.gov/Archives/edgar/data/1650729/000165072923000003/site-20230101.htm", "calculatedOtherExpenses": -8600000, "calculatedOperatingExpenses": 1088400000, "calculatedNetInterest": 0, "calculatedOtherIncome": -20000000, "calculatedIncomeNonControlling": 0, "calculatedEbitda": 436900000}, {"date": "2021-12-31", "symbol": "SITE", "reportedCurrency": "USD", "cik": "0001650729", "fillingDate": "2022-02-24", "acceptedDate": "2022-02-24 06:09:13", "calendarYear": "2021", "period": "FY", "revenue": 3475700000, "costOfRevenue": 2263100000, "grossProfit": 1212600000, "grossProfitRatio": 0.3488793624, "researchAndDevelopmentExpenses": 0, "generalAndAdministrativeExpenses": 0, "sellingAndMarketingExpenses": 0, "sellingGeneralAndAdministrativeExpenses": 900600000, "otherExpenses": -1700000, "operatingExpenses": 898900000, "costAndExpenses": 3162000000, "interestIncome": 19200000, "interestExpense": 19200000, "depreciationAndAmortization": 83000000, "ebitda": 396700000, "ebitdaratio": 0.1141352821, "operatingIncome": 313700000, "operatingIncomeRatio": 0.0902552004, "totalOtherIncomeExpensesNet": -19200000, "incomeBeforeTax": 294500000, "incomeBeforeTaxRatio": 0.0847311333, "incomeTaxExpense": 56100000, "netIncome": 238400000, "netIncomeRatio": 0.0685904998, "eps": 5.35, "epsdiluted": 5.2, "weightedAverageShsOut": 44578649, "weightedAverageShsOutDil": 45805373, "link": "https://www.sec.gov/Archives/edgar/data/1650729/000165072922000005/0001650729-22-000005-index.htm", "finalLink": "https://www.sec.gov/Archives/edgar/data/1650729/000165072922000005/site-20220102.htm", "calculatedOtherExpenses": -1700000, "calculatedOperatingExpenses": 898900000, "calculatedNetInterest": 0, "calculatedOtherIncome": -19200000, "calculatedIncomeNonControlling": 0, "calculatedEbitda": 396700000}, {"date": "2020-12-31", "symbol": "SITE", "reportedCurrency": "USD", "cik": "0001650729", "fillingDate": "2021-03-03", "acceptedDate": "2021-03-03 06:02:33", "calendarYear": "2020", "period": "FY", "revenue": 2704500000, "costOfRevenue": 1803200000, "grossProfit": 901300000, "grossProfitRatio": 0.3332593825, "researchAndDevelopmentExpenses": 0, "generalAndAdministrativeExpenses": 0, "sellingAndMarketingExpenses": 0, "sellingGeneralAndAdministrativeExpenses": 728200000, "otherExpenses": -6700000, "operatingExpenses": 721500000, "costAndExpenses": 2524700000, "interestIncome": 31000000, "interestExpense": 31000000, "depreciationAndAmortization": 67200000, "ebitda": 247000000, "ebitdaratio": 0.091329266, "operatingIncome": 179800000, "operatingIncomeRatio": 0.0664817896, "totalOtherIncomeExpensesNet": -31000000, "incomeBeforeTax": 148800000, "incomeBeforeTaxRatio": 0.0550194121, "incomeTaxExpense": 27500000, "netIncome": 121300000, "netIncomeRatio": 0.044851174, "eps": 2.83, "epsdiluted": 2.75, "weightedAverageShsOut": 42858691, "weightedAverageShsOutDil": 44093501, "link": "https://www.sec.gov/Archives/edgar/data/1650729/000165072921000006/0001650729-21-000006-index.htm", "finalLink": "https://www.sec.gov/Archives/edgar/data/1650729/000165072921000006/site-20210103.htm", "calculatedOtherExpenses": -6700000, "calculatedOperatingExpenses": 721500000, "calculatedNetInterest": 0, "calculatedOtherIncome": -31000000, "calculatedIncomeNonControlling": 0, "calculatedEbitda": 247000000}, {"date": "2019-12-29", "symbol": "SITE", "reportedCurrency": "USD", "cik": "0001650729", "fillingDate": "2020-02-26", "acceptedDate": "2020-02-26 06:04:13", "calendarYear": "2019", "period": "FY", "revenue": 2357500000, "costOfRevenue": 1584300000, "grossProfit": 773200000, "grossProfitRatio": 0.3279745493, "researchAndDevelopmentExpenses": 0, "generalAndAdministrativeExpenses": 0, "sellingAndMarketingExpenses": 0, "sellingGeneralAndAdministrativeExpenses": 654300000, "otherExpenses": -6000000, "operatingExpenses": 648300000, "costAndExpenses": 2232600000, "interestIncome": 33400000, "interestExpense": 33400000, "depreciationAndAmortization": 59500000, "ebitda": 184400000, "ebitdaratio": 0.0782184517, "operatingIncome": 124900000, "operatingIncomeRatio": 0.0529798515, "totalOtherIncomeExpensesNet": -33400000, "incomeBeforeTax": 91500000, "incomeBeforeTaxRatio": 0.0388123012, "incomeTaxExpense": 13800000, "netIncome": 77700000, "netIncomeRatio": 0.0329586426, "eps": 1.89, "epsdiluted": 1.82, "weightedAverageShsOut": 41218843, "weightedAverageShsOutDil": 42750348, "link": "https://www.sec.gov/Archives/edgar/data/1650729/000165072920000004/0001650729-20-000004-index.htm", "finalLink": "https://www.sec.gov/Archives/edgar/data/1650729/000165072920000004/site1229201910kdocument.htm", "calculatedOtherExpenses": -6000000, "calculatedOperatingExpenses": 648300000, "calculatedNetInterest": 0, "calculatedOtherIncome": -33400000, "calculatedIncomeNonControlling": 0, "calculatedEbitda": 184400000}, {"date": "2018-12-30", "symbol": "SITE", "reportedCurrency": "USD", "cik": "0001650729", "fillingDate": "2019-02-27", "acceptedDate": "2019-02-27 06:03:21", "calendarYear": "2018", "period": "FY", "revenue": 2112300000, "costOfRevenue": 1434200000, "grossProfit": 678100000, "grossProfitRatio": 0.3210244757, "researchAndDevelopmentExpenses": 0, "generalAndAdministrativeExpenses": 0, "sellingAndMarketingExpenses": 0, "sellingGeneralAndAdministrativeExpenses": 578800000, "otherExpenses": -8000000, "operatingExpenses": 570800000, "costAndExpenses": 2005000000, "interestIncome": 0, "interestExpense": 32100000, "depreciationAndAmortization": 52300000, "ebitda": 159600000, "ebitdaratio": 0.0755574492, "operatingIncome": 107300000, "operatingIncomeRatio": 0.0507977087, "totalOtherIncomeExpensesNet": -32100000, "incomeBeforeTax": 75200000, "incomeBeforeTaxRatio": 0.0356010036, "incomeTaxExpense": 1300000, "netIncome": 73900000, "netIncomeRatio": 0.0349855608, "eps": 1.73, "epsdiluted": 1.73, "weightedAverageShsOut": 42633309, "weightedAverageShsOutDil": 42633309, "link": "https://www.sec.gov/Archives/edgar/data/1650729/000165072919000004/0001650729-19-000004-index.htm", "finalLink": "https://www.sec.gov/Archives/edgar/data/1650729/000165072919000004/site_12302018x10kdocument.htm", "calculatedOtherExpenses": -8000000, "calculatedOperatingExpenses": 570800000, "calculatedNetInterest": -32100000, "calculatedOtherIncome": 0, "calculatedIncomeNonControlling": 0, "calculatedEbitda": 159600000}, {"date": "2017-12-31", "symbol": "SITE", "reportedCurrency": "USD", "cik": "0001650729", "fillingDate": "2018-02-28", "acceptedDate": "2018-02-28 06:03:06", "calendarYear": "2017", "period": "FY", "revenue": 1861700000, "costOfRevenue": 1266200000, "grossProfit": 595500000, "grossProfitRatio": 0.319868937, "researchAndDevelopmentExpenses": 0, "generalAndAdministrativeExpenses": 0, "sellingAndMarketingExpenses": 0, "sellingGeneralAndAdministrativeExpenses": 502200000, "otherExpenses": -4500000, "operatingExpenses": 497700000, "costAndExpenses": 1763900000, "interestIncome": 0, "interestExpense": 25200000, "depreciationAndAmortization": 43100000, "ebitda": 140900000, "ebitdaratio": 0.0756835151, "operatingIncome": 97800000, "operatingIncomeRatio": 0.0525326315, "totalOtherIncomeExpensesNet": -25200000, "incomeBeforeTax": 72600000, "incomeBeforeTaxRatio": 0.038996616, "incomeTaxExpense": 18000000, "netIncome": 54600000, "netIncomeRatio": 0.0293280335, "eps": 1.37, "epsdiluted": 1.29, "weightedAverageShsOut": 39754595, "weightedAverageShsOutDil": 42193432, "link": "https://www.sec.gov/Archives/edgar/data/1650729/000165072918000005/0001650729-18-000005-index.htm", "finalLink": "https://www.sec.gov/Archives/edgar/data/1650729/000165072918000005/site_12312017x10kdocument.htm", "calculatedOtherExpenses": -4500000, "calculatedOperatingExpenses": 497700000, "calculatedNetInterest": -25200000, "calculatedOtherIncome": 0, "calculatedIncomeNonControlling": 0, "calculatedEbitda": 140900000}, {"date": "2016-12-31", "symbol": "SITE", "reportedCurrency": "USD", "cik": "0001650729", "fillingDate": "2017-03-15", "acceptedDate": "2017-03-15 06:47:02", "calendarYear": "2016", "period": "FY", "revenue": 1648200000, "costOfRevenue": 1132500000, "grossProfit": 515700000, "grossProfitRatio": 0.3128867856, "researchAndDevelopmentExpenses": 0, "generalAndAdministrativeExpenses": 0, "sellingAndMarketingExpenses": 0, "sellingGeneralAndAdministrativeExpenses": 446500000, "otherExpenses": -4800000, "operatingExpenses": 441700000, "costAndExpenses": 1574200000, "interestIncome": 0, "interestExpense": 22100000, "depreciationAndAmortization": 37000000, "ebitda": 111000000, "ebitdaratio": 0.0673461959, "operatingIncome": 74000000, "operatingIncomeRatio": 0.0448974639, "totalOtherIncomeExpensesNet": -22100000, "incomeBeforeTax": 51900000, "incomeBeforeTaxRatio": 0.031488897, "incomeTaxExpense": 21300000, "netIncome": 30600000, "netIncomeRatio": 0.018565708, "eps": -3.01, "epsdiluted": -3.01, "weightedAverageShsOut": 30316087, "weightedAverageShsOutDil": 30316087, "link": "https://www.sec.gov/Archives/edgar/data/1650729/000165072917000004/0001650729-17-000004-index.htm", "finalLink": "https://www.sec.gov/Archives/edgar/data/1650729/000165072917000004/site_01012017x10kdocument.htm", "calculatedOtherExpenses": -4800000, "calculatedOperatingExpenses": 441700000, "calculatedNetInterest": -22100000, "calculatedOtherIncome": 0, "calculatedIncomeNonControlling": 0, "calculatedEbitda": 111000000}, {"date": "2015-12-31", "symbol": "SITE", "reportedCurrency": "USD", "cik": "0001650729", "fillingDate": "2015-12-31", "acceptedDate": "2015-12-31 00:00:00", "calendarYear": "2015", "period": "FY", "revenue": 1451600000, "costOfRevenue": 1022500000, "grossProfit": 429100000, "grossProfitRatio": 0.2956048498, "researchAndDevelopmentExpenses": 0, "generalAndAdministrativeExpenses": 0, "sellingAndMarketingExpenses": 0, "sellingGeneralAndAdministrativeExpenses": 373300000, "otherExpenses": -4000000, "operatingExpenses": 369300000, "costAndExpenses": 1391800000, "interestIncome": 0, "interestExpense": 11400000, "depreciationAndAmortization": 31200000, "ebitda": 91000000, "ebitdaratio": 0.0626894461, "operatingIncome": 59800000, "operatingIncomeRatio": 0.0411959217, "totalOtherIncomeExpensesNet": -11400000, "incomeBeforeTax": 48400000, "incomeBeforeTaxRatio": 0.0333425186, "incomeTaxExpense": 19500000, "netIncome": 28900000, "netIncomeRatio": 0.0199090659, "eps": -1.04, "epsdiluted": -1.04, "weightedAverageShsOut": 14209850, "weightedAverageShsOutDil": 14249494, "link": null, "finalLink": null, "calculatedOtherExpenses": -4000000, "calculatedOperatingExpenses": 369300000, "calculatedNetInterest": -11400000, "calculatedOtherIncome": 0, "calculatedIncomeNonControlling": 0, "calculatedEbitda": 91000000}, {"date": "2014-12-31", "symbol": "SITE", "reportedCurrency": "USD", "cik": "0001650729", "fillingDate": "2014-12-31", "acceptedDate": "2014-12-31 00:00:00", "calendarYear": "2014", "period": "FY", "revenue": 1176600000, "costOfRevenue": 865500000, "grossProfit": 311100000, "grossProfitRatio": 0.2644059153, "researchAndDevelopmentExpenses": 0, "generalAndAdministrativeExpenses": 0, "sellingAndMarketingExpenses": 0, "sellingGeneralAndAdministrativeExpenses": 269000000, "otherExpenses": -3100000, "operatingExpenses": 265900000, "costAndExpenses": 1131400000, "interestIncome": 0, "interestExpense": 9100000, "depreciationAndAmortization": 20300000, "ebitda": 65500000, "ebitdaratio": 0.0556688764, "operatingIncome": 45200000, "operatingIncomeRatio": 0.0384157743, "totalOtherIncomeExpensesNet": -9100000, "incomeBeforeTax": 36100000, "incomeBeforeTaxRatio": 0.030681625, "incomeTaxExpense": 14400000, "netIncome": 21700000, "netIncomeRatio": 0.0184429713, "eps": -0.29, "epsdiluted": -0.29, "weightedAverageShsOut": 13793151, "weightedAverageShsOutDil": 13818138, "link": null, "finalLink": null, "calculatedOtherExpenses": -3100000, "calculatedOperatingExpenses": 265900000, "calculatedNetInterest": -9100000, "calculatedOtherIncome": 0, "calculatedIncomeNonControlling": 0, "calculatedEbitda": 65500000}, {"date": "2013-12-31", "symbol": "SITE", "reportedCurrency": "USD", "cik": "0001650729", "fillingDate": "2013-12-31", "acceptedDate": "2013-12-31 00:00:00", "calendarYear": "2013", "period": "FY", "revenue": 1072700000, "costOfRevenue": 783000000, "grossProfit": 289700000, "grossProfitRatio": 0.2700661881, "researchAndDevelopmentExpenses": 0, "generalAndAdministrativeExpenses": 0, "sellingAndMarketingExpenses": 0, "sellingGeneralAndAdministrativeExpenses": 235600000, "otherExpenses": -3600000, "operatingExpenses": 232000000, "costAndExpenses": 1015000000, "interestIncome": 0, "interestExpense": 100000, "depreciationAndAmortization": 10200000, "ebitda": 67900000, "ebitdaratio": 0.0632982194, "operatingIncome": 57700000, "operatingIncomeRatio": 0.0537895031, "totalOtherIncomeExpensesNet": -100000, "incomeBeforeTax": 57600000, "incomeBeforeTaxRatio": 0.0536962804, "incomeTaxExpense": 23900000, "netIncome": 33700000, "netIncomeRatio": 0.031416053, "eps": 2.36, "epsdiluted": 2.36, "weightedAverageShsOut": 14249494, "weightedAverageShsOutDil": 14249494, "link": null, "finalLink": null, "calculatedOtherExpenses": -3600000, "calculatedOperatingExpenses": 232000000, "calculatedNetInterest": -100000, "calculatedOtherIncome": 0, "calculatedIncomeNonControlling": 0, "calculatedEbitda": 67900000}, {"date": "2012-12-31", "symbol": "SITE", "reportedCurrency": "USD", "cik": "0001650729", "fillingDate": "2012-12-31", "acceptedDate": "2012-12-31 00:00:00", "calendarYear": "2012", "period": "FY", "revenue": 1062000000, "costOfRevenue": 744600000, "grossProfit": 317400000, "grossProfitRatio": 0.2988700565, "researchAndDevelopmentExpenses": 0, "generalAndAdministrativeExpenses": 0, "sellingAndMarketingExpenses": 0, "sellingGeneralAndAdministrativeExpenses": 281400000, "otherExpenses": -5000000, "operatingExpenses": 276400000, "costAndExpenses": 1021000000, "interestIncome": 0, "interestExpense": 9100000, "depreciationAndAmortization": 11000000, "ebitda": 52000000, "ebitdaratio": 0.0489642185, "operatingIncome": 41000000, "operatingIncomeRatio": 0.038606403, "totalOtherIncomeExpensesNet": 9100000, "incomeBeforeTax": 50100000, "incomeBeforeTaxRatio": 0.0471751412, "incomeTaxExpense": -21000000, "netIncome": 64900000, "netIncomeRatio": 0.0611111111, "eps": 4.55, "epsdiluted": 4.55, "weightedAverageShsOut": 14249494, "weightedAverageShsOutDil": 14249494, "link": null, "finalLink": null, "calculatedOtherExpenses": -5000000, "calculatedOperatingExpenses": 276400000, "calculatedNetInterest": -9100000, "calculatedOtherIncome": 18200000, "calculatedIncomeNonControlling": 6200000, "calculatedEbitda": 52000000}]}