{"originalCurrency": "USD", "convertedCurrency": "USD", "report": [{"date": "2023-10-01", "symbol": "SIX", "reportedCurrency": "USD", "cik": "0000701374", "fillingDate": "2023-11-02", "acceptedDate": "2023-11-02 06:15:00", "calendarYear": "2023", "period": "FY", "revenue": 1413228000, "costOfRevenue": 0, "grossProfit": 1413228000, "grossProfitRatio": 1, "researchAndDevelopmentExpenses": 0, "generalAndAdministrativeExpenses": 0, "sellingAndMarketingExpenses": 0, "sellingGeneralAndAdministrativeExpenses": 226943000, "otherExpenses": 388704000, "operatingExpenses": 615647000, "costAndExpenses": 615647000, "interestIncome": 0, "interestExpense": 151945000, "depreciationAndAmortization": 116318000, "ebitda": 374903000, "ebitdaratio": 0.2652813276, "operatingIncome": 320147000, "operatingIncomeRatio": 0.2265359871, "totalOtherIncomeExpensesNet": -165974000, "incomeBeforeTax": 154173000, "incomeBeforeTaxRatio": 0.1090928003, "incomeTaxExpense": 35228000, "netIncome": 71412000, "netIncomeRatio": 0.0505311245, "eps": 0.86, "epsdiluted": 0.85, "weightedAverageShsOut": 83313000, "weightedAverageShsOutDil": 83585000, "link": "https://www.sec.gov/Archives/edgar/data/701374/000119312523268722/0001193125-23-268722-index.htm", "finalLink": "https://www.sec.gov/Archives/edgar/data/701374/000119312523268722/d580729dex991.htm", "calculatedOtherExpenses": 866138000, "calculatedOperatingExpenses": 1093081000, "calculatedNetInterest": -151945000, "calculatedOtherIncome": -14029000, "calculatedIncomeNonControlling": 47533000, "calculatedEbitda": 436465000}, {"date": "2022-12-31", "symbol": "SIX", "reportedCurrency": "USD", "cik": "0000701374", "fillingDate": "2023-03-07", "acceptedDate": "2023-03-07 17:18:55", "calendarYear": "2022", "period": "FY", "revenue": 1358236000, "costOfRevenue": 108146000, "grossProfit": 1250090000, "grossProfitRatio": 0.9203776074, "researchAndDevelopmentExpenses": 0, "generalAndAdministrativeExpenses": 156748000, "sellingAndMarketingExpenses": 37300000, "sellingGeneralAndAdministrativeExpenses": 156748000, "otherExpenses": 708684000, "operatingExpenses": 865432000, "costAndExpenses": 973578000, "interestIncome": 1627000, "interestExpense": 141590000, "depreciationAndAmortization": 117124000, "ebitda": 497656000, "ebitdaratio": 0.3663987702, "operatingIncome": 380532000, "operatingIncomeRatio": 0.2801663334, "totalOtherIncomeExpensesNet": -179993000, "incomeBeforeTax": 200539000, "incomeBeforeTaxRatio": 0.1476466535, "incomeTaxExpense": 46960000, "netIncome": 153579000, "netIncomeRatio": 0.1130723968, "eps": 1.82, "epsdiluted": 1.81, "weightedAverageShsOut": 84366000, "weightedAverageShsOutDil": 84695000, "link": "https://www.sec.gov/Archives/edgar/data/701374/000155837023003053/0001558370-23-003053-index.htm", "finalLink": "https://www.sec.gov/Archives/edgar/data/701374/000155837023003053/six-20230101x10k.htm", "calculatedOtherExpenses": 712810000, "calculatedOperatingExpenses": 869558000, "calculatedNetInterest": -139963000, "calculatedOtherIncome": -40030000, "calculatedIncomeNonControlling": 0, "calculatedEbitda": 497656000}, {"date": "2021-12-31", "symbol": "SIX", "reportedCurrency": "USD", "cik": "0000701374", "fillingDate": "2022-02-24", "acceptedDate": "2022-02-24 17:01:06", "calendarYear": "2021", "period": "FY", "revenue": 1496905000, "costOfRevenue": 125728000, "grossProfit": 1371177000, "grossProfitRatio": 0.9160080299, "researchAndDevelopmentExpenses": 0, "generalAndAdministrativeExpenses": 205487000, "sellingAndMarketingExpenses": 0, "sellingGeneralAndAdministrativeExpenses": 205487000, "otherExpenses": 761684000, "operatingExpenses": 967171000, "costAndExpenses": 1092899000, "interestIncome": 465000, "interestExpense": 152436000, "depreciationAndAmortization": 114434000, "ebitda": 500318000, "ebitdaratio": 0.3342349715, "operatingIncome": 385884000, "operatingIncomeRatio": 0.2577879024, "totalOtherIncomeExpensesNet": -164573000, "incomeBeforeTax": 221311000, "incomeBeforeTaxRatio": 0.1478457217, "incomeTaxExpense": 49622000, "netIncome": 129923000, "netIncomeRatio": 0.0867944192, "eps": 1.52, "epsdiluted": 1.5, "weightedAverageShsOut": 85708000, "weightedAverageShsOutDil": 86651000, "link": "https://www.sec.gov/Archives/edgar/data/701374/000155837022001971/0001558370-22-001971-index.htm", "finalLink": "https://www.sec.gov/Archives/edgar/data/701374/000155837022001971/six-20220102x10k.htm", "calculatedOtherExpenses": 779806000, "calculatedOperatingExpenses": 985293000, "calculatedNetInterest": -151971000, "calculatedOtherIncome": -12602000, "calculatedIncomeNonControlling": 41766000, "calculatedEbitda": 500318000}, {"date": "2020-12-31", "symbol": "SIX", "reportedCurrency": "USD", "cik": "0000701374", "fillingDate": "2021-02-25", "acceptedDate": "2021-02-25 16:26:14", "calendarYear": "2020", "period": "FY", "revenue": 356575000, "costOfRevenue": 34119000, "grossProfit": 322456000, "grossProfitRatio": 0.9043146603, "researchAndDevelopmentExpenses": 0, "generalAndAdministrativeExpenses": 142105000, "sellingAndMarketingExpenses": 0, "sellingGeneralAndAdministrativeExpenses": 142105000, "otherExpenses": 509899000, "operatingExpenses": 652004000, "costAndExpenses": 686123000, "interestIncome": 688000, "interestExpense": 154723000, "depreciationAndAmortization": 120173000, "ebitda": -234368000, "ebitdaratio": -0.657275468, "operatingIncome": -354541000, "operatingIncomeRatio": -0.9942957302, "totalOtherIncomeExpensesNet": -168518000, "incomeBeforeTax": -523059000, "incomeBeforeTaxRatio": -1.4668975671, "incomeTaxExpense": -140967000, "netIncome": -382092000, "netIncomeRatio": -1.0715613826, "eps": -4.51, "epsdiluted": -4.51, "weightedAverageShsOut": 84800000, "weightedAverageShsOutDil": 84800000, "link": "https://www.sec.gov/Archives/edgar/data/701374/000155837021001835/0001558370-21-001835-index.htm", "finalLink": "https://www.sec.gov/Archives/edgar/data/701374/000155837021001835/six-20201231x10k.htm", "calculatedOtherExpenses": 534892000, "calculatedOperatingExpenses": 676997000, "calculatedNetInterest": -154035000, "calculatedOtherIncome": -14483000, "calculatedIncomeNonControlling": 0, "calculatedEbitda": -234368000}, {"date": "2019-12-31", "symbol": "SIX", "reportedCurrency": "USD", "cik": "0000701374", "fillingDate": "2020-02-20", "acceptedDate": "2020-02-20 16:42:27", "calendarYear": "2019", "period": "FY", "revenue": 1487583000, "costOfRevenue": 130304000, "grossProfit": 1357279000, "grossProfitRatio": 0.9124055599, "researchAndDevelopmentExpenses": 0, "generalAndAdministrativeExpenses": 195008000, "sellingAndMarketingExpenses": 0, "sellingGeneralAndAdministrativeExpenses": 195008000, "otherExpenses": 726021000, "operatingExpenses": 921029000, "costAndExpenses": 1051333000, "interestIncome": 1401000, "interestExpense": 113302000, "depreciationAndAmortization": 118230000, "ebitda": 551938000, "ebitdaratio": 0.3710300534, "operatingIncome": 433708000, "operatingIncomeRatio": 0.2915521352, "totalOtherIncomeExpensesNet": -121948000, "incomeBeforeTax": 311760000, "incomeBeforeTaxRatio": 0.2095748607, "incomeTaxExpense": 91942000, "netIncome": 179065000, "netIncomeRatio": 0.1203731153, "eps": 2.12, "epsdiluted": 2.11, "weightedAverageShsOut": 84348000, "weightedAverageShsOutDil": 84968000, "link": "https://www.sec.gov/Archives/edgar/data/701374/000155837020001092/0001558370-20-001092-index.htm", "finalLink": "https://www.sec.gov/Archives/edgar/data/701374/000155837020001092/six-20191231x10k06dc64.htm", "calculatedOtherExpenses": 728563000, "calculatedOperatingExpenses": 923571000, "calculatedNetInterest": -111901000, "calculatedOtherIncome": -10047000, "calculatedIncomeNonControlling": 40753000, "calculatedEbitda": 551938000}, {"date": "2018-12-31", "symbol": "SIX", "reportedCurrency": "USD", "cik": "0000701374", "fillingDate": "2019-02-20", "acceptedDate": "2019-02-19 18:28:08", "calendarYear": "2018", "period": "FY", "revenue": 1463707000, "costOfRevenue": 121803000, "grossProfit": 1341904000, "grossProfitRatio": 0.9167845751, "researchAndDevelopmentExpenses": 0, "generalAndAdministrativeExpenses": 126999000, "sellingAndMarketingExpenses": 68400000, "sellingGeneralAndAdministrativeExpenses": 126999000, "otherExpenses": -3508000, "operatingExpenses": 817416000, "costAndExpenses": 939219000, "interestIncome": 791000, "interestExpense": 107243000, "depreciationAndAmortization": 115693000, "ebitda": 636673000, "ebitdaratio": 0.434972983, "operatingIncome": 524488000, "operatingIncomeRatio": 0.3583285453, "totalOtherIncomeExpensesNet": -5387000, "incomeBeforeTax": 411858000, "incomeBeforeTaxRatio": 0.2813800849, "incomeTaxExpense": 95855000, "netIncome": 275996000, "netIncomeRatio": 0.1885595956, "eps": 3.28, "epsdiluted": 3.23, "weightedAverageShsOut": 84100000, "weightedAverageShsOutDil": 85445000, "link": "https://www.sec.gov/Archives/edgar/data/701374/000070137419000048/0000701374-19-000048-index.htm", "finalLink": "https://www.sec.gov/Archives/edgar/data/701374/000070137419000048/form10-k_20181231.htm", "calculatedOtherExpenses": 690417000, "calculatedOperatingExpenses": 817416000, "calculatedNetInterest": -106452000, "calculatedOtherIncome": -6178000, "calculatedIncomeNonControlling": 40007000, "calculatedEbitda": 640181000}, {"date": "2017-12-31", "symbol": "SIX", "reportedCurrency": "USD", "cik": "0000701374", "fillingDate": "2018-02-20", "acceptedDate": "2018-02-20 17:05:39", "calendarYear": "2017", "period": "FY", "revenue": 1359074000, "costOfRevenue": 110374000, "grossProfit": 1248700000, "grossProfitRatio": 0.9187873508, "researchAndDevelopmentExpenses": 0, "generalAndAdministrativeExpenses": 158498000, "sellingAndMarketingExpenses": 63700000, "sellingGeneralAndAdministrativeExpenses": 158498000, "otherExpenses": -271000, "operatingExpenses": 779292000, "costAndExpenses": 889666000, "interestIncome": 756000, "interestExpense": 99010000, "depreciationAndAmortization": 111671000, "ebitda": 580808000, "ebitdaratio": 0.4273556848, "operatingIncome": 469408000, "operatingIncomeRatio": 0.3453881098, "totalOtherIncomeExpensesNet": -41346000, "incomeBeforeTax": 329052000, "incomeBeforeTaxRatio": 0.2421148517, "incomeTaxExpense": 16026000, "netIncome": 273816000, "netIncomeRatio": 0.2014724732, "eps": 3.15, "epsdiluted": 3.09, "weightedAverageShsOut": 86802000, "weightedAverageShsOutDil": 88494000, "link": "https://www.sec.gov/Archives/edgar/data/701374/000070137418000051/0000701374-18-000051-index.htm", "finalLink": "https://www.sec.gov/Archives/edgar/data/701374/000070137418000051/form10-k_123117.htm", "calculatedOtherExpenses": 620794000, "calculatedOperatingExpenses": 779292000, "calculatedNetInterest": -98254000, "calculatedOtherIncome": -42102000, "calculatedIncomeNonControlling": 39210000, "calculatedEbitda": 581079000}, {"date": "2016-12-31", "symbol": "SIX", "reportedCurrency": "USD", "cik": "0000701374", "fillingDate": "2017-02-23", "acceptedDate": "2017-02-23 17:12:43", "calendarYear": "2016", "period": "FY", "revenue": 1319398000, "costOfRevenue": 109579000, "grossProfit": 1209819000, "grossProfitRatio": 0.9169477292, "researchAndDevelopmentExpenses": 0, "generalAndAdministrativeExpenses": 291794000, "sellingAndMarketingExpenses": 62800000, "sellingGeneralAndAdministrativeExpenses": 291794000, "otherExpenses": -1684000, "operatingExpenses": 888094000, "costAndExpenses": 997673000, "interestIncome": 505000, "interestExpense": 81872000, "depreciationAndAmortization": 106893000, "ebitda": 426934000, "ebitdaratio": 0.3235824217, "operatingIncome": 321725000, "operatingIncomeRatio": 0.2438422675, "totalOtherIncomeExpensesNet": -6587000, "incomeBeforeTax": 233266000, "incomeBeforeTaxRatio": 0.1767972969, "incomeTaxExpense": 76539000, "netIncome": 118302000, "netIncomeRatio": 0.0896636193, "eps": 1.28, "epsdiluted": 1.25, "weightedAverageShsOut": 92349000, "weightedAverageShsOutDil": 94398000, "link": "https://www.sec.gov/Archives/edgar/data/701374/000070137417000037/0000701374-17-000037-index.htm", "finalLink": "https://www.sec.gov/Archives/edgar/data/701374/000070137417000037/form10-k_123116.htm", "calculatedOtherExpenses": 596300000, "calculatedOperatingExpenses": 888094000, "calculatedNetInterest": -81367000, "calculatedOtherIncome": -7092000, "calculatedIncomeNonControlling": 38425000, "calculatedEbitda": 428618000}, {"date": "2015-12-31", "symbol": "SIX", "reportedCurrency": "USD", "cik": "0000701374", "fillingDate": "2016-02-18", "acceptedDate": "2016-02-18 17:02:06", "calendarYear": "2015", "period": "FY", "revenue": 1263938000, "costOfRevenue": 100709000, "grossProfit": 1163229000, "grossProfitRatio": 0.9203212499, "researchAndDevelopmentExpenses": 0, "generalAndAdministrativeExpenses": 234810000, "sellingAndMarketingExpenses": 0, "sellingGeneralAndAdministrativeExpenses": 234810000, "otherExpenses": -223000, "operatingExpenses": 807440000, "costAndExpenses": 908149000, "interestIncome": 302000, "interestExpense": 75903000, "depreciationAndAmortization": 107411000, "ebitda": 462977000, "ebitdaratio": 0.3662972393, "operatingIncome": 355789000, "operatingIncomeRatio": 0.2814924466, "totalOtherIncomeExpensesNet": -16662000, "incomeBeforeTax": 263224000, "incomeBeforeTaxRatio": 0.2082570506, "incomeTaxExpense": 70369000, "netIncome": 154690000, "netIncomeRatio": 0.1223873323, "eps": 1.65, "epsdiluted": 1.58, "weightedAverageShsOut": 93580000, "weightedAverageShsOutDil": 97981000, "link": "https://www.sec.gov/Archives/edgar/data/701374/000070137416000189/0000701374-16-000189-index.htm", "finalLink": "https://www.sec.gov/Archives/edgar/data/701374/000070137416000189/form10-k_123115.htm", "calculatedOtherExpenses": 572630000, "calculatedOperatingExpenses": 807440000, "calculatedNetInterest": -75601000, "calculatedOtherIncome": -16964000, "calculatedIncomeNonControlling": 38165000, "calculatedEbitda": 463200000}, {"date": "2014-12-31", "symbol": "SIX", "reportedCurrency": "USD", "cik": "0000701374", "fillingDate": "2015-02-19", "acceptedDate": "2015-02-19 17:02:00", "calendarYear": "2014", "period": "FY", "revenue": 1175793000, "costOfRevenue": 90515000, "grossProfit": 1085278000, "grossProfitRatio": 0.9230179122, "researchAndDevelopmentExpenses": 0, "generalAndAdministrativeExpenses": 310955000, "sellingAndMarketingExpenses": 0, "sellingGeneralAndAdministrativeExpenses": 310955000, "otherExpenses": -356000, "operatingExpenses": 856493000, "costAndExpenses": 947008000, "interestIncome": 468000, "interestExpense": 72589000, "depreciationAndAmortization": 108107000, "ebitda": 346567000, "ebitdaratio": 0.2947517122, "operatingIncome": 228785000, "operatingIncomeRatio": 0.194579318, "totalOtherIncomeExpensesNet": 3815000, "incomeBeforeTax": 160011000, "incomeBeforeTaxRatio": 0.1360877297, "incomeTaxExpense": 46522000, "netIncome": 76022000, "netIncomeRatio": 0.0646559386, "eps": 0.8, "epsdiluted": 0.77, "weightedAverageShsOut": 94477000, "weightedAverageShsOutDil": 98139000, "link": "https://www.sec.gov/Archives/edgar/data/701374/000070137415000014/0000701374-15-000014-index.htm", "finalLink": "https://www.sec.gov/Archives/edgar/data/701374/000070137415000014/form10k_123114.htm", "calculatedOtherExpenses": 545538000, "calculatedOperatingExpenses": 856493000, "calculatedNetInterest": -72121000, "calculatedOtherIncome": 3347000, "calculatedIncomeNonControlling": 37467000, "calculatedEbitda": 336892000}, {"date": "2013-12-31", "symbol": "SIX", "reportedCurrency": "USD", "cik": "0000701374", "fillingDate": "2014-02-20", "acceptedDate": "2014-02-19 18:33:28", "calendarYear": "2013", "period": "FY", "revenue": 1109930000, "costOfRevenue": 86663000, "grossProfit": 1023267000, "grossProfitRatio": 0.9219203013, "researchAndDevelopmentExpenses": 0, "generalAndAdministrativeExpenses": 189218000, "sellingAndMarketingExpenses": 61200000, "sellingGeneralAndAdministrativeExpenses": 189218000, "otherExpenses": -1234000, "operatingExpenses": 734775000, "costAndExpenses": 821438000, "interestIncome": 899000, "interestExpense": 74145000, "depreciationAndAmortization": 128075000, "ebitda": 415333000, "ebitdaratio": 0.3741974719, "operatingIncome": 288492000, "operatingIncomeRatio": 0.259919094, "totalOtherIncomeExpensesNet": -10422000, "incomeBeforeTax": 203925000, "incomeBeforeTaxRatio": 0.1837278027, "incomeTaxExpense": 47601000, "netIncome": 118552000, "netIncomeRatio": 0.1068103394, "eps": 1.22, "epsdiluted": 1.18, "weightedAverageShsOut": 96940000, "weightedAverageShsOutDil": 100371000, "link": "https://www.sec.gov/Archives/edgar/data/701374/000070137414000018/0000701374-14-000018-index.htm", "finalLink": "https://www.sec.gov/Archives/edgar/data/701374/000070137414000018/form10k_123113.htm", "calculatedOtherExpenses": 545557000, "calculatedOperatingExpenses": 734775000, "calculatedNetInterest": -73246000, "calculatedOtherIncome": -11321000, "calculatedIncomeNonControlling": 37772000, "calculatedEbitda": 416567000}, {"date": "2012-12-31", "symbol": "SIX", "reportedCurrency": "USD", "cik": "0000701374", "fillingDate": "2013-02-27", "acceptedDate": "2013-02-27 17:11:05", "calendarYear": "2012", "period": "FY", "revenue": 1070332000, "costOfRevenue": 80169000, "grossProfit": 990163000, "grossProfitRatio": 0.9250989413, "researchAndDevelopmentExpenses": 0, "generalAndAdministrativeExpenses": 225875000, "sellingAndMarketingExpenses": 61500000, "sellingGeneralAndAdministrativeExpenses": 225875000, "otherExpenses": -612000, "operatingExpenses": 785599000, "costAndExpenses": 865768000, "interestIncome": 820000, "interestExpense": 46624000, "depreciationAndAmortization": 148045000, "ebitda": 417094000, "ebitdaratio": 0.3896865645, "operatingIncome": 204564000, "operatingIncomeRatio": 0.191122007, "totalOtherIncomeExpensesNet": 53672000, "incomeBeforeTax": 211612000, "incomeBeforeTaxRatio": 0.1977068797, "incomeTaxExpense": -172228000, "netIncome": 354009000, "netIncomeRatio": 0.3307469084, "eps": 3.4, "epsdiluted": 3.3, "weightedAverageShsOut": 107684000, "weightedAverageShsOutDil": 110936000, "link": "https://www.sec.gov/Archives/edgar/data/701374/000104746913001833/0001047469-13-001833-index.htm", "finalLink": "https://www.sec.gov/Archives/edgar/data/701374/000104746913001833/a2213098z10-k.htm", "calculatedOtherExpenses": 559724000, "calculatedOperatingExpenses": 785599000, "calculatedNetInterest": -45804000, "calculatedOtherIncome": 52852000, "calculatedIncomeNonControlling": 29831000, "calculatedEbitda": 352609000}, {"date": "2011-12-31", "symbol": "SIX", "reportedCurrency": "USD", "cik": "0000701374", "fillingDate": "2012-02-27", "acceptedDate": "2012-02-27 16:45:19", "calendarYear": "2011", "period": "FY", "revenue": 1013174000, "costOfRevenue": 77286000, "grossProfit": 935888000, "grossProfitRatio": 0.9237189269, "researchAndDevelopmentExpenses": 0, "generalAndAdministrativeExpenses": 0, "sellingAndMarketingExpenses": 0, "sellingGeneralAndAdministrativeExpenses": 215059000, "otherExpenses": -73000, "operatingExpenses": 781932000, "costAndExpenses": 859218000, "interestIncome": 997000, "interestExpense": 66214000, "depreciationAndAmortization": 168999000, "ebitda": 320768000, "ebitdaratio": 0.3165971492, "operatingIncome": 1201000, "operatingIncomeRatio": 0.0011853838, "totalOtherIncomeExpensesNet": -84860000, "incomeBeforeTax": 3879000, "incomeBeforeTaxRatio": 0.0038285625, "incomeTaxExpense": -8065000, "netIncome": -22660000, "netIncomeRatio": -0.0223653588, "eps": -0.21, "epsdiluted": -0.21, "weightedAverageShsOut": 110150000, "weightedAverageShsOutDil": 110150000, "link": "https://www.sec.gov/Archives/edgar/data/701374/000104746912001618/0001047469-12-001618-index.htm", "finalLink": "https://www.sec.gov/Archives/edgar/data/701374/000104746912001618/a2207446z10-k.htm", "calculatedOtherExpenses": 719628000, "calculatedOperatingExpenses": 934687000, "calculatedNetInterest": -65217000, "calculatedOtherIncome": 67895000, "calculatedIncomeNonControlling": 34604000, "calculatedEbitda": 170200000}, {"date": "2010-12-31", "symbol": "SIX", "reportedCurrency": "USD", "cik": "0000701374", "fillingDate": "2011-03-10", "acceptedDate": "2011-03-10 17:29:46", "calendarYear": "2010", "period": "FY", "revenue": 898932000, "costOfRevenue": 0, "grossProfit": 898932000, "grossProfitRatio": 1, "researchAndDevelopmentExpenses": 0, "generalAndAdministrativeExpenses": 0, "sellingAndMarketingExpenses": 0, "sellingGeneralAndAdministrativeExpenses": 192618000, "otherExpenses": 221199000, "operatingExpenses": 413817000, "costAndExpenses": 413817000, "interestIncome": -878000, "interestExpense": 106313000, "depreciationAndAmortization": 0, "ebitda": -34007000, "ebitdaratio": -0.0378304477, "operatingIncome": -34007000, "operatingIncomeRatio": -0.0378304477, "totalOtherIncomeExpensesNet": -21251000, "incomeBeforeTax": -55258000, "incomeBeforeTaxRatio": -0.061470723, "incomeTaxExpense": 2902000, "netIncome": -245509000, "netIncomeRatio": -0.2731118705, "eps": -0.0025, "epsdiluted": -0.0025, "weightedAverageShsOut": 97720000000, "weightedAverageShsOutDil": 97720000000, "link": "https://www.sec.gov/Archives/edgar/data/701374/000104746911001989/0001047469-11-001989-index.htm", "finalLink": "https://www.sec.gov/Archives/edgar/data/701374/000104746911001989/a2202589z10-k.htm", "calculatedOtherExpenses": 740321000, "calculatedOperatingExpenses": 932939000, "calculatedNetInterest": -107191000, "calculatedOtherIncome": 85940000, "calculatedIncomeNonControlling": 187349000, "calculatedEbitda": -34007000}, {"date": "2009-12-31", "symbol": "SIX", "reportedCurrency": "USD", "cik": "0000701374", "fillingDate": "2010-03-05", "acceptedDate": "2010-03-05 16:29:51", "calendarYear": "2009", "period": "FY", "revenue": 912861000, "costOfRevenue": 502274000, "grossProfit": 410587000, "grossProfitRatio": 0.4497804156, "researchAndDevelopmentExpenses": 0, "generalAndAdministrativeExpenses": 0, "sellingAndMarketingExpenses": 0, "sellingGeneralAndAdministrativeExpenses": 196874000, "otherExpenses": 0, "operatingExpenses": 342765000, "costAndExpenses": 845039000, "interestIncome": 878000, "interestExpense": 106313000, "depreciationAndAmortization": 145891000, "ebitda": 217713000, "ebitdaratio": 0.2384952364, "operatingIncome": 71822000, "operatingIncomeRatio": 0.0786779148, "totalOtherIncomeExpensesNet": -165407000, "incomeBeforeTax": -203020000, "incomeBeforeTaxRatio": -0.2223996863, "incomeTaxExpense": 2902000, "netIncome": -229167000, "netIncomeRatio": -0.2510426012, "eps": -1.17, "epsdiluted": -1.17, "weightedAverageShsOut": 195440000, "weightedAverageShsOutDil": 195440000, "link": "https://www.sec.gov/Archives/edgar/data/701374/000110465910012502/0001104659-10-012502-index.htm", "finalLink": "https://www.sec.gov/Archives/edgar/data/701374/000110465910012502/a09-35841_110k.htm", "calculatedOtherExpenses": 141891000, "calculatedOperatingExpenses": 338765000, "calculatedNetInterest": -105435000, "calculatedOtherIncome": -169407000, "calculatedIncomeNonControlling": 23245000, "calculatedEbitda": 217713000}, {"date": "2008-12-31", "symbol": "SIX", "reportedCurrency": "USD", "cik": "0000701374", "fillingDate": "2009-03-11", "acceptedDate": "2009-03-11 16:12:44", "calendarYear": "2008", "period": "FY", "revenue": 1021298000, "costOfRevenue": 505707000, "grossProfit": 515591000, "grossProfitRatio": 0.5048389403, "researchAndDevelopmentExpenses": 0, "generalAndAdministrativeExpenses": 0, "sellingAndMarketingExpenses": 0, "sellingGeneralAndAdministrativeExpenses": 214340000, "otherExpenses": 204910000, "operatingExpenses": 371641000, "costAndExpenses": 877348000, "interestIncome": 2342000, "interestExpense": 178516000, "depreciationAndAmortization": 139609000, "ebitda": 245173000, "ebitdaratio": 0.2400601979, "operatingIncome": 143950000, "operatingIncomeRatio": 0.1409480876, "totalOtherIncomeExpensesNet": 92310000, "incomeBeforeTax": 19358000, "incomeBeforeTaxRatio": 0.0189543111, "incomeTaxExpense": 116630000, "netIncome": -112963000, "netIncomeRatio": -0.110607286, "eps": -0.29, "epsdiluted": -0.29, "weightedAverageShsOut": 387800000, "weightedAverageShsOutDil": 387800000, "link": "https://www.sec.gov/Archives/edgar/data/701374/000104746909002486/0001047469-09-002486-index.htm", "finalLink": "https://www.sec.gov/Archives/edgar/data/701374/000104746909002486/a2191360z10-k.htm", "calculatedOtherExpenses": 157301000, "calculatedOperatingExpenses": 371641000, "calculatedNetInterest": -176174000, "calculatedOtherIncome": 51582000, "calculatedIncomeNonControlling": 15691000, "calculatedEbitda": 283559000}, {"date": "2007-12-31", "symbol": "SIX", "reportedCurrency": "USD", "cik": "0000701374", "fillingDate": "2008-03-13", "acceptedDate": "2008-03-13 16:59:41", "calendarYear": "2007", "period": "FY", "revenue": 972780000, "costOfRevenue": 513239000, "grossProfit": 459541000, "grossProfitRatio": 0.4723997204, "researchAndDevelopmentExpenses": 0, "generalAndAdministrativeExpenses": 0, "sellingAndMarketingExpenses": 0, "sellingGeneralAndAdministrativeExpenses": 244378000, "otherExpenses": 187389000, "operatingExpenses": 426227000, "costAndExpenses": 939466000, "interestIncome": 0, "interestExpense": -199022000, "depreciationAndAmortization": 146454000, "ebitda": 254817000, "ebitdaratio": 0.2619472029, "operatingIncome": 33314000, "operatingIncomeRatio": 0.034246181, "totalOtherIncomeExpensesNet": -75551000, "incomeBeforeTax": -237881000, "incomeBeforeTaxRatio": -0.2445373055, "incomeTaxExpense": 6203000, "netIncome": -253159000, "netIncomeRatio": -0.2602428093, "eps": -0.67, "epsdiluted": -0.67, "weightedAverageShsOut": 378988000, "weightedAverageShsOutDil": 378988000, "link": "https://www.sec.gov/Archives/edgar/data/701374/000104746908002688/0001047469-08-002688-index.htm", "finalLink": "https://www.sec.gov/Archives/edgar/data/701374/000104746908002688/a2183546z10-k.htm", "calculatedOtherExpenses": 181849000, "calculatedOperatingExpenses": 426227000, "calculatedNetInterest": 199022000, "calculatedOtherIncome": -470217000, "calculatedIncomeNonControlling": 9075000, "calculatedEbitda": 179768000}, {"date": "2006-12-31", "symbol": "SIX", "reportedCurrency": "USD", "cik": "0000701374", "fillingDate": "2007-03-16", "acceptedDate": "2007-03-15 18:51:07", "calendarYear": "2006", "period": "FY", "revenue": 945665000, "costOfRevenue": 496321000, "grossProfit": 449344000, "grossProfitRatio": 0.4751619231, "researchAndDevelopmentExpenses": 0, "generalAndAdministrativeExpenses": 0, "sellingAndMarketingExpenses": 0, "sellingGeneralAndAdministrativeExpenses": 239927000, "otherExpenses": 176405000, "operatingExpenses": 399279000, "costAndExpenses": 895600000, "interestIncome": 0, "interestExpense": -199991000, "depreciationAndAmortization": 141834000, "ebitda": 230516000, "ebitdaratio": 0.2437607398, "operatingIncome": 50065000, "operatingIncomeRatio": 0.0529415808, "totalOtherIncomeExpensesNet": -39565000, "incomeBeforeTax": -202657000, "incomeBeforeTaxRatio": -0.2143010474, "incomeTaxExpense": 4318000, "netIncome": -305618000, "netIncomeRatio": -0.3231778695, "eps": -0.81, "epsdiluted": -0.81, "weightedAverageShsOut": 376968000, "weightedAverageShsOutDil": 376968000, "link": "https://www.sec.gov/Archives/edgar/data/701374/000110465907019664/0001104659-07-019664-index.htm", "finalLink": "https://www.sec.gov/Archives/edgar/data/701374/000110465907019664/a07-5540_110k.htm", "calculatedOtherExpenses": 159352000, "calculatedOperatingExpenses": 399279000, "calculatedNetInterest": 199991000, "calculatedOtherIncome": -452713000, "calculatedIncomeNonControlling": 98643000, "calculatedEbitda": 191899000}, {"date": "2005-12-31", "symbol": "SIX", "reportedCurrency": "USD", "cik": "0000701374", "fillingDate": "2006-03-16", "acceptedDate": "2006-03-16 12:42:51", "calendarYear": "2005", "period": "FY", "revenue": 1089682000, "costOfRevenue": 549647000, "grossProfit": 540035000, "grossProfitRatio": 0.495589539, "researchAndDevelopmentExpenses": 0, "generalAndAdministrativeExpenses": 0, "sellingAndMarketingExpenses": 0, "sellingGeneralAndAdministrativeExpenses": 211315000, "otherExpenses": 202296000, "operatingExpenses": 356688000, "costAndExpenses": 906335000, "interestIncome": 0, "interestExpense": -228109000, "depreciationAndAmortization": 153577000, "ebitda": 382179000, "ebitdaratio": 0.3507252575, "operatingIncome": 225358000, "operatingIncomeRatio": 0.2068107943, "totalOtherIncomeExpensesNet": -45255000, "incomeBeforeTax": -85191000, "incomeBeforeTaxRatio": -0.0781796891, "incomeTaxExpense": 3705000, "netIncome": -110938000, "netIncomeRatio": -0.1018076833, "eps": -0.3, "epsdiluted": -0.3, "weightedAverageShsOut": 372440000, "weightedAverageShsOutDil": 372440000, "link": "https://www.sec.gov/Archives/edgar/data/701374/000110465906017199/0001104659-06-017199-index.htm", "finalLink": "https://www.sec.gov/Archives/edgar/data/701374/000110465906017199/a06-1991_210k.htm", "calculatedOtherExpenses": 103362000, "calculatedOperatingExpenses": 314677000, "calculatedNetInterest": 228109000, "calculatedOtherIncome": -538658000, "calculatedIncomeNonControlling": 22042000, "calculatedEbitda": 378935000}, {"date": "2004-12-31", "symbol": "SIX", "reportedCurrency": "USD", "cik": "0000701374", "fillingDate": "2005-03-16", "acceptedDate": "2005-03-16 12:13:25", "calendarYear": "2004", "period": "FY", "revenue": 1037692000, "costOfRevenue": 533061000, "grossProfit": 504631000, "grossProfitRatio": 0.4863013303, "researchAndDevelopmentExpenses": 0, "generalAndAdministrativeExpenses": 0, "sellingAndMarketingExpenses": 0, "sellingGeneralAndAdministrativeExpenses": 203636000, "otherExpenses": 217775000, "operatingExpenses": 355058000, "costAndExpenses": 888119000, "interestIncome": 0, "interestExpense": -228109000, "depreciationAndAmortization": 159539000, "ebitda": 374682000, "ebitdaratio": 0.361072457, "operatingIncome": 230389000, "operatingIncomeRatio": 0.2220205996, "totalOtherIncomeExpensesNet": -65570000, "incomeBeforeTax": -145264000, "incomeBeforeTaxRatio": -0.1399875878, "incomeTaxExpense": 31984000, "netIncome": -464809000, "netIncomeRatio": -0.4479257814, "eps": -1.25, "epsdiluted": -1.25, "weightedAverageShsOut": 372144000, "weightedAverageShsOutDil": 372144000, "link": "https://www.sec.gov/Archives/edgar/data/701374/000110465905011331/0001104659-05-011331-index.htm", "finalLink": "https://www.sec.gov/Archives/edgar/data/701374/000110465905011331/a05-1844_110k.htm", "calculatedOtherExpenses": 70606000, "calculatedOperatingExpenses": 274242000, "calculatedNetInterest": 228109000, "calculatedOtherIncome": -603762000, "calculatedIncomeNonControlling": 287561000, "calculatedEbitda": 389928000}, {"date": "2003-12-31", "symbol": "SIX", "reportedCurrency": "USD", "cik": "0000701374", "fillingDate": "2004-03-12", "acceptedDate": "2004-03-12 15:09:52", "calendarYear": "2003", "period": "FY", "revenue": 1236669000, "costOfRevenue": 618818000, "grossProfit": 617851000, "grossProfitRatio": 0.4996090304, "researchAndDevelopmentExpenses": 0, "generalAndAdministrativeExpenses": 0, "sellingAndMarketingExpenses": 0, "sellingGeneralAndAdministrativeExpenses": 245041000, "otherExpenses": 0, "operatingExpenses": 431572000, "costAndExpenses": 1050390000, "interestIncome": 0, "interestExpense": 0, "depreciationAndAmortization": 194931000, "ebitda": 411799000, "ebitdaratio": 0.3329904768, "operatingIncome": 216868000, "operatingIncomeRatio": 0.1753646287, "totalOtherIncomeExpensesNet": -30589000, "incomeBeforeTax": -94846000, "incomeBeforeTaxRatio": -0.076694734, "incomeTaxExpense": -33133000, "netIncome": -61713000, "netIncomeRatio": -0.0499026013, "eps": -0.17, "epsdiluted": -0.17, "weightedAverageShsOut": 370468000, "weightedAverageShsOutDil": 370516000, "link": "https://www.sec.gov/Archives/edgar/data/701374/000110465904007213/0001104659-04-007213-index.htm", "finalLink": "https://www.sec.gov/Archives/edgar/data/701374/000110465904007213/a04-3302_110k.htm", "calculatedOtherExpenses": 155942000, "calculatedOperatingExpenses": 400983000, "calculatedNetInterest": 0, "calculatedOtherIncome": -311714000, "calculatedIncomeNonControlling": 0, "calculatedEbitda": 411799000}, {"date": "2002-12-31", "symbol": "SIX", "reportedCurrency": "USD", "cik": "0000701374", "fillingDate": "2003-03-25", "acceptedDate": "2003-03-25 17:24:57", "calendarYear": "2002", "period": "FY", "revenue": 1037933000, "costOfRevenue": 500989000, "grossProfit": 536944000, "grossProfitRatio": 0.5173204822, "researchAndDevelopmentExpenses": 0, "generalAndAdministrativeExpenses": 0, "sellingAndMarketingExpenses": 0, "sellingGeneralAndAdministrativeExpenses": 197438000, "otherExpenses": 0, "operatingExpenses": 349287000, "costAndExpenses": 850276000, "interestIncome": 0, "interestExpense": 0, "depreciationAndAmortization": 160801000, "ebitda": 353884000, "ebitdaratio": 0.3409507165, "operatingIncome": 193083000, "operatingIncomeRatio": 0.1860264584, "totalOtherIncomeExpensesNet": 10238000, "incomeBeforeTax": -30171000, "incomeBeforeTaxRatio": -0.0290683503, "incomeTaxExpense": -4062000, "netIncome": -105698000, "netIncomeRatio": -0.1018350895, "eps": -0.29, "epsdiluted": -0.29, "weightedAverageShsOut": 370044000, "weightedAverageShsOutDil": 370316000, "link": "https://www.sec.gov/Archives/edgar/data/701374/000104746903010157/0001047469-03-010157-index.htm", "finalLink": "https://www.sec.gov/Archives/edgar/data/701374/000104746903010157/a2106294z10-k.htm", "calculatedOtherExpenses": 146423000, "calculatedOperatingExpenses": 343861000, "calculatedNetInterest": 0, "calculatedOtherIncome": -223254000, "calculatedIncomeNonControlling": 79589000, "calculatedEbitda": 353884000}, {"date": "2001-12-31", "symbol": "SIX", "reportedCurrency": "USD", "cik": "0000701374", "fillingDate": "2002-03-29", "acceptedDate": "2002-03-29 00:00:00", "calendarYear": "2001", "period": "FY", "revenue": 1045964000, "costOfRevenue": 499328000, "grossProfit": 546636000, "grossProfitRatio": 0.5226145451, "researchAndDevelopmentExpenses": 0, "generalAndAdministrativeExpenses": 0, "sellingAndMarketingExpenses": 0, "sellingGeneralAndAdministrativeExpenses": 197120000, "otherExpenses": 0, "operatingExpenses": 396920000, "costAndExpenses": 896248000, "interestIncome": 0, "interestExpense": 0, "depreciationAndAmortization": 209170000, "ebitda": 341976000, "ebitdaratio": 0.326948155, "operatingIncome": 132806000, "operatingIncomeRatio": 0.1269699531, "totalOtherIncomeExpensesNet": 16910000, "incomeBeforeTax": -56768000, "incomeBeforeTaxRatio": -0.0542733784, "incomeTaxExpense": -7195000, "netIncome": -58102000, "netIncomeRatio": -0.0555487569, "eps": -0.16, "epsdiluted": -0.16, "weightedAverageShsOut": 356884000, "weightedAverageShsOutDil": 356884000, "link": "https://www.sec.gov/Archives/edgar/data/701374/000091205702012407/0000912057-02-012407-index.htm", "finalLink": "https://www.sec.gov/Archives/edgar/data/701374/000091205702012407/a2073739z10-k.txt", "calculatedOtherExpenses": 216710000, "calculatedOperatingExpenses": 413830000, "calculatedNetInterest": 0, "calculatedOtherIncome": -189574000, "calculatedIncomeNonControlling": 8529000, "calculatedEbitda": 341976000}, {"date": "2000-12-31", "symbol": "SIX", "reportedCurrency": "USD", "cik": "0000701374", "fillingDate": "2001-03-30", "acceptedDate": "2001-03-30 00:00:00", "calendarYear": "2000", "period": "FY", "revenue": 1006981000, "costOfRevenue": 463139000, "grossProfit": 543842000, "grossProfitRatio": 0.5400717591, "researchAndDevelopmentExpenses": 0, "generalAndAdministrativeExpenses": 0, "sellingAndMarketingExpenses": 0, "sellingGeneralAndAdministrativeExpenses": 178564000, "otherExpenses": 0, "operatingExpenses": 367126000, "costAndExpenses": 830265000, "interestIncome": 0, "interestExpense": 0, "depreciationAndAmortization": 188562000, "ebitda": 363564000, "ebitdaratio": 0.3610435549, "operatingIncome": 175002000, "operatingIncomeRatio": 0.1737887805, "totalOtherIncomeExpensesNet": 1714000, "incomeBeforeTax": -46337000, "incomeBeforeTaxRatio": -0.046015764, "incomeTaxExpense": 5622000, "netIncome": -51959000, "netIncomeRatio": -0.0515987889, "eps": -0.16, "epsdiluted": -0.16, "weightedAverageShsOut": 314940000, "weightedAverageShsOutDil": 314940000, "link": "https://www.sec.gov/Archives/edgar/data/701374/000100547701002422/0001005477-01-002422-index.htm", "finalLink": "https://www.sec.gov/Archives/edgar/data/701374/000100547701002422/0001005477-01-002422-0001.txt", "calculatedOtherExpenses": 190276000, "calculatedOperatingExpenses": 368840000, "calculatedNetInterest": 0, "calculatedOtherIncome": -221339000, "calculatedIncomeNonControlling": 0, "calculatedEbitda": 363564000}, {"date": "1999-12-31", "symbol": "SIX", "reportedCurrency": "USD", "cik": "0000701374", "fillingDate": "2000-03-30", "acceptedDate": "2000-03-30 00:00:00", "calendarYear": "1999", "period": "FY", "revenue": 927000000, "costOfRevenue": 437600000, "grossProfit": 489400000, "grossProfitRatio": 0.5279395901, "researchAndDevelopmentExpenses": 0, "generalAndAdministrativeExpenses": 0, "sellingAndMarketingExpenses": 0, "sellingGeneralAndAdministrativeExpenses": 176200000, "otherExpenses": 0, "operatingExpenses": 337300000, "costAndExpenses": 774900000, "interestIncome": 0, "interestExpense": 0, "depreciationAndAmortization": 161100000, "ebitda": 287000000, "ebitdaratio": 0.309600863, "operatingIncome": 125900000, "operatingIncomeRatio": 0.1358144552, "totalOtherIncomeExpensesNet": 26200000, "incomeBeforeTax": 5300000, "incomeBeforeTaxRatio": 0.0057173679, "incomeTaxExpense": 24500000, "netIncome": -30500000, "netIncomeRatio": -0.0329018339, "eps": -0.0624, "epsdiluted": -0.0624, "weightedAverageShsOut": 488695652, "weightedAverageShsOutDil": 488695652, "link": "https://www.sec.gov/Archives/edgar/data/701374/000091205700014666/0000912057-00-014666-index.html", "finalLink": "https://www.sec.gov/Archives/edgar/data/701374/000091205700014666/", "calculatedOtherExpenses": 187300000, "calculatedOperatingExpenses": 363500000, "calculatedNetInterest": 0, "calculatedOtherIncome": -120600000, "calculatedIncomeNonControlling": 11300000, "calculatedEbitda": 287000000}, {"date": "1998-12-31", "symbol": "SIX", "reportedCurrency": "USD", "cik": "0000701374", "fillingDate": "1999-03-31", "acceptedDate": "1999-03-31 00:00:00", "calendarYear": "1998", "period": "FY", "revenue": 813600000, "costOfRevenue": 395000000, "grossProfit": 418600000, "grossProfitRatio": 0.5145034415, "researchAndDevelopmentExpenses": 0, "generalAndAdministrativeExpenses": 0, "sellingAndMarketingExpenses": 0, "sellingGeneralAndAdministrativeExpenses": 133300000, "otherExpenses": 0, "operatingExpenses": 248500000, "costAndExpenses": 643500000, "interestIncome": 0, "interestExpense": 0, "depreciationAndAmortization": 115200000, "ebitda": 228300000, "ebitdaratio": 0.2806047198, "operatingIncome": 113100000, "operatingIncomeRatio": 0.1390117994, "totalOtherIncomeExpensesNet": 57000000, "incomeBeforeTax": 76300000, "incomeBeforeTaxRatio": 0.0937807276, "incomeTaxExpense": 40700000, "netIncome": 34800000, "netIncomeRatio": 0.0427728614, "eps": 0.065, "epsdiluted": 0.0625, "weightedAverageShsOut": 265720000, "weightedAverageShsOutDil": 274072000, "link": "https://www.sec.gov/Archives/edgar/data/701374/000095012099000105/0000950120-99-000105-index.html", "finalLink": "https://www.sec.gov/Archives/edgar/data/701374/", "calculatedOtherExpenses": 172200000, "calculatedOperatingExpenses": 305500000, "calculatedNetInterest": 0, "calculatedOtherIncome": -36800000, "calculatedIncomeNonControlling": 800000, "calculatedEbitda": 228300000}, {"date": "1997-12-31", "symbol": "SIX", "reportedCurrency": "USD", "cik": "0000701374", "fillingDate": "1998-03-23", "acceptedDate": "1998-03-23 00:00:00", "calendarYear": "1997", "period": "FY", "revenue": 193900000, "costOfRevenue": 102500000, "grossProfit": 91400000, "grossProfitRatio": 0.4713769985, "researchAndDevelopmentExpenses": 0, "generalAndAdministrativeExpenses": 0, "sellingAndMarketingExpenses": 0, "sellingGeneralAndAdministrativeExpenses": 36500000, "otherExpenses": 0, "operatingExpenses": 58200000, "costAndExpenses": 160700000, "interestIncome": 0, "interestExpense": 0, "depreciationAndAmortization": 21700000, "ebitda": 46600000, "ebitdaratio": 0.240330067, "operatingIncome": 24900000, "operatingIncomeRatio": 0.1284167096, "totalOtherIncomeExpensesNet": 8300000, "incomeBeforeTax": 23700000, "incomeBeforeTaxRatio": 0.1222279526, "incomeTaxExpense": 9600000, "netIncome": 14100000, "netIncomeRatio": 0.0727178958, "eps": 0.1, "epsdiluted": 0.095, "weightedAverageShsOut": 141000000, "weightedAverageShsOutDil": 148421053, "link": "https://www.sec.gov/Archives/edgar/data/701374/000104746998011014/0001047469-98-011014-index.html", "finalLink": "https://www.sec.gov/Archives/edgar/data/701374/", "calculatedOtherExpenses": 30000000, "calculatedOperatingExpenses": 66500000, "calculatedNetInterest": 0, "calculatedOtherIncome": -1200000, "calculatedIncomeNonControlling": 0, "calculatedEbitda": 46600000}, {"date": "1996-12-31", "symbol": "SIX", "reportedCurrency": "USD", "cik": "0000701374", "fillingDate": "1997-03-31", "acceptedDate": "1997-03-31 00:00:00", "calendarYear": "1996", "period": "FY", "revenue": 93400000, "costOfRevenue": 52700000, "grossProfit": 40700000, "grossProfitRatio": 0.4357601713, "researchAndDevelopmentExpenses": 0, "generalAndAdministrativeExpenses": 0, "sellingAndMarketingExpenses": 0, "sellingGeneralAndAdministrativeExpenses": 16900000, "otherExpenses": 0, "operatingExpenses": 26200000, "costAndExpenses": 78900000, "interestIncome": 0, "interestExpense": 0, "depreciationAndAmortization": 9300000, "ebitda": 23900000, "ebitdaratio": 0.255888651, "operatingIncome": 14600000, "operatingIncomeRatio": 0.1563169165, "totalOtherIncomeExpensesNet": -100000, "incomeBeforeTax": 3300000, "incomeBeforeTaxRatio": 0.0353319058, "incomeTaxExpense": 1500000, "netIncome": 1800000, "netIncomeRatio": 0.0192719486, "eps": 0.0325, "epsdiluted": 0.0325, "weightedAverageShsOut": 35888000, "weightedAverageShsOutDil": 600000000, "link": "https://www.sec.gov/Archives/edgar/data/701374/000091205797010959/0000912057-97-010959-index.html", "finalLink": "https://www.sec.gov/Archives/edgar/data/701374/", "calculatedOtherExpenses": 9200000, "calculatedOperatingExpenses": 26100000, "calculatedNetInterest": 0, "calculatedOtherIncome": -11300000, "calculatedIncomeNonControlling": 0, "calculatedEbitda": 23900000}, {"date": "1995-12-31", "symbol": "SIX", "reportedCurrency": "USD", "cik": "0000701374", "fillingDate": "1996-03-29", "acceptedDate": "1996-03-29 00:00:00", "calendarYear": "1995", "period": "FY", "revenue": 41496000, "costOfRevenue": 4635000, "grossProfit": 36861000, "grossProfitRatio": 0.888302487, "researchAndDevelopmentExpenses": 0, "generalAndAdministrativeExpenses": 0, "sellingAndMarketingExpenses": 0, "sellingGeneralAndAdministrativeExpenses": 9272000, "otherExpenses": 0, "operatingExpenses": 32913000, "costAndExpenses": 37548000, "interestIncome": 0, "interestExpense": 0, "depreciationAndAmortization": 3866000, "ebitda": 7991000, "ebitdaratio": 0.1925727781, "operatingIncome": 4125000, "operatingIncomeRatio": 0.0994071718, "totalOtherIncomeExpensesNet": -177000, "incomeBeforeTax": -1807000, "incomeBeforeTaxRatio": -0.0435463659, "incomeTaxExpense": -762000, "netIncome": -1185000, "netIncomeRatio": -0.0285569693, "eps": -0.015, "epsdiluted": -0.015, "weightedAverageShsOut": 78756000, "weightedAverageShsOutDil": 78756000, "link": "https://www.sec.gov/Archives/edgar/data/701374/000095011296000962/0000950112-96-000962-index.html", "finalLink": "https://www.sec.gov/Archives/edgar/data/701374/", "calculatedOtherExpenses": 23464000, "calculatedOperatingExpenses": 32736000, "calculatedNetInterest": 0, "calculatedOtherIncome": -5932000, "calculatedIncomeNonControlling": 140000, "calculatedEbitda": 7991000}]}