{"originalCurrency": "USD", "convertedCurrency": "USD", "report": [{"date": "2023-04-30", "symbol": "SJM", "reportedCurrency": "USD", "cik": "0000091419", "fillingDate": "2023-06-20", "acceptedDate": "2023-06-20 08:49:13", "calendarYear": "2023", "period": "FY", "revenue": 8529200000, "costOfRevenue": 5727400000, "grossProfit": 2801800000, "grossProfitRatio": 0.3284950523, "researchAndDevelopmentExpenses": 47300000, "generalAndAdministrativeExpenses": 471600000, "sellingAndMarketingExpenses": 983400000, "sellingGeneralAndAdministrativeExpenses": 1455000000, "otherExpenses": 166100000, "operatingExpenses": 1621100000, "costAndExpenses": 7348500000, "interestIncome": 152000000, "interestExpense": 152000000, "depreciationAndAmortization": 436500000, "ebitda": 1602500000, "ebitdaratio": 0.1878839751, "operatingIncome": 1166000000, "operatingIncomeRatio": 0.1367068424, "totalOtherIncomeExpensesNet": -1175200000, "incomeBeforeTax": -9200000, "incomeBeforeTaxRatio": -0.0010786475, "incomeTaxExpense": 82100000, "netIncome": -91300000, "netIncomeRatio": -0.0107044037, "eps": -0.86, "epsdiluted": -0.86, "weightedAverageShsOut": 106200000, "weightedAverageShsOutDil": 106200000, "link": "https://www.sec.gov/Archives/edgar/data/91419/000009141923000072/0000091419-23-000072-index.htm", "finalLink": "https://www.sec.gov/Archives/edgar/data/91419/000009141923000072/sjm-20230430.htm", "calculatedOtherExpenses": 133500000, "calculatedOperatingExpenses": 1635800000, "calculatedNetInterest": 0, "calculatedOtherIncome": -1175200000, "calculatedIncomeNonControlling": 0, "calculatedEbitda": 1602500000}, {"date": "2022-04-30", "symbol": "SJM", "reportedCurrency": "USD", "cik": "0000091419", "fillingDate": "2022-06-16", "acceptedDate": "2022-06-16 16:16:23", "calendarYear": "2022", "period": "FY", "revenue": 7998900000, "costOfRevenue": 5298200000, "grossProfit": 2700700000, "grossProfitRatio": 0.3376339247, "researchAndDevelopmentExpenses": 48800000, "generalAndAdministrativeExpenses": 397700000, "sellingAndMarketingExpenses": 962600000, "sellingGeneralAndAdministrativeExpenses": 1360300000, "otherExpenses": 158200000, "operatingExpenses": 1518500000, "costAndExpenses": 6816700000, "interestIncome": 160900000, "interestExpense": 160900000, "depreciationAndAmortization": 598400000, "ebitda": 1622200000, "ebitdaratio": 0.2028028854, "operatingIncome": 1023800000, "operatingIncomeRatio": 0.127992599, "totalOtherIncomeExpensesNet": -180000000, "incomeBeforeTax": 843800000, "incomeBeforeTaxRatio": 0.1054895048, "incomeTaxExpense": 212100000, "netIncome": 631700000, "netIncomeRatio": 0.0789733588, "eps": 5.84, "epsdiluted": 5.84, "weightedAverageShsOut": 107900000, "weightedAverageShsOutDil": 107900000, "link": "https://www.sec.gov/Archives/edgar/data/91419/000009141922000049/0000091419-22-000049-index.htm", "finalLink": "https://www.sec.gov/Archives/edgar/data/91419/000009141922000049/sjm-20220430.htm", "calculatedOtherExpenses": 267800000, "calculatedOperatingExpenses": 1676900000, "calculatedNetInterest": 0, "calculatedOtherIncome": -180000000, "calculatedIncomeNonControlling": 0, "calculatedEbitda": 1622200000}, {"date": "2021-04-30", "symbol": "SJM", "reportedCurrency": "USD", "cik": "0000091419", "fillingDate": "2021-06-17", "acceptedDate": "2021-06-17 16:20:08", "calendarYear": "2021", "period": "FY", "revenue": 8002700000, "costOfRevenue": 4864000000, "grossProfit": 3138700000, "grossProfitRatio": 0.3922051308, "researchAndDevelopmentExpenses": 57700000, "generalAndAdministrativeExpenses": 476000000, "sellingAndMarketingExpenses": 1047100000, "sellingGeneralAndAdministrativeExpenses": 1523100000, "otherExpenses": 204300000, "operatingExpenses": 1727400000, "costAndExpenses": 6591400000, "interestIncome": 177100000, "interestExpense": 177100000, "depreciationAndAmortization": 439200000, "ebitda": 1826000000, "ebitdaratio": 0.2281729916, "operatingIncome": 1386800000, "operatingIncomeRatio": 0.1732915141, "totalOtherIncomeExpensesNet": -214900000, "incomeBeforeTax": 1171900000, "incomeBeforeTaxRatio": 0.1464380771, "incomeTaxExpense": 295600000, "netIncome": 876300000, "netIncomeRatio": 0.1095005436, "eps": 7.79, "epsdiluted": 7.79, "weightedAverageShsOut": 112000000, "weightedAverageShsOutDil": 112000000, "link": "https://www.sec.gov/Archives/edgar/data/91419/000009141921000048/0000091419-21-000048-index.htm", "finalLink": "https://www.sec.gov/Archives/edgar/data/91419/000009141921000048/sjm-20210430.htm", "calculatedOtherExpenses": 171100000, "calculatedOperatingExpenses": 1751900000, "calculatedNetInterest": 0, "calculatedOtherIncome": -214900000, "calculatedIncomeNonControlling": 0, "calculatedEbitda": 1826000000}, {"date": "2020-04-30", "symbol": "SJM", "reportedCurrency": "USD", "cik": "0000091419", "fillingDate": "2020-06-19", "acceptedDate": "2020-06-19 16:12:34", "calendarYear": "2020", "period": "FY", "revenue": 7801000000, "costOfRevenue": 4799000000, "grossProfit": 3002000000, "grossProfitRatio": 0.3848224587, "researchAndDevelopmentExpenses": 57700000, "generalAndAdministrativeExpenses": 451200000, "sellingAndMarketingExpenses": 1023100000, "sellingGeneralAndAdministrativeExpenses": 1474300000, "otherExpenses": 235700000, "operatingExpenses": 1710000000, "costAndExpenses": 6509000000, "interestIncome": 189200000, "interestExpense": 189200000, "depreciationAndAmortization": 508200000, "ebitda": 1731300000, "ebitdaratio": 0.2219330855, "operatingIncome": 1223100000, "operatingIncomeRatio": 0.1567875913, "totalOtherIncomeExpensesNet": -196400000, "incomeBeforeTax": 1026700000, "incomeBeforeTaxRatio": 0.1316113319, "incomeTaxExpense": 247200000, "netIncome": 779500000, "netIncomeRatio": 0.0999230868, "eps": 6.84, "epsdiluted": 6.84, "weightedAverageShsOut": 113400000, "weightedAverageShsOutDil": 113400000, "link": "https://www.sec.gov/Archives/edgar/data/91419/000009141920000065/0000091419-20-000065-index.htm", "finalLink": "https://www.sec.gov/Archives/edgar/data/91419/000009141920000065/sjm-20200430.htm", "calculatedOtherExpenses": 246900000, "calculatedOperatingExpenses": 1778900000, "calculatedNetInterest": 0, "calculatedOtherIncome": -196400000, "calculatedIncomeNonControlling": 0, "calculatedEbitda": 1731300000}, {"date": "2019-04-30", "symbol": "SJM", "reportedCurrency": "USD", "cik": "0000091419", "fillingDate": "2019-06-17", "acceptedDate": "2019-06-17 16:07:13", "calendarYear": "2019", "period": "FY", "revenue": 7838000000, "costOfRevenue": 4922300000, "grossProfit": 2915700000, "grossProfitRatio": 0.371995407, "researchAndDevelopmentExpenses": 56000000, "generalAndAdministrativeExpenses": 1508600000, "sellingAndMarketingExpenses": 1508600000, "sellingGeneralAndAdministrativeExpenses": 1508600000, "otherExpenses": -19100000, "operatingExpenses": 1717900000, "costAndExpenses": 6640200000, "interestIncome": 207900000, "interestExpense": 207900000, "depreciationAndAmortization": 446300000, "ebitda": 1625000000, "ebitdaratio": 0.2073232968, "operatingIncome": 928600000, "operatingIncomeRatio": 0.1184741005, "totalOtherIncomeExpensesNet": -288300000, "incomeBeforeTax": 701600000, "incomeBeforeTaxRatio": 0.0895126308, "incomeTaxExpense": 187200000, "netIncome": 514400000, "netIncomeRatio": 0.065628987, "eps": 4.55, "epsdiluted": 4.55, "weightedAverageShsOut": 113100000, "weightedAverageShsOutDil": 113100000, "link": "https://www.sec.gov/Archives/edgar/data/91419/000009141919000005/0000091419-19-000005-index.htm", "finalLink": "https://www.sec.gov/Archives/edgar/data/91419/000009141919000005/sjm43019-10k.htm", "calculatedOtherExpenses": 422500000, "calculatedOperatingExpenses": 1987100000, "calculatedNetInterest": 0, "calculatedOtherIncome": -227000000, "calculatedIncomeNonControlling": 0, "calculatedEbitda": 1374900000}, {"date": "2018-04-30", "symbol": "SJM", "reportedCurrency": "USD", "cik": "0000091419", "fillingDate": "2018-06-18", "acceptedDate": "2018-06-18 16:07:02", "calendarYear": "2018", "period": "FY", "revenue": 7357100000, "costOfRevenue": 4521000000, "grossProfit": 2836100000, "grossProfitRatio": 0.385491566, "researchAndDevelopmentExpenses": 56000000, "generalAndAdministrativeExpenses": 1370800000, "sellingAndMarketingExpenses": 194200000, "sellingGeneralAndAdministrativeExpenses": 1370800000, "otherExpenses": -1000000, "operatingExpenses": 1577700000, "costAndExpenses": 6098700000, "interestIncome": 0, "interestExpense": 174100000, "depreciationAndAmortization": 413100000, "ebitda": 1670500000, "ebitdaratio": 0.2270595751, "operatingIncome": 1036100000, "operatingIncomeRatio": 0.1408299466, "totalOtherIncomeExpensesNet": -223300000, "incomeBeforeTax": 861000000, "incomeBeforeTaxRatio": 0.1170298079, "incomeTaxExpense": -477600000, "netIncome": 1338600000, "netIncomeRatio": 0.181946691, "eps": 11.85, "epsdiluted": 11.78, "weightedAverageShsOut": 113000000, "weightedAverageShsOutDil": 113600000, "link": "https://www.sec.gov/Archives/edgar/data/91419/000009141918000005/0000091419-18-000005-index.htm", "finalLink": "https://www.sec.gov/Archives/edgar/data/91419/000009141918000005/sjm43018-10xk.htm", "calculatedOtherExpenses": 373200000, "calculatedOperatingExpenses": 1800000000, "calculatedNetInterest": -174100000, "calculatedOtherIncome": -1000000, "calculatedIncomeNonControlling": 0, "calculatedEbitda": 1449200000}, {"date": "2017-04-30", "symbol": "SJM", "reportedCurrency": "USD", "cik": "0000091419", "fillingDate": "2017-06-19", "acceptedDate": "2017-06-19 16:09:55", "calendarYear": "2017", "period": "FY", "revenue": 7392300000, "costOfRevenue": 4557000000, "grossProfit": 2835300000, "grossProfitRatio": 0.3835477456, "researchAndDevelopmentExpenses": 58100000, "generalAndAdministrativeExpenses": 477700000, "sellingAndMarketingExpenses": 913000000, "sellingGeneralAndAdministrativeExpenses": 1390700000, "otherExpenses": 10000000, "operatingExpenses": 1593700000, "costAndExpenses": 6150700000, "interestIncome": 0, "interestExpense": 163100000, "depreciationAndAmortization": 419000000, "ebitda": 1670600000, "ebitdaratio": 0.2259919105, "operatingIncome": 1031500000, "operatingIncomeRatio": 0.1395370859, "totalOtherIncomeExpensesNet": -200100000, "incomeBeforeTax": 878400000, "incomeBeforeTaxRatio": 0.1188263463, "incomeTaxExpense": 286100000, "netIncome": 592300000, "netIncomeRatio": 0.0801239127, "eps": 5.11, "epsdiluted": 5.1, "weightedAverageShsOut": 116013751, "weightedAverageShsOutDil": 116120780, "link": "https://www.sec.gov/Archives/edgar/data/91419/000009141917000005/0000091419-17-000005-index.htm", "finalLink": "https://www.sec.gov/Archives/edgar/data/91419/000009141917000005/sjm43017-10xk.htm", "calculatedOtherExpenses": 355000000, "calculatedOperatingExpenses": 1803800000, "calculatedNetInterest": -163100000, "calculatedOtherIncome": 10000000, "calculatedIncomeNonControlling": 0, "calculatedEbitda": 1450500000}, {"date": "2016-04-30", "symbol": "SJM", "reportedCurrency": "USD", "cik": "0000091419", "fillingDate": "2016-06-21", "acceptedDate": "2016-06-21 16:28:03", "calendarYear": "2016", "period": "FY", "revenue": 7811200000, "costOfRevenue": 4843400000, "grossProfit": 2967800000, "grossProfitRatio": 0.3799416223, "researchAndDevelopmentExpenses": 58800000, "generalAndAdministrativeExpenses": 524300000, "sellingAndMarketingExpenses": 986000000, "sellingGeneralAndAdministrativeExpenses": 1510300000, "otherExpenses": 3700000, "operatingExpenses": 1686600000, "costAndExpenses": 6530000000, "interestIncome": 0, "interestExpense": 171100000, "depreciationAndAmortization": 430100000, "ebitda": 1715000000, "ebitdaratio": 0.2195565342, "operatingIncome": 1145300000, "operatingIncomeRatio": 0.146622798, "totalOtherIncomeExpensesNet": -132200000, "incomeBeforeTax": 977900000, "incomeBeforeTaxRatio": 0.125192032, "incomeTaxExpense": 289200000, "netIncome": 688700000, "netIncomeRatio": 0.0881682712, "eps": 5.77, "epsdiluted": 5.76, "weightedAverageShsOut": 119436199, "weightedAverageShsOutDil": 119477312, "link": "https://www.sec.gov/Archives/edgar/data/91419/000009141916000007/0000091419-16-000007-index.htm", "finalLink": "https://www.sec.gov/Archives/edgar/data/91419/000009141916000007/sjm43016-10xk.htm", "calculatedOtherExpenses": 253400000, "calculatedOperatingExpenses": 1822500000, "calculatedNetInterest": -171100000, "calculatedOtherIncome": 3700000, "calculatedIncomeNonControlling": 0, "calculatedEbitda": 1575400000}, {"date": "2015-04-30", "symbol": "SJM", "reportedCurrency": "USD", "cik": "0000091419", "fillingDate": "2015-06-25", "acceptedDate": "2015-06-25 16:40:57", "calendarYear": "2015", "period": "FY", "revenue": 5692700000, "costOfRevenue": 3724000000, "grossProfit": 1968700000, "grossProfitRatio": 0.3458288686, "researchAndDevelopmentExpenses": 32500000, "generalAndAdministrativeExpenses": 1031300000, "sellingAndMarketingExpenses": 107000000, "sellingGeneralAndAdministrativeExpenses": 1031300000, "otherExpenses": 4200000, "operatingExpenses": 1140100000, "costAndExpenses": 4864100000, "interestIncome": 0, "interestExpense": 79900000, "depreciationAndAmortization": 268400000, "ebitda": 927900000, "ebitdaratio": 0.1629982258, "operatingIncome": 772000000, "operatingIncomeRatio": 0.1356122754, "totalOtherIncomeExpensesNet": -52400000, "incomeBeforeTax": 523000000, "incomeBeforeTaxRatio": 0.0918720467, "incomeTaxExpense": 178100000, "netIncome": 344900000, "netIncomeRatio": 0.060586365, "eps": 3.33, "epsdiluted": 3.33, "weightedAverageShsOut": 103691978, "weightedAverageShsOutDil": 103697261, "link": "https://www.sec.gov/Archives/edgar/data/91419/000119312515235197/0001193125-15-235197-index.htm", "finalLink": "https://www.sec.gov/Archives/edgar/data/91419/000119312515235197/d918672d10k.htm", "calculatedOtherExpenses": 132900000, "calculatedOperatingExpenses": 1196700000, "calculatedNetInterest": -79900000, "calculatedOtherIncome": -169100000, "calculatedIncomeNonControlling": 0, "calculatedEbitda": 1040400000}, {"date": "2014-04-30", "symbol": "SJM", "reportedCurrency": "USD", "cik": "0000091419", "fillingDate": "2014-06-23", "acceptedDate": "2014-06-23 16:24:12", "calendarYear": "2014", "period": "FY", "revenue": 5610600000, "costOfRevenue": 3579600000, "grossProfit": 2031000000, "grossProfitRatio": 0.3619933697, "researchAndDevelopmentExpenses": 24300000, "generalAndAdministrativeExpenses": 988800000, "sellingAndMarketingExpenses": 124700000, "sellingGeneralAndAdministrativeExpenses": 988800000, "otherExpenses": 10100000, "operatingExpenses": 1086400000, "costAndExpenses": 4666000000, "interestIncome": 0, "interestExpense": 79400000, "depreciationAndAmortization": 249400000, "ebitda": 1204100000, "ebitdaratio": 0.214611628, "operatingIncome": 919000000, "operatingIncomeRatio": 0.1637970983, "totalOtherIncomeExpensesNet": -15500000, "incomeBeforeTax": 849700000, "incomeBeforeTaxRatio": 0.1514454782, "incomeTaxExpense": 284500000, "netIncome": 565200000, "netIncomeRatio": 0.100737889, "eps": 5.42, "epsdiluted": 5.42, "weightedAverageShsOut": 104332241, "weightedAverageShsOutDil": 104346587, "link": "https://www.sec.gov/Archives/edgar/data/91419/000119312514245437/0001193125-14-245437-index.htm", "finalLink": "https://www.sec.gov/Archives/edgar/data/91419/000119312514245437/d720496d10k.htm", "calculatedOtherExpenses": 98900000, "calculatedOperatingExpenses": 1112000000, "calculatedNetInterest": -79400000, "calculatedOtherIncome": 10100000, "calculatedIncomeNonControlling": 0, "calculatedEbitda": 1168400000}, {"date": "2013-04-30", "symbol": "SJM", "reportedCurrency": "USD", "cik": "0000091419", "fillingDate": "2013-06-21", "acceptedDate": "2013-06-21 08:34:19", "calendarYear": "2013", "period": "FY", "revenue": 5897654000, "costOfRevenue": 3870100000, "grossProfit": 2027554000, "grossProfitRatio": 0.3437899205, "researchAndDevelopmentExpenses": 24700000, "generalAndAdministrativeExpenses": 973900000, "sellingAndMarketingExpenses": 7000, "sellingGeneralAndAdministrativeExpenses": 973907000, "otherExpenses": 311000, "operatingExpenses": 1067685000, "costAndExpenses": 4937785000, "interestIncome": 0, "interestExpense": 93397000, "depreciationAndAmortization": 240482000, "ebitda": 1200662000, "ebitdaratio": 0.203582984, "operatingIncome": 910436000, "operatingIncomeRatio": 0.1543725692, "totalOtherIncomeExpensesNet": -49122000, "incomeBeforeTax": 817350000, "incomeBeforeTaxRatio": 0.1385890051, "incomeTaxExpense": 273136000, "netIncome": 544214000, "netIncomeRatio": 0.0922763526, "eps": 5, "epsdiluted": 5, "weightedAverageShsOut": 108827897, "weightedAverageShsOutDil": 108851153, "link": "https://www.sec.gov/Archives/edgar/data/91419/000119312513266625/0001193125-13-266625-index.htm", "finalLink": "https://www.sec.gov/Archives/edgar/data/91419/000119312513266625/d537487d10k.htm", "calculatedOtherExpenses": 118511000, "calculatedOperatingExpenses": 1117118000, "calculatedNetInterest": -93397000, "calculatedOtherIncome": 311000, "calculatedIncomeNonControlling": 0, "calculatedEbitda": 1150918000}, {"date": "2012-04-30", "symbol": "SJM", "reportedCurrency": "USD", "cik": "0000091419", "fillingDate": "2012-06-25", "acceptedDate": "2012-06-25 16:11:38", "calendarYear": "2012", "period": "FY", "revenue": 5525782000, "costOfRevenue": 3680559000, "grossProfit": 1845223000, "grossProfitRatio": 0.3339297497, "researchAndDevelopmentExpenses": 0, "generalAndAdministrativeExpenses": 892683000, "sellingAndMarketingExpenses": 0, "sellingGeneralAndAdministrativeExpenses": 892683000, "otherExpenses": 2667000, "operatingExpenses": 978570000, "costAndExpenses": 4659129000, "interestIncome": 1504000, "interestExpense": 81296000, "depreciationAndAmortization": 208426000, "ebitda": 1079250000, "ebitdaratio": 0.1953117224, "operatingIncome": 778283000, "operatingIncomeRatio": 0.1408457663, "totalOtherIncomeExpensesNet": -85703000, "incomeBeforeTax": 701158000, "incomeBeforeTaxRatio": 0.1268884657, "incomeTaxExpense": 241414000, "netIncome": 459744000, "netIncomeRatio": 0.0831998077, "eps": 4.06, "epsdiluted": 4.06, "weightedAverageShsOut": 113263951, "weightedAverageShsOutDil": 113313567, "link": "https://www.sec.gov/Archives/edgar/data/91419/000119312512282260/0001193125-12-282260-index.htm", "finalLink": "https://www.sec.gov/Archives/edgar/data/91419/000119312512282260/d318554d10k.htm", "calculatedOtherExpenses": 174257000, "calculatedOperatingExpenses": 1066940000, "calculatedNetInterest": -79792000, "calculatedOtherIncome": 2667000, "calculatedIncomeNonControlling": 0, "calculatedEbitda": 986709000}, {"date": "2011-04-30", "symbol": "SJM", "reportedCurrency": "USD", "cik": "0000091419", "fillingDate": "2011-06-28", "acceptedDate": "2011-06-28 16:18:21", "calendarYear": "2011", "period": "FY", "revenue": 4825743000, "costOfRevenue": 3027226000, "grossProfit": 1798517000, "grossProfitRatio": 0.3726922466, "researchAndDevelopmentExpenses": 0, "generalAndAdministrativeExpenses": 863114000, "sellingAndMarketingExpenses": 0, "sellingGeneralAndAdministrativeExpenses": 863114000, "otherExpenses": -26000, "operatingExpenses": 937584000, "costAndExpenses": 3964810000, "interestIncome": 2512000, "interestExpense": 69594000, "depreciationAndAmortization": 186070000, "ebitda": 1049489000, "ebitdaratio": 0.2174771843, "operatingIncome": 784272000, "operatingIncomeRatio": 0.1625183935, "totalOtherIncomeExpensesNet": -76687000, "incomeBeforeTax": 717164000, "incomeBeforeTaxRatio": 0.1486121412, "incomeTaxExpense": 237682000, "netIncome": 479482000, "netIncomeRatio": 0.0993592075, "eps": 4.06, "epsdiluted": 4.05, "weightedAverageShsOut": 117009362, "weightedAverageShsOutDil": 117119697, "link": "https://www.sec.gov/Archives/edgar/data/91419/000095012311062373/0000950123-11-062373-index.htm", "finalLink": "https://www.sec.gov/Archives/edgar/data/91419/000095012311062373/l42203ae10vk.htm", "calculatedOtherExpenses": 151131000, "calculatedOperatingExpenses": 1014245000, "calculatedNetInterest": -67082000, "calculatedOtherIncome": -26000, "calculatedIncomeNonControlling": 0, "calculatedEbitda": 970342000}, {"date": "2010-04-30", "symbol": "SJM", "reportedCurrency": "USD", "cik": "0000091419", "fillingDate": "2010-06-24", "acceptedDate": "2010-06-24 16:28:35", "calendarYear": "2010", "period": "FY", "revenue": 4605289000, "costOfRevenue": 2818599000, "grossProfit": 1786690000, "grossProfitRatio": 0.3879647944, "researchAndDevelopmentExpenses": 0, "generalAndAdministrativeExpenses": 878221000, "sellingAndMarketingExpenses": 0, "sellingGeneralAndAdministrativeExpenses": 878221000, "otherExpenses": 71348000, "operatingExpenses": 949569000, "costAndExpenses": 3768168000, "interestIncome": 2793000, "interestExpense": 65187000, "depreciationAndAmortization": 181882000, "ebitda": 1021796000, "ebitdaratio": 0.2218744578, "operatingIncome": 789930000, "operatingIncomeRatio": 0.1715266946, "totalOtherIncomeExpensesNet": -43974000, "incomeBeforeTax": 730753000, "incomeBeforeTaxRatio": 0.1586769039, "incomeTaxExpense": 236615000, "netIncome": 494138000, "netIncomeRatio": 0.107297935, "eps": 4.15, "epsdiluted": 4.15, "weightedAverageShsOut": 118951434, "weightedAverageShsOutDil": 119081445, "link": "https://www.sec.gov/Archives/edgar/data/91419/000095012310060708/0000950123-10-060708-index.htm", "finalLink": "https://www.sec.gov/Archives/edgar/data/91419/000095012310060708/l39979e10vk.htm", "calculatedOtherExpenses": 118539000, "calculatedOperatingExpenses": 996760000, "calculatedNetInterest": -62394000, "calculatedOtherIncome": 3217000, "calculatedIncomeNonControlling": 0, "calculatedEbitda": 971812000}, {"date": "2009-04-30", "symbol": "SJM", "reportedCurrency": "USD", "cik": "0000091419", "fillingDate": "2009-06-26", "acceptedDate": "2009-06-26 16:34:42", "calendarYear": "2009", "period": "FY", "revenue": 3757933000, "costOfRevenue": 2506504000, "grossProfit": 1251429000, "grossProfitRatio": 0.3330099286, "researchAndDevelopmentExpenses": 0, "generalAndAdministrativeExpenses": 673565000, "sellingAndMarketingExpenses": 0, "sellingGeneralAndAdministrativeExpenses": 673565000, "otherExpenses": 43938000, "operatingExpenses": 717503000, "costAndExpenses": 3224007000, "interestIncome": 6993000, "interestExpense": 62478000, "depreciationAndAmortization": 119764000, "ebitda": 660683000, "ebitdaratio": 0.1758102127, "operatingIncome": 451031000, "operatingIncomeRatio": 0.1200210328, "totalOtherIncomeExpensesNet": -82376000, "incomeBeforeTax": 396065000, "incomeBeforeTaxRatio": 0.105394375, "incomeTaxExpense": 130112000, "netIncome": 265953000, "netIncomeRatio": 0.0707710861, "eps": 3.11, "epsdiluted": 3.11, "weightedAverageShsOut": 85448592, "weightedAverageShsOutDil": 85547530, "link": "https://www.sec.gov/Archives/edgar/data/91419/000095012309017972/0000950123-09-017972-index.htm", "finalLink": "https://www.sec.gov/Archives/edgar/data/91419/000095012309017972/l36725ae10vk.htm", "calculatedOtherExpenses": 126833000, "calculatedOperatingExpenses": 800398000, "calculatedNetInterest": -55485000, "calculatedOtherIncome": 519000, "calculatedIncomeNonControlling": 0, "calculatedEbitda": 570795000}, {"date": "2008-04-30", "symbol": "SJM", "reportedCurrency": "USD", "cik": "0000091419", "fillingDate": "2008-06-27", "acceptedDate": "2008-06-27 16:32:26", "calendarYear": "2008", "period": "FY", "revenue": 2524774000, "costOfRevenue": 1742610000, "grossProfit": 782164000, "grossProfitRatio": 0.309795649, "researchAndDevelopmentExpenses": 0, "generalAndAdministrativeExpenses": 490665000, "sellingAndMarketingExpenses": 0, "sellingGeneralAndAdministrativeExpenses": 490665000, "otherExpenses": -3879000, "operatingExpenses": 486786000, "costAndExpenses": 2229396000, "interestIncome": 0, "interestExpense": 0, "depreciationAndAmortization": 62619000, "ebitda": 365822000, "ebitdaratio": 0.1448929686, "operatingIncome": 284174000, "operatingIncomeRatio": 0.1125542326, "totalOtherIncomeExpensesNet": -7825000, "incomeBeforeTax": 254788000, "incomeBeforeTaxRatio": 0.100915171, "incomeTaxExpense": 84409000, "netIncome": 170379000, "netIncomeRatio": 0.0674828717, "eps": 3.03, "epsdiluted": 3, "weightedAverageShsOut": 56230693, "weightedAverageShsOutDil": 56793000, "link": "https://www.sec.gov/Archives/edgar/data/91419/000095015208005018/0000950152-08-005018-index.htm", "finalLink": "https://www.sec.gov/Archives/edgar/data/91419/000095015208005018/l32070ae10vk.htm", "calculatedOtherExpenses": 7325000, "calculatedOperatingExpenses": 497990000, "calculatedNetInterest": 0, "calculatedOtherIncome": -29386000, "calculatedIncomeNonControlling": 0, "calculatedEbitda": 346793000}, {"date": "2007-04-30", "symbol": "SJM", "reportedCurrency": "USD", "cik": "0000091419", "fillingDate": "2007-06-26", "acceptedDate": "2007-06-26 16:12:56", "calendarYear": "2007", "period": "FY", "revenue": 2148017000, "costOfRevenue": 1445962000, "grossProfit": 702055000, "grossProfitRatio": 0.326838661, "researchAndDevelopmentExpenses": 0, "generalAndAdministrativeExpenses": 442814000, "sellingAndMarketingExpenses": 0, "sellingGeneralAndAdministrativeExpenses": 442814000, "otherExpenses": 0, "operatingExpenses": 442814000, "costAndExpenses": 1888776000, "interestIncome": 0, "interestExpense": 0, "depreciationAndAmortization": 58874000, "ebitda": 322214000, "ebitdaratio": 0.1500053305, "operatingIncome": 257060000, "operatingIncomeRatio": 0.1196731683, "totalOtherIncomeExpensesNet": -4099000, "incomeBeforeTax": 241004000, "incomeBeforeTaxRatio": 0.1121983671, "incomeTaxExpense": 83785000, "netIncome": 157219000, "netIncomeRatio": 0.0731926237, "eps": 2.79, "epsdiluted": 2.76, "weightedAverageShsOut": 56350896, "weightedAverageShsOutDil": 56963406, "link": "https://www.sec.gov/Archives/edgar/data/91419/000095015207005388/0000950152-07-005388-index.htm", "finalLink": "https://www.sec.gov/Archives/edgar/data/91419/000095015207005388/l26475ae10vk.htm", "calculatedOtherExpenses": 2181000, "calculatedOperatingExpenses": 444995000, "calculatedNetInterest": 0, "calculatedOtherIncome": -16056000, "calculatedIncomeNonControlling": 0, "calculatedEbitda": 315934000}, {"date": "2006-04-30", "symbol": "SJM", "reportedCurrency": "USD", "cik": "0000091419", "fillingDate": "2006-06-30", "acceptedDate": "2006-06-30 14:08:09", "calendarYear": "2006", "period": "FY", "revenue": 2154726000, "costOfRevenue": 1461874000, "grossProfit": 692852000, "grossProfitRatio": 0.3215499326, "researchAndDevelopmentExpenses": 0, "generalAndAdministrativeExpenses": 438457000, "sellingAndMarketingExpenses": 0, "sellingGeneralAndAdministrativeExpenses": 438457000, "otherExpenses": 0, "operatingExpenses": 438457000, "costAndExpenses": 1900331000, "interestIncome": 0, "interestExpense": 0, "depreciationAndAmortization": 71083000, "ebitda": 346907000, "ebitdaratio": 0.1609981965, "operatingIncome": 228739000, "operatingIncomeRatio": 0.1061568849, "totalOtherIncomeExpensesNet": -21429000, "incomeBeforeTax": 215570000, "incomeBeforeTaxRatio": 0.100045203, "incomeTaxExpense": 72216000, "netIncome": 143354000, "netIncomeRatio": 0.0665300368, "eps": 2.48, "epsdiluted": 2.45, "weightedAverageShsOut": 57804032, "weightedAverageShsOutDil": 58511837, "link": "https://www.sec.gov/Archives/edgar/data/91419/000095015206005568/0000950152-06-005568-index.htm", "finalLink": "https://www.sec.gov/Archives/edgar/data/91419/000095015206005568/l20956ae10vk.htm", "calculatedOtherExpenses": 25656000, "calculatedOperatingExpenses": 464113000, "calculatedNetInterest": 0, "calculatedOtherIncome": -13169000, "calculatedIncomeNonControlling": 0, "calculatedEbitda": 299822000}, {"date": "2005-04-30", "symbol": "SJM", "reportedCurrency": "USD", "cik": "0000091419", "fillingDate": "2005-07-12", "acceptedDate": "2005-07-12 17:04:38", "calendarYear": "2005", "period": "FY", "revenue": 2043877000, "costOfRevenue": 1386461000, "grossProfit": 657416000, "grossProfitRatio": 0.3216514497, "researchAndDevelopmentExpenses": 0, "generalAndAdministrativeExpenses": 407839000, "sellingAndMarketingExpenses": 0, "sellingGeneralAndAdministrativeExpenses": 407839000, "otherExpenses": 0, "operatingExpenses": 407839000, "costAndExpenses": 1794300000, "interestIncome": 0, "interestExpense": 0, "depreciationAndAmortization": 56048000, "ebitda": 332716000, "ebitdaratio": 0.1627867039, "operatingIncome": 220769000, "operatingIncomeRatio": 0.1080148169, "totalOtherIncomeExpensesNet": -27091000, "incomeBeforeTax": 204614000, "incomeBeforeTaxRatio": 0.1001107209, "incomeTaxExpense": 74154000, "netIncome": 129073000, "netIncomeRatio": 0.0631510605, "eps": 2.26, "epsdiluted": 2.24, "weightedAverageShsOut": 57111947, "weightedAverageShsOutDil": 57621875, "link": "https://www.sec.gov/Archives/edgar/data/91419/000095015205005873/0000950152-05-005873-index.htm", "finalLink": "https://www.sec.gov/Archives/edgar/data/91419/000095015205005873/l13520ae10vk.htm", "calculatedOtherExpenses": 28808000, "calculatedOperatingExpenses": 436647000, "calculatedNetInterest": 0, "calculatedOtherIncome": -16155000, "calculatedIncomeNonControlling": 1387000, "calculatedEbitda": 276817000}, {"date": "2004-04-30", "symbol": "SJM", "reportedCurrency": "USD", "cik": "0000091419", "fillingDate": "2004-07-13", "acceptedDate": "2004-07-13 16:06:51", "calendarYear": "2004", "period": "FY", "revenue": 1417011000, "costOfRevenue": 924233000, "grossProfit": 492778000, "grossProfitRatio": 0.3477587683, "researchAndDevelopmentExpenses": 0, "generalAndAdministrativeExpenses": 305475000, "sellingAndMarketingExpenses": 0, "sellingGeneralAndAdministrativeExpenses": 305475000, "otherExpenses": 0, "operatingExpenses": 305475000, "costAndExpenses": 1229708000, "interestIncome": 0, "interestExpense": 0, "depreciationAndAmortization": 39858000, "ebitda": 232650000, "ebitdaratio": 0.1641836231, "operatingIncome": 178675000, "operatingIncomeRatio": 0.1260928814, "totalOtherIncomeExpensesNet": -5489000, "incomeBeforeTax": 178819000, "incomeBeforeTaxRatio": 0.1261945038, "incomeTaxExpense": 67469000, "netIncome": 111350000, "netIncomeRatio": 0.0785809002, "eps": 2.24, "epsdiluted": 2.24, "weightedAverageShsOut": 49709821, "weightedAverageShsOutDil": 50378531, "link": "https://www.sec.gov/Archives/edgar/data/91419/000095015204005304/0000950152-04-005304-index.htm", "finalLink": "https://www.sec.gov/Archives/edgar/data/91419/000095015204005304/l08405ae10vk.htm", "calculatedOtherExpenses": 8628000, "calculatedOperatingExpenses": 314103000, "calculatedNetInterest": 0, "calculatedOtherIncome": 144000, "calculatedIncomeNonControlling": 0, "calculatedEbitda": 218533000}, {"date": "2003-04-30", "symbol": "SJM", "reportedCurrency": "USD", "cik": "0000091419", "fillingDate": "2003-07-24", "acceptedDate": "2003-07-24 15:29:40", "calendarYear": "2003", "period": "FY", "revenue": 1311744000, "costOfRevenue": 855663000, "grossProfit": 456081000, "grossProfitRatio": 0.3476905555, "researchAndDevelopmentExpenses": 0, "generalAndAdministrativeExpenses": 279760000, "sellingAndMarketingExpenses": 0, "sellingGeneralAndAdministrativeExpenses": 279760000, "otherExpenses": 0, "operatingExpenses": 279760000, "costAndExpenses": 1135423000, "interestIncome": 0, "interestExpense": 0, "depreciationAndAmortization": 37751000, "ebitda": 228290000, "ebitdaratio": 0.1740354825, "operatingIncome": 164529000, "operatingIncomeRatio": 0.1254276749, "totalOtherIncomeExpensesNet": -14218000, "incomeBeforeTax": 155390000, "incomeBeforeTaxRatio": 0.1184606143, "incomeTaxExpense": 59048000, "netIncome": 96342000, "netIncomeRatio": 0.0734457333, "eps": 2.04, "epsdiluted": 2.02, "weightedAverageShsOut": 47226471, "weightedAverageShsOutDil": 47694059, "link": "https://www.sec.gov/Archives/edgar/data/91419/000095015203007045/0000950152-03-007045-index.htm", "finalLink": "https://www.sec.gov/Archives/edgar/data/91419/000095015203007045/l02007ae10vk.htm", "calculatedOtherExpenses": 11792000, "calculatedOperatingExpenses": 291552000, "calculatedNetInterest": 0, "calculatedOtherIncome": -9139000, "calculatedIncomeNonControlling": 0, "calculatedEbitda": 202280000}, {"date": "2002-04-30", "symbol": "SJM", "reportedCurrency": "USD", "cik": "0000091419", "fillingDate": "2002-07-26", "acceptedDate": "2002-07-26 14:06:51", "calendarYear": "2002", "period": "FY", "revenue": 687148000, "costOfRevenue": 462157000, "grossProfit": 224991000, "grossProfitRatio": 0.3274272791, "researchAndDevelopmentExpenses": 0, "generalAndAdministrativeExpenses": 165172000, "sellingAndMarketingExpenses": 0, "sellingGeneralAndAdministrativeExpenses": 165172000, "otherExpenses": 0, "operatingExpenses": 165172000, "costAndExpenses": 627329000, "interestIncome": 0, "interestExpense": 0, "depreciationAndAmortization": 28557000, "ebitda": 90971000, "ebitdaratio": 0.1323892378, "operatingIncome": 54788000, "operatingIncomeRatio": 0.0797324594, "totalOtherIncomeExpensesNet": -2595000, "incomeBeforeTax": 50198000, "incomeBeforeTaxRatio": 0.0730526757, "incomeTaxExpense": 19347000, "netIncome": 30851000, "netIncomeRatio": 0.0448971692, "eps": 1.33, "epsdiluted": 1.31, "weightedAverageShsOut": 23196241, "weightedAverageShsOutDil": 23550382, "link": "https://www.sec.gov/Archives/edgar/data/91419/000095015202005702/0000950152-02-005702-index.htm", "finalLink": "https://www.sec.gov/Archives/edgar/data/91419/000095015202005702/l95505ae10vk.htm", "calculatedOtherExpenses": 5031000, "calculatedOperatingExpenses": 170203000, "calculatedNetInterest": 0, "calculatedOtherIncome": -4590000, "calculatedIncomeNonControlling": 0, "calculatedEbitda": 83345000}, {"date": "2001-04-30", "symbol": "SJM", "reportedCurrency": "USD", "cik": "0000091419", "fillingDate": "2001-07-24", "acceptedDate": "2001-07-24 00:00:00", "calendarYear": "2001", "period": "FY", "revenue": 651242000, "costOfRevenue": 438480000, "grossProfit": 212762000, "grossProfitRatio": 0.3267019019, "researchAndDevelopmentExpenses": 0, "generalAndAdministrativeExpenses": 155973000, "sellingAndMarketingExpenses": 0, "sellingGeneralAndAdministrativeExpenses": 155973000, "otherExpenses": 2152000, "operatingExpenses": 158125000, "costAndExpenses": 596605000, "interestIncome": 0, "interestExpense": 0, "depreciationAndAmortization": 26921000, "ebitda": 83518000, "ebitdaratio": 0.1282441857, "operatingIncome": 54637000, "operatingIncomeRatio": 0.083896616, "totalOtherIncomeExpensesNet": -1960000, "incomeBeforeTax": 49960000, "incomeBeforeTaxRatio": 0.0767149539, "incomeTaxExpense": 18301000, "netIncome": 30667000, "netIncomeRatio": 0.0470900218, "eps": 1.13, "epsdiluted": 1.12, "weightedAverageShsOut": 27138938, "weightedAverageShsOutDil": 27381250, "link": "https://www.sec.gov/Archives/edgar/data/91419/000095015201503334/0000950152-01-503334-index.htm", "finalLink": "https://www.sec.gov/Archives/edgar/data/91419/000095015201503334/l89499ae10-k.htm", "calculatedOtherExpenses": 2152000, "calculatedOperatingExpenses": 158125000, "calculatedNetInterest": 0, "calculatedOtherIncome": -4677000, "calculatedIncomeNonControlling": 992000, "calculatedEbitda": 81558000}, {"date": "2000-04-30", "symbol": "SJM", "reportedCurrency": "USD", "cik": "0000091419", "fillingDate": "2000-07-11", "acceptedDate": "2000-07-11 00:00:00", "calendarYear": "2000", "period": "FY", "revenue": 632486000, "costOfRevenue": 414476000, "grossProfit": 218010000, "grossProfitRatio": 0.3446874713, "researchAndDevelopmentExpenses": 0, "generalAndAdministrativeExpenses": 162283000, "sellingAndMarketingExpenses": 0, "sellingGeneralAndAdministrativeExpenses": 162283000, "otherExpenses": 14492000, "operatingExpenses": 176775000, "costAndExpenses": 591251000, "interestIncome": 0, "interestExpense": 0, "depreciationAndAmortization": 26198000, "ebitda": 66732000, "ebitdaratio": 0.1055074737, "operatingIncome": 41235000, "operatingIncomeRatio": 0.0651951189, "totalOtherIncomeExpensesNet": 701000, "incomeBeforeTax": 41531000, "incomeBeforeTaxRatio": 0.0656631135, "incomeTaxExpense": 15174000, "netIncome": 26357000, "netIncomeRatio": 0.0416720686, "eps": 1.95, "epsdiluted": 0.97, "weightedAverageShsOut": 13473080, "weightedAverageShsOutDil": 13473080, "link": "https://www.sec.gov/Archives/edgar/data/91419/000095012800000972/0000950128-00-000972-index.htm", "finalLink": "https://www.sec.gov/Archives/edgar/data/91419/000095012800000972/e10-k405.htm", "calculatedOtherExpenses": 14492000, "calculatedOperatingExpenses": 176775000, "calculatedNetInterest": 0, "calculatedOtherIncome": 296000, "calculatedIncomeNonControlling": 0, "calculatedEbitda": 67433000}, {"date": "1999-04-30", "symbol": "SJM", "reportedCurrency": "USD", "cik": "0000091419", "fillingDate": "1999-07-23", "acceptedDate": "1999-07-23 00:00:00", "calendarYear": "1999", "period": "FY", "revenue": 602457000, "costOfRevenue": 395944000, "grossProfit": 206513000, "grossProfitRatio": 0.3427846303, "researchAndDevelopmentExpenses": 0, "generalAndAdministrativeExpenses": 147538000, "sellingAndMarketingExpenses": 0, "sellingGeneralAndAdministrativeExpenses": 147538000, "otherExpenses": 0, "operatingExpenses": 147538000, "costAndExpenses": 543482000, "interestIncome": 0, "interestExpense": 0, "depreciationAndAmortization": 23394000, "ebitda": 81482000, "ebitdaratio": 0.1352494867, "operatingIncome": 58975000, "operatingIncomeRatio": 0.0978908038, "totalOtherIncomeExpensesNet": 887000, "incomeBeforeTax": 61631000, "incomeBeforeTaxRatio": 0.1022994172, "incomeTaxExpense": 23868000, "netIncome": 37763000, "netIncomeRatio": 0.062681652, "eps": 1.32, "epsdiluted": 1.31, "weightedAverageShsOut": 13565678, "weightedAverageShsOutDil": 13565678, "link": "https://www.sec.gov/Archives/edgar/data/91419/000095015299006180/0000950152-99-006180-index.html", "finalLink": "https://www.sec.gov/Archives/edgar/data/91419/000095015299006180/", "calculatedOtherExpenses": 0, "calculatedOperatingExpenses": 147538000, "calculatedNetInterest": 0, "calculatedOtherIncome": 2656000, "calculatedIncomeNonControlling": 0, "calculatedEbitda": 82369000}, {"date": "1998-04-30", "symbol": "SJM", "reportedCurrency": "USD", "cik": "0000091419", "fillingDate": "1998-07-24", "acceptedDate": "1998-07-24 00:00:00", "calendarYear": "1998", "period": "FY", "revenue": 565476000, "costOfRevenue": 365613000, "grossProfit": 199863000, "grossProfitRatio": 0.3534420559, "researchAndDevelopmentExpenses": 0, "generalAndAdministrativeExpenses": 142799000, "sellingAndMarketingExpenses": 0, "sellingGeneralAndAdministrativeExpenses": 142799000, "otherExpenses": 0, "operatingExpenses": 142799000, "costAndExpenses": 508412000, "interestIncome": 0, "interestExpense": 0, "depreciationAndAmortization": 22539000, "ebitda": 78288000, "ebitdaratio": 0.138446194, "operatingIncome": 57064000, "operatingIncomeRatio": 0.1009132129, "totalOtherIncomeExpensesNet": 1315000, "incomeBeforeTax": 60759000, "incomeBeforeTaxRatio": 0.1074475309, "incomeTaxExpense": 24411000, "netIncome": 33390000, "netIncomeRatio": 0.0590475988, "eps": 1.2, "epsdiluted": 1.08, "weightedAverageShsOut": 13601764, "weightedAverageShsOutDil": 13601764, "link": "https://www.sec.gov/Archives/edgar/data/91419/000095015298006161/0000950152-98-006161-index.html", "finalLink": "https://www.sec.gov/Archives/edgar/data/91419/", "calculatedOtherExpenses": 0, "calculatedOperatingExpenses": 142799000, "calculatedNetInterest": 0, "calculatedOtherIncome": 3695000, "calculatedIncomeNonControlling": 2958000, "calculatedEbitda": 79603000}, {"date": "1997-04-30", "symbol": "SJM", "reportedCurrency": "USD", "cik": "0000091419", "fillingDate": "1997-07-23", "acceptedDate": "1997-07-23 00:00:00", "calendarYear": "1997", "period": "FY", "revenue": 542602000, "costOfRevenue": 348949000, "grossProfit": 193653000, "grossProfitRatio": 0.3568969521, "researchAndDevelopmentExpenses": 0, "generalAndAdministrativeExpenses": 140449000, "sellingAndMarketingExpenses": 0, "sellingGeneralAndAdministrativeExpenses": 140449000, "otherExpenses": 0, "operatingExpenses": 140449000, "costAndExpenses": 489398000, "interestIncome": 0, "interestExpense": 0, "depreciationAndAmortization": 21839000, "ebitda": 75381000, "ebitdaratio": 0.1389250316, "operatingIncome": 53204000, "operatingIncomeRatio": 0.0980534535, "totalOtherIncomeExpensesNet": -338000, "incomeBeforeTax": 53166000, "incomeBeforeTaxRatio": 0.0979834206, "incomeTaxExpense": 22231000, "netIncome": 30935000, "netIncomeRatio": 0.0570123221, "eps": 2.27, "epsdiluted": 2.27, "weightedAverageShsOut": 13606551, "weightedAverageShsOutDil": 13606551, "link": "https://www.sec.gov/Archives/edgar/data/91419/000095015297005304/0000950152-97-005304-index.html", "finalLink": "https://www.sec.gov/Archives/edgar/data/91419/", "calculatedOtherExpenses": 0, "calculatedOperatingExpenses": 140449000, "calculatedNetInterest": 0, "calculatedOtherIncome": -38000, "calculatedIncomeNonControlling": 0, "calculatedEbitda": 75043000}, {"date": "1996-04-30", "symbol": "SJM", "reportedCurrency": "USD", "cik": "0000091419", "fillingDate": "1996-07-22", "acceptedDate": "1996-07-22 00:00:00", "calendarYear": "1996", "period": "FY", "revenue": 528576000, "costOfRevenue": 337095000, "grossProfit": 191481000, "grossProfitRatio": 0.3622582183, "researchAndDevelopmentExpenses": 0, "generalAndAdministrativeExpenses": 137487000, "sellingAndMarketingExpenses": 0, "sellingGeneralAndAdministrativeExpenses": 137487000, "otherExpenses": 0, "operatingExpenses": 137487000, "costAndExpenses": 474582000, "interestIncome": 0, "interestExpense": 0, "depreciationAndAmortization": 17473000, "ebitda": 72450000, "ebitdaratio": 0.1370663821, "operatingIncome": 53994000, "operatingIncomeRatio": 0.1021499274, "totalOtherIncomeExpensesNet": -983000, "incomeBeforeTax": 44795000, "incomeBeforeTaxRatio": 0.0847465644, "incomeTaxExpense": 15342000, "netIncome": 29313000, "netIncomeRatio": 0.0554565474, "eps": 2.16, "epsdiluted": 2.16, "weightedAverageShsOut": 13584515, "weightedAverageShsOutDil": 13584515, "link": "https://www.sec.gov/Archives/edgar/data/91419/000095015296003534/0000950152-96-003534-index.html", "finalLink": "https://www.sec.gov/Archives/edgar/data/91419/", "calculatedOtherExpenses": 0, "calculatedOperatingExpenses": 137487000, "calculatedNetInterest": 0, "calculatedOtherIncome": -9199000, "calculatedIncomeNonControlling": 140000, "calculatedEbitda": 71467000}, {"date": "1995-04-30", "symbol": "SJM", "reportedCurrency": "USD", "cik": "0000091419", "fillingDate": "1995-07-25", "acceptedDate": "1995-07-25 00:00:00", "calendarYear": "1995", "period": "FY", "revenue": 628279000, "costOfRevenue": 411013000, "grossProfit": 217266000, "grossProfitRatio": 0.3458113354, "researchAndDevelopmentExpenses": 0, "generalAndAdministrativeExpenses": 154767000, "sellingAndMarketingExpenses": 0, "sellingGeneralAndAdministrativeExpenses": 154767000, "otherExpenses": 0, "operatingExpenses": 154767000, "costAndExpenses": 565780000, "interestIncome": 0, "interestExpense": 0, "depreciationAndAmortization": 20157000, "ebitda": 80030000, "ebitdaratio": 0.1273797151, "operatingIncome": 62499000, "operatingIncomeRatio": 0.0994765065, "totalOtherIncomeExpensesNet": 2626000, "incomeBeforeTax": 61380000, "incomeBeforeTaxRatio": 0.0976954506, "incomeTaxExpense": 25077000, "netIncome": 36303000, "netIncomeRatio": 0.0577816543, "eps": 2.67, "epsdiluted": 2.67, "weightedAverageShsOut": 13593672, "weightedAverageShsOutDil": 13593672, "link": "https://www.sec.gov/Archives/edgar/data/91419/000095015295001575/0000950152-95-001575-index.html", "finalLink": "https://www.sec.gov/Archives/edgar/data/91419/", "calculatedOtherExpenses": 0, "calculatedOperatingExpenses": 154767000, "calculatedNetInterest": 0, "calculatedOtherIncome": -1119000, "calculatedIncomeNonControlling": 0, "calculatedEbitda": 82656000}, {"date": "1994-04-30", "symbol": "SJM", "reportedCurrency": "USD", "cik": "0000091419", "fillingDate": "1994-07-15", "acceptedDate": "1994-07-15 00:00:00", "calendarYear": "1994", "period": "FY", "revenue": 511525000, "costOfRevenue": 326055000, "grossProfit": 185470000, "grossProfitRatio": 0.362582474, "researchAndDevelopmentExpenses": 0, "generalAndAdministrativeExpenses": 134688000, "sellingAndMarketingExpenses": 0, "sellingGeneralAndAdministrativeExpenses": 134688000, "otherExpenses": 0, "operatingExpenses": 134688000, "costAndExpenses": 460743000, "interestIncome": 0, "interestExpense": 0, "depreciationAndAmortization": 15378000, "ebitda": 64846000, "ebitdaratio": 0.1267699526, "operatingIncome": 50782000, "operatingIncomeRatio": 0.0992756952, "totalOtherIncomeExpensesNet": 1314000, "incomeBeforeTax": 52723000, "incomeBeforeTaxRatio": 0.1030702312, "incomeTaxExpense": 22225000, "netIncome": 30498000, "netIncomeRatio": 0.0596217194, "eps": 1.11, "epsdiluted": 1.11, "weightedAverageShsOut": 27448200, "weightedAverageShsOutDil": 27448200, "link": "https://www.sec.gov/Archives/edgar/data/91419/000095015294000718/0000950152-94-000718-index.html", "finalLink": "https://www.sec.gov/Archives/edgar/data/91419/", "calculatedOtherExpenses": 0, "calculatedOperatingExpenses": 134688000, "calculatedNetInterest": 0, "calculatedOtherIncome": 1941000, "calculatedIncomeNonControlling": 0, "calculatedEbitda": 66160000}, {"date": "1993-04-30", "symbol": "SJM", "reportedCurrency": "USD", "cik": "0000091419", "fillingDate": "1993-04-30", "acceptedDate": "1993-04-29 20:00:00", "calendarYear": "1993", "period": "FY", "revenue": 491300000, "costOfRevenue": 300900000, "grossProfit": 190400000, "grossProfitRatio": 0.3875432526, "researchAndDevelopmentExpenses": 0, "generalAndAdministrativeExpenses": 0, "sellingAndMarketingExpenses": 0, "sellingGeneralAndAdministrativeExpenses": 117600000, "otherExpenses": 13100000, "operatingExpenses": 130700000, "costAndExpenses": 431600000, "interestIncome": 0, "interestExpense": 0, "depreciationAndAmortization": -13100000, "ebitda": 70700000, "ebitdaratio": 0.1439039284, "operatingIncome": 59700000, "operatingIncomeRatio": 0.1215143497, "totalOtherIncomeExpensesNet": 2100000, "incomeBeforeTax": 61500000, "incomeBeforeTaxRatio": 0.1251780989, "incomeTaxExpense": 24100000, "netIncome": 32900000, "netIncomeRatio": 0.0669651944, "eps": 1.2, "epsdiluted": 1.2, "weightedAverageShsOut": 27448200, "weightedAverageShsOutDil": 27448200, "link": "", "finalLink": "", "calculatedOtherExpenses": 13100000, "calculatedOperatingExpenses": 130700000, "calculatedNetInterest": 0, "calculatedOtherIncome": 1800000, "calculatedIncomeNonControlling": 4500000, "calculatedEbitda": 46600000}, {"date": "1992-04-30", "symbol": "SJM", "reportedCurrency": "USD", "cik": "0000091419", "fillingDate": "1992-04-30", "acceptedDate": "1992-04-29 20:00:00", "calendarYear": "1992", "period": "FY", "revenue": 483500000, "costOfRevenue": 301300000, "grossProfit": 182200000, "grossProfitRatio": 0.3768355739, "researchAndDevelopmentExpenses": 0, "generalAndAdministrativeExpenses": 0, "sellingAndMarketingExpenses": 0, "sellingGeneralAndAdministrativeExpenses": 114900000, "otherExpenses": 12800000, "operatingExpenses": 127700000, "costAndExpenses": 429000000, "interestIncome": 0, "interestExpense": 0, "depreciationAndAmortization": -12800000, "ebitda": 65200000, "ebitdaratio": 0.1348500517, "operatingIncome": 54500000, "operatingIncomeRatio": 0.1127197518, "totalOtherIncomeExpensesNet": 2100000, "incomeBeforeTax": 56100000, "incomeBeforeTaxRatio": 0.1160289555, "incomeTaxExpense": 22000000, "netIncome": 34100000, "netIncomeRatio": 0.0705274043, "eps": 1.24, "epsdiluted": 1.24, "weightedAverageShsOut": 27448200, "weightedAverageShsOutDil": 27448200, "link": "", "finalLink": "", "calculatedOtherExpenses": 12800000, "calculatedOperatingExpenses": 127700000, "calculatedNetInterest": 0, "calculatedOtherIncome": 1600000, "calculatedIncomeNonControlling": 0, "calculatedEbitda": 41700000}, {"date": "1991-04-30", "symbol": "SJM", "reportedCurrency": "USD", "cik": "0000091419", "fillingDate": "1991-04-30", "acceptedDate": "1991-04-29 20:00:00", "calendarYear": "1991", "period": "FY", "revenue": 455000000, "costOfRevenue": 283900000, "grossProfit": 171100000, "grossProfitRatio": 0.376043956, "researchAndDevelopmentExpenses": 0, "generalAndAdministrativeExpenses": 0, "sellingAndMarketingExpenses": 0, "sellingGeneralAndAdministrativeExpenses": 107800000, "otherExpenses": 11800000, "operatingExpenses": 119600000, "costAndExpenses": 403500000, "interestIncome": 0, "interestExpense": 0, "depreciationAndAmortization": -11800000, "ebitda": 61500000, "ebitdaratio": 0.1351648352, "operatingIncome": 51500000, "operatingIncomeRatio": 0.1131868132, "totalOtherIncomeExpensesNet": 1800000, "incomeBeforeTax": 52500000, "incomeBeforeTaxRatio": 0.1153846154, "incomeTaxExpense": 20800000, "netIncome": 31700000, "netIncomeRatio": 0.0696703297, "eps": 1.15, "epsdiluted": 1.15, "weightedAverageShsOut": 27448200, "weightedAverageShsOutDil": 27448200, "link": "", "finalLink": "", "calculatedOtherExpenses": 11800000, "calculatedOperatingExpenses": 119600000, "calculatedNetInterest": 0, "calculatedOtherIncome": 1000000, "calculatedIncomeNonControlling": 0, "calculatedEbitda": 39700000}, {"date": "1990-04-30", "symbol": "SJM", "reportedCurrency": "USD", "cik": "0000091419", "fillingDate": "1990-04-30", "acceptedDate": "1990-04-29 20:00:00", "calendarYear": "1990", "period": "FY", "revenue": 422400000, "costOfRevenue": 271000000, "grossProfit": 151400000, "grossProfitRatio": 0.3584280303, "researchAndDevelopmentExpenses": 0, "generalAndAdministrativeExpenses": 0, "sellingAndMarketingExpenses": 0, "sellingGeneralAndAdministrativeExpenses": 91900000, "otherExpenses": 10500000, "operatingExpenses": 102400000, "costAndExpenses": 373400000, "interestIncome": 0, "interestExpense": 1100000, "depreciationAndAmortization": -10500000, "ebitda": 57500000, "ebitdaratio": 0.1361268939, "operatingIncome": 49000000, "operatingIncomeRatio": 0.1160037879, "totalOtherIncomeExpensesNet": 2000000, "incomeBeforeTax": 50000000, "incomeBeforeTaxRatio": 0.1183712121, "incomeTaxExpense": 19800000, "netIncome": 30200000, "netIncomeRatio": 0.0714962121, "eps": 1.1, "epsdiluted": 1.1, "weightedAverageShsOut": 27448200, "weightedAverageShsOutDil": 27448200, "link": "", "finalLink": "", "calculatedOtherExpenses": 10500000, "calculatedOperatingExpenses": 102400000, "calculatedNetInterest": -1100000, "calculatedOtherIncome": 2100000, "calculatedIncomeNonControlling": 0, "calculatedEbitda": 38500000}, {"date": "1989-04-30", "symbol": "SJM", "reportedCurrency": "USD", "cik": "0000091419", "fillingDate": "1989-04-30", "acceptedDate": "1989-04-29 20:00:00", "calendarYear": "1989", "period": "FY", "revenue": 366900000, "costOfRevenue": 230500000, "grossProfit": 136400000, "grossProfitRatio": 0.3717634233, "researchAndDevelopmentExpenses": 0, "generalAndAdministrativeExpenses": 0, "sellingAndMarketingExpenses": 0, "sellingGeneralAndAdministrativeExpenses": 83900000, "otherExpenses": 9700000, "operatingExpenses": 93600000, "costAndExpenses": 324100000, "interestIncome": 0, "interestExpense": 0, "depreciationAndAmortization": 9700000, "ebitda": 50200000, "ebitdaratio": 0.1368220223, "operatingIncome": 42800000, "operatingIncomeRatio": 0.116653039, "totalOtherIncomeExpensesNet": 2300000, "incomeBeforeTax": 44600000, "incomeBeforeTaxRatio": 0.1215590079, "incomeTaxExpense": 17000000, "netIncome": 27600000, "netIncomeRatio": 0.0752248569, "eps": 1.01, "epsdiluted": 1.01, "weightedAverageShsOut": 27448200, "weightedAverageShsOutDil": 27448200, "link": "", "finalLink": "", "calculatedOtherExpenses": 9700000, "calculatedOperatingExpenses": 93600000, "calculatedNetInterest": 0, "calculatedOtherIncome": 1800000, "calculatedIncomeNonControlling": 0, "calculatedEbitda": 52500000}, {"date": "1988-04-30", "symbol": "SJM", "reportedCurrency": "USD", "cik": "0000091419", "fillingDate": "1988-04-30", "acceptedDate": "1988-04-29 20:00:00", "calendarYear": "1988", "period": "FY", "revenue": 314200000, "costOfRevenue": 198100000, "grossProfit": 116100000, "grossProfitRatio": 0.3695098663, "researchAndDevelopmentExpenses": 0, "generalAndAdministrativeExpenses": 0, "sellingAndMarketingExpenses": 0, "sellingGeneralAndAdministrativeExpenses": 70500000, "otherExpenses": 8000000, "operatingExpenses": 78500000, "costAndExpenses": 276600000, "interestIncome": 0, "interestExpense": 0, "depreciationAndAmortization": 8000000, "ebitda": 43600000, "ebitdaratio": 0.1387651178, "operatingIncome": 37600000, "operatingIncomeRatio": 0.1196690006, "totalOtherIncomeExpensesNet": 2000000, "incomeBeforeTax": 38600000, "incomeBeforeTaxRatio": 0.1228516868, "incomeTaxExpense": 15700000, "netIncome": 22900000, "netIncomeRatio": 0.0728835137, "eps": 0.83, "epsdiluted": 0.83, "weightedAverageShsOut": 27448200, "weightedAverageShsOutDil": 27448200, "link": "", "finalLink": "", "calculatedOtherExpenses": 8000000, "calculatedOperatingExpenses": 78500000, "calculatedNetInterest": 0, "calculatedOtherIncome": 1000000, "calculatedIncomeNonControlling": 0, "calculatedEbitda": 45600000}, {"date": "1987-04-30", "symbol": "SJM", "reportedCurrency": "USD", "cik": "0000091419", "fillingDate": "1987-04-30", "acceptedDate": "1987-04-29 20:00:00", "calendarYear": "1987", "period": "FY", "revenue": 288300000, "costOfRevenue": 185500000, "grossProfit": 102800000, "grossProfitRatio": 0.3565730142, "researchAndDevelopmentExpenses": 0, "generalAndAdministrativeExpenses": 0, "sellingAndMarketingExpenses": 0, "sellingGeneralAndAdministrativeExpenses": 62000000, "otherExpenses": 6700000, "operatingExpenses": 68700000, "costAndExpenses": 254200000, "interestIncome": 0, "interestExpense": 1200000, "depreciationAndAmortization": 6700000, "ebitda": 39000000, "ebitdaratio": 0.1352757544, "operatingIncome": 34100000, "operatingIncomeRatio": 0.1182795699, "totalOtherIncomeExpensesNet": 1800000, "incomeBeforeTax": 34800000, "incomeBeforeTaxRatio": 0.1207075963, "incomeTaxExpense": 17100000, "netIncome": 17700000, "netIncomeRatio": 0.0613943809, "eps": 0.64, "epsdiluted": 0.64, "weightedAverageShsOut": 27448200, "weightedAverageShsOutDil": 27448200, "link": "", "finalLink": "", "calculatedOtherExpenses": 6700000, "calculatedOperatingExpenses": 68700000, "calculatedNetInterest": -1200000, "calculatedOtherIncome": 1900000, "calculatedIncomeNonControlling": 0, "calculatedEbitda": 40800000}, {"date": "1986-04-30", "symbol": "SJM", "reportedCurrency": "USD", "cik": "0000091419", "fillingDate": "1986-04-30", "acceptedDate": "1986-04-29 20:00:00", "calendarYear": "1986", "period": "FY", "revenue": 262800000, "costOfRevenue": 169900000, "grossProfit": 92900000, "grossProfitRatio": 0.353500761, "researchAndDevelopmentExpenses": 0, "generalAndAdministrativeExpenses": 0, "sellingAndMarketingExpenses": 0, "sellingGeneralAndAdministrativeExpenses": 58100000, "otherExpenses": 5800000, "operatingExpenses": 63900000, "costAndExpenses": 233800000, "interestIncome": 0, "interestExpense": 0, "depreciationAndAmortization": 5800000, "ebitda": 32500000, "ebitdaratio": 0.1236681887, "operatingIncome": 29000000, "operatingIncomeRatio": 0.1103500761, "totalOtherIncomeExpensesNet": 2300000, "incomeBeforeTax": 30100000, "incomeBeforeTaxRatio": 0.1145357686, "incomeTaxExpense": 14200000, "netIncome": 15900000, "netIncomeRatio": 0.0605022831, "eps": 0.58, "epsdiluted": 0.58, "weightedAverageShsOut": 27448200, "weightedAverageShsOutDil": 27448200, "link": "", "finalLink": "", "calculatedOtherExpenses": 5800000, "calculatedOperatingExpenses": 63900000, "calculatedNetInterest": 0, "calculatedOtherIncome": 1100000, "calculatedIncomeNonControlling": 0, "calculatedEbitda": 34800000}]}