{"originalCurrency": "USD", "convertedCurrency": "USD", "report": [{"date": "2023-12-31", "symbol": "SKT", "reportedCurrency": "USD", "cik": "0000899715", "fillingDate": "2024-02-21", "acceptedDate": "2024-02-21 16:08:59", "calendarYear": "2023", "period": "FY", "revenue": 464407000, "costOfRevenue": 254436000, "grossProfit": 209971000, "grossProfitRatio": 0.4521271213, "researchAndDevelopmentExpenses": 0, "generalAndAdministrativeExpenses": 76130000, "sellingAndMarketingExpenses": 20526000, "sellingGeneralAndAdministrativeExpenses": 76130000, "otherExpenses": -76130000, "operatingExpenses": 76130000, "costAndExpenses": 330566000, "interestIncome": 47928000, "interestExpense": 47928000, "depreciationAndAmortization": 108889000, "ebitda": 242730000, "ebitdaratio": 0.5226665403, "operatingIncome": 133841000, "operatingIncomeRatio": 0.288197637, "totalOtherIncomeExpensesNet": -29959000, "incomeBeforeTax": 103882000, "incomeBeforeTaxRatio": 0.2236874121, "incomeTaxExpense": 5917000, "netIncome": 99151000, "netIncomeRatio": 0.2135002272, "eps": 0.94, "epsdiluted": 0.92, "weightedAverageShsOut": 104682000, "weightedAverageShsOutDil": 106532000, "link": "https://www.sec.gov/Archives/edgar/data/899715/000089971524000044/0000899715-24-000044-index.htm", "finalLink": "https://www.sec.gov/Archives/edgar/data/899715/000089971524000044/skt-20231231.htm", "calculatedOtherExpenses": 0, "calculatedOperatingExpenses": 76130000, "calculatedNetInterest": 0, "calculatedOtherIncome": -29959000, "calculatedIncomeNonControlling": -1186000, "calculatedEbitda": 242730000}, {"date": "2022-12-31", "symbol": "SKT", "reportedCurrency": "USD", "cik": "0000899715", "fillingDate": "2023-02-27", "acceptedDate": "2023-02-27 09:09:52", "calendarYear": "2022", "period": "FY", "revenue": 442613000, "costOfRevenue": 143936000, "grossProfit": 298677000, "grossProfitRatio": 0.6748039484, "researchAndDevelopmentExpenses": 0, "generalAndAdministrativeExpenses": 71532000, "sellingAndMarketingExpenses": 19848000, "sellingGeneralAndAdministrativeExpenses": 71532000, "otherExpenses": 111904000, "operatingExpenses": 183436000, "costAndExpenses": 327372000, "interestIncome": 46967000, "interestExpense": 46967000, "depreciationAndAmortization": 111904000, "ebitda": 241768000, "ebitdaratio": 0.5462288726, "operatingIncome": 129864000, "operatingIncomeRatio": 0.2934030406, "totalOtherIncomeExpensesNet": -44033000, "incomeBeforeTax": 85831000, "incomeBeforeTaxRatio": 0.1939188411, "incomeTaxExpense": 47801000, "netIncome": 38030000, "netIncomeRatio": 0.0859215613, "eps": 0.37, "epsdiluted": 0.36, "weightedAverageShsOut": 103687000, "weightedAverageShsOutDil": 105636000, "link": "https://www.sec.gov/Archives/edgar/data/899715/000089971523000044/0000899715-23-000044-index.htm", "finalLink": "https://www.sec.gov/Archives/edgar/data/899715/000089971523000044/skt-20221231.htm", "calculatedOtherExpenses": 97281000, "calculatedOperatingExpenses": 168813000, "calculatedNetInterest": 0, "calculatedOtherIncome": -44033000, "calculatedIncomeNonControlling": 0, "calculatedEbitda": 241768000}, {"date": "2021-12-31", "symbol": "SKT", "reportedCurrency": "USD", "cik": "0000899715", "fillingDate": "2022-02-22", "acceptedDate": "2022-02-22 16:41:26", "calendarYear": "2021", "period": "FY", "revenue": 426525000, "costOfRevenue": 140736000, "grossProfit": 285789000, "grossProfitRatio": 0.6700404431, "researchAndDevelopmentExpenses": 0, "generalAndAdministrativeExpenses": 65817000, "sellingAndMarketingExpenses": 20632000, "sellingGeneralAndAdministrativeExpenses": 65817000, "otherExpenses": 110008000, "operatingExpenses": 175825000, "costAndExpenses": 316561000, "interestIncome": 52866000, "interestExpense": 52866000, "depreciationAndAmortization": 110008000, "ebitda": 227281000, "ebitdaratio": 0.5328667722, "operatingIncome": 117273000, "operatingIncomeRatio": 0.2749498857, "totalOtherIncomeExpensesNet": -107715000, "incomeBeforeTax": 9558000, "incomeBeforeTaxRatio": 0.022409003, "incomeTaxExpense": 60615000, "netIncome": -51057000, "netIncomeRatio": -0.1197045894, "eps": -0.51, "epsdiluted": -0.5, "weightedAverageShsOut": 100418000, "weightedAverageShsOutDil": 101979000, "link": "https://www.sec.gov/Archives/edgar/data/899715/000089971522000036/0000899715-22-000036-index.htm", "finalLink": "https://www.sec.gov/Archives/edgar/data/899715/000089971522000036/skt-20211231.htm", "calculatedOtherExpenses": 102699000, "calculatedOperatingExpenses": 168516000, "calculatedNetInterest": 0, "calculatedOtherIncome": -107715000, "calculatedIncomeNonControlling": 0, "calculatedEbitda": 227281000}, {"date": "2020-12-31", "symbol": "SKT", "reportedCurrency": "USD", "cik": "0000899715", "fillingDate": "2021-02-23", "acceptedDate": "2021-02-23 17:00:14", "calendarYear": "2020", "period": "FY", "revenue": 389991000, "costOfRevenue": 137135000, "grossProfit": 252856000, "grossProfitRatio": 0.6483636802, "researchAndDevelopmentExpenses": 0, "generalAndAdministrativeExpenses": 47733000, "sellingAndMarketingExpenses": 20435000, "sellingGeneralAndAdministrativeExpenses": 47733000, "otherExpenses": 117143000, "operatingExpenses": 164876000, "costAndExpenses": 302011000, "interestIncome": 63142000, "interestExpense": 63142000, "depreciationAndAmortization": 117143000, "ebitda": 207174000, "ebitdaratio": 0.5312276437, "operatingIncome": 90031000, "operatingIncomeRatio": 0.2308540453, "totalOtherIncomeExpensesNet": -128044000, "incomeBeforeTax": -38013000, "incomeBeforeTaxRatio": -0.0974714801, "incomeTaxExpense": 63458000, "netIncome": -101471000, "netIncomeRatio": -0.2601880556, "eps": -1.1, "epsdiluted": -1.1, "weightedAverageShsOut": 92618000, "weightedAverageShsOutDil": 92618000, "link": "https://www.sec.gov/Archives/edgar/data/899715/000089971521000065/0000899715-21-000065-index.htm", "finalLink": "https://www.sec.gov/Archives/edgar/data/899715/000089971521000065/skt-20201231.htm", "calculatedOtherExpenses": 115092000, "calculatedOperatingExpenses": 162825000, "calculatedNetInterest": 0, "calculatedOtherIncome": -128044000, "calculatedIncomeNonControlling": 0, "calculatedEbitda": 207174000}, {"date": "2019-12-31", "symbol": "SKT", "reportedCurrency": "USD", "cik": "0000899715", "fillingDate": "2020-02-19", "acceptedDate": "2020-02-19 17:09:29", "calendarYear": "2019", "period": "FY", "revenue": 478348000, "costOfRevenue": 157734000, "grossProfit": 320614000, "grossProfitRatio": 0.6702526194, "researchAndDevelopmentExpenses": 0, "generalAndAdministrativeExpenses": 53790000, "sellingAndMarketingExpenses": 26022000, "sellingGeneralAndAdministrativeExpenses": 53790000, "otherExpenses": 123314000, "operatingExpenses": 177104000, "costAndExpenses": 334838000, "interestIncome": 61672000, "interestExpense": 61672000, "depreciationAndAmortization": 123314000, "ebitda": 271902000, "ebitdaratio": 0.5684188081, "operatingIncome": 148588000, "operatingIncomeRatio": 0.3106274093, "totalOtherIncomeExpensesNet": -55860000, "incomeBeforeTax": 92728000, "incomeBeforeTaxRatio": 0.1938505021, "incomeTaxExpense": 71623000, "netIncome": 21105000, "netIncomeRatio": 0.0441205984, "eps": 0.23, "epsdiluted": 0.23, "weightedAverageShsOut": 92808000, "weightedAverageShsOutDil": 92808000, "link": "https://www.sec.gov/Archives/edgar/data/899715/000089971520000057/0000899715-20-000057-index.htm", "finalLink": "https://www.sec.gov/Archives/edgar/data/899715/000089971520000057/skt10k2019123119.htm", "calculatedOtherExpenses": 118236000, "calculatedOperatingExpenses": 172026000, "calculatedNetInterest": 0, "calculatedOtherIncome": -55860000, "calculatedIncomeNonControlling": 0, "calculatedEbitda": 271902000}, {"date": "2018-12-31", "symbol": "SKT", "reportedCurrency": "USD", "cik": "0000899715", "fillingDate": "2019-02-21", "acceptedDate": "2019-02-21 16:13:31", "calendarYear": "2018", "period": "FY", "revenue": 494681000, "costOfRevenue": 160457000, "grossProfit": 334224000, "grossProfitRatio": 0.6756354095, "researchAndDevelopmentExpenses": 0, "generalAndAdministrativeExpenses": 44167000, "sellingAndMarketingExpenses": 0, "sellingGeneralAndAdministrativeExpenses": 44167000, "otherExpenses": 131722000, "operatingExpenses": 175889000, "costAndExpenses": 336346000, "interestIncome": 0, "interestExpense": 64821000, "depreciationAndAmortization": 131722000, "ebitda": 291845000, "ebitdaratio": 0.5899660589, "operatingIncome": 93514000, "operatingIncomeRatio": 0.1890389968, "totalOtherIncomeExpensesNet": -114560000, "incomeBeforeTax": 45563000, "incomeBeforeTaxRatio": 0.0921058217, "incomeTaxExpense": 51647000, "netIncome": -6084000, "netIncomeRatio": -0.012298835, "eps": -0.0652, "epsdiluted": -0.0652, "weightedAverageShsOut": 93309000, "weightedAverageShsOutDil": 93310000, "link": "https://www.sec.gov/Archives/edgar/data/899715/000089971519000060/0000899715-19-000060-index.htm", "finalLink": "https://www.sec.gov/Archives/edgar/data/899715/000089971519000060/skt10k2018123118.htm", "calculatedOtherExpenses": 196543000, "calculatedOperatingExpenses": 240710000, "calculatedNetInterest": -64821000, "calculatedOtherIncome": 16870000, "calculatedIncomeNonControlling": 0, "calculatedEbitda": 225236000}, {"date": "2017-12-31", "symbol": "SKT", "reportedCurrency": "USD", "cik": "0000899715", "fillingDate": "2018-02-22", "acceptedDate": "2018-02-22 16:41:31", "calendarYear": "2017", "period": "FY", "revenue": 488234000, "costOfRevenue": 155235000, "grossProfit": 332999000, "grossProfitRatio": 0.6820479524, "researchAndDevelopmentExpenses": 0, "generalAndAdministrativeExpenses": 44004000, "sellingAndMarketingExpenses": 0, "sellingGeneralAndAdministrativeExpenses": 44004000, "otherExpenses": 2724000, "operatingExpenses": 171748000, "costAndExpenses": 326983000, "interestIncome": 0, "interestExpense": 64825000, "depreciationAndAmortization": 127744000, "ebitda": 293656000, "ebitdaratio": 0.6014656906, "operatingIncome": 160723000, "operatingIncomeRatio": 0.3291925593, "totalOtherIncomeExpensesNet": -24550000, "incomeBeforeTax": 71876000, "incomeBeforeTaxRatio": 0.1472162938, "incomeTaxExpense": 73360000, "netIncome": 68002000, "netIncomeRatio": 0.139281574, "eps": 0.71, "epsdiluted": 0.71, "weightedAverageShsOut": 94506000, "weightedAverageShsOutDil": 94522000, "link": "https://www.sec.gov/Archives/edgar/data/899715/000089971518000070/0000899715-18-000070-index.htm", "finalLink": "https://www.sec.gov/Archives/edgar/data/899715/000089971518000070/skt10k2017123117.htm", "calculatedOtherExpenses": 128272000, "calculatedOperatingExpenses": 172276000, "calculatedNetInterest": -64825000, "calculatedOtherIncome": -24022000, "calculatedIncomeNonControlling": -69486000, "calculatedEbitda": 288467000}, {"date": "2016-12-31", "symbol": "SKT", "reportedCurrency": "USD", "cik": "0000899715", "fillingDate": "2017-02-23", "acceptedDate": "2017-02-23 17:19:25", "calendarYear": "2016", "period": "FY", "revenue": 465834000, "costOfRevenue": 152017000, "grossProfit": 313817000, "grossProfitRatio": 0.6736670144, "researchAndDevelopmentExpenses": 0, "generalAndAdministrativeExpenses": 46696000, "sellingAndMarketingExpenses": 0, "sellingGeneralAndAdministrativeExpenses": 46696000, "otherExpenses": 1028000, "operatingExpenses": 162053000, "costAndExpenses": 314070000, "interestIncome": 0, "interestExpense": 60669000, "depreciationAndAmortization": 115357000, "ebitda": 374537000, "ebitdaratio": 0.8040138762, "operatingIncome": 151277000, "operatingIncomeRatio": 0.3247444369, "totalOtherIncomeExpensesNet": 113234000, "incomeBeforeTax": 204329000, "incomeBeforeTaxRatio": 0.4386304993, "incomeTaxExpense": 178670000, "netIncome": 193744000, "netIncomeRatio": 0.4159078127, "eps": 2.02, "epsdiluted": 2.01, "weightedAverageShsOut": 95102000, "weightedAverageShsOutDil": 95345000, "link": "https://www.sec.gov/Archives/edgar/data/899715/000089971517000076/0000899715-17-000076-index.htm", "finalLink": "https://www.sec.gov/Archives/edgar/data/899715/000089971517000076/skt10k2016123116.htm", "calculatedOtherExpenses": 115844000, "calculatedOperatingExpenses": 162540000, "calculatedNetInterest": -60669000, "calculatedOtherIncome": 113721000, "calculatedIncomeNonControlling": -168085000, "calculatedEbitda": 266634000}, {"date": "2015-12-31", "symbol": "SKT", "reportedCurrency": "USD", "cik": "0000899715", "fillingDate": "2016-02-23", "acceptedDate": "2016-02-23 17:23:01", "calendarYear": "2015", "period": "FY", "revenue": 439369000, "costOfRevenue": 146503000, "grossProfit": 292866000, "grossProfitRatio": 0.6665604537, "researchAndDevelopmentExpenses": 0, "generalAndAdministrativeExpenses": 44469000, "sellingAndMarketingExpenses": 0, "sellingGeneralAndAdministrativeExpenses": 44469000, "otherExpenses": -36000, "operatingExpenses": 148405000, "costAndExpenses": 294908000, "interestIncome": 0, "interestExpense": 54188000, "depreciationAndAmortization": 103936000, "ebitda": 259845000, "ebitdaratio": 0.5914049466, "operatingIncome": 144461000, "operatingIncomeRatio": 0.3287919721, "totalOtherIncomeExpensesNet": 131895000, "incomeBeforeTax": 222168000, "incomeBeforeTaxRatio": 0.5056524243, "incomeTaxExpense": 76604000, "netIncome": 211200000, "netIncomeRatio": 0.4806893522, "eps": 2.2, "epsdiluted": 2.2, "weightedAverageShsOut": 94698000, "weightedAverageShsOutDil": 94759000, "link": "https://www.sec.gov/Archives/edgar/data/899715/000089971516000265/0000899715-16-000265-index.htm", "finalLink": "https://www.sec.gov/Archives/edgar/data/899715/000089971516000265/skt10k2015123115.htm", "calculatedOtherExpenses": 103936000, "calculatedOperatingExpenses": 148405000, "calculatedNetInterest": -54188000, "calculatedOtherIncome": 131895000, "calculatedIncomeNonControlling": -65636000, "calculatedEbitda": 248397000}, {"date": "2014-12-31", "symbol": "SKT", "reportedCurrency": "USD", "cik": "0000899715", "fillingDate": "2015-02-24", "acceptedDate": "2015-02-24 17:27:44", "calendarYear": "2014", "period": "FY", "revenue": 418558000, "costOfRevenue": 137422000, "grossProfit": 281136000, "grossProfitRatio": 0.6716775214, "researchAndDevelopmentExpenses": 0, "generalAndAdministrativeExpenses": 44469000, "sellingAndMarketingExpenses": 0, "sellingGeneralAndAdministrativeExpenses": 44469000, "otherExpenses": 102432000, "operatingExpenses": 146901000, "costAndExpenses": 284323000, "interestIncome": 794000, "interestExpense": 57931000, "depreciationAndAmortization": 102432000, "ebitda": 246514000, "ebitdaratio": 0.5889601919, "operatingIncome": 131863000, "operatingIncomeRatio": 0.3150411651, "totalOtherIncomeExpensesNet": 1054000, "incomeBeforeTax": 78152000, "incomeBeforeTaxRatio": 0.186717253, "incomeTaxExpense": 71125000, "netIncome": 74011000, "netIncomeRatio": 0.1768237616, "eps": 0.77, "epsdiluted": 0.77, "weightedAverageShsOut": 93769000, "weightedAverageShsOutDil": 93839000, "link": "https://www.sec.gov/Archives/edgar/data/899715/000089971515000062/0000899715-15-000062-index.htm", "finalLink": "https://www.sec.gov/Archives/edgar/data/899715/000089971515000062/skt10k2014123114.htm", "calculatedOtherExpenses": 104804000, "calculatedOperatingExpenses": 149273000, "calculatedNetInterest": -57137000, "calculatedOtherIncome": 3426000, "calculatedIncomeNonControlling": -66984000, "calculatedEbitda": 234295000}, {"date": "2013-12-31", "symbol": "SKT", "reportedCurrency": "USD", "cik": "0000899715", "fillingDate": "2014-03-03", "acceptedDate": "2014-03-03 14:17:55", "calendarYear": "2013", "period": "FY", "revenue": 385009000, "costOfRevenue": 121046000, "grossProfit": 263963000, "grossProfitRatio": 0.6856021548, "researchAndDevelopmentExpenses": 0, "generalAndAdministrativeExpenses": 39119000, "sellingAndMarketingExpenses": 0, "sellingGeneralAndAdministrativeExpenses": 39119000, "otherExpenses": 95746000, "operatingExpenses": 134865000, "costAndExpenses": 255911000, "interestIncome": 0, "interestExpense": 51616000, "depreciationAndAmortization": 95746000, "ebitda": 261886000, "ebitdaratio": 0.6802074757, "operatingIncome": 127895000, "operatingIncomeRatio": 0.3321870398, "totalOtherIncomeExpensesNet": 35839000, "incomeBeforeTax": 113321000, "incomeBeforeTaxRatio": 0.2943333792, "incomeTaxExpense": 94422000, "netIncome": 107557000, "netIncomeRatio": 0.2793623006, "eps": 1.14, "epsdiluted": 1.13, "weightedAverageShsOut": 93311000, "weightedAverageShsOutDil": 94247000, "link": "https://www.sec.gov/Archives/edgar/data/899715/000089971514000059/0000899715-14-000059-index.htm", "finalLink": "https://www.sec.gov/Archives/edgar/data/899715/000089971514000059/skt10k2013.htm", "calculatedOtherExpenses": 96949000, "calculatedOperatingExpenses": 136068000, "calculatedNetInterest": -51616000, "calculatedOtherIncome": 37042000, "calculatedIncomeNonControlling": -88658000, "calculatedEbitda": 223641000}, {"date": "2012-12-31", "symbol": "SKT", "reportedCurrency": "USD", "cik": "0000899715", "fillingDate": "2013-02-27", "acceptedDate": "2013-02-27 17:24:39", "calendarYear": "2012", "period": "FY", "revenue": 356997000, "costOfRevenue": 111160000, "grossProfit": 245837000, "grossProfitRatio": 0.6886248344, "researchAndDevelopmentExpenses": 0, "generalAndAdministrativeExpenses": 37452000, "sellingAndMarketingExpenses": 0, "sellingGeneralAndAdministrativeExpenses": 37452000, "otherExpenses": 98683000, "operatingExpenses": 136135000, "costAndExpenses": 247295000, "interestIncome": 0, "interestExpense": 49814000, "depreciationAndAmortization": 98683000, "ebitda": 205090000, "ebitdaratio": 0.5744866203, "operatingIncome": 109585000, "operatingIncomeRatio": 0.3069633638, "totalOtherIncomeExpensesNet": -3412000, "incomeBeforeTax": 56476000, "incomeBeforeTaxRatio": 0.1581974078, "incomeTaxExpense": 49767000, "netIncome": 53228000, "netIncomeRatio": 0.1490992922, "eps": 0.57, "epsdiluted": 0.57, "weightedAverageShsOut": 91733000, "weightedAverageShsOutDil": 92661000, "link": "https://www.sec.gov/Archives/edgar/data/899715/000089971513000070/0000899715-13-000070-index.htm", "finalLink": "https://www.sec.gov/Archives/edgar/data/899715/000089971513000070/skt10k2012.htm", "calculatedOtherExpenses": 98800000, "calculatedOperatingExpenses": 136252000, "calculatedNetInterest": -49814000, "calculatedOtherIncome": -3295000, "calculatedIncomeNonControlling": -46519000, "calculatedEbitda": 208268000}, {"date": "2011-12-31", "symbol": "SKT", "reportedCurrency": "USD", "cik": "0000899715", "fillingDate": "2012-02-29", "acceptedDate": "2012-02-29 14:56:08", "calendarYear": "2011", "period": "FY", "revenue": 315223000, "costOfRevenue": 100246000, "grossProfit": 214977000, "grossProfitRatio": 0.6819838654, "researchAndDevelopmentExpenses": 158000, "generalAndAdministrativeExpenses": 30132000, "sellingAndMarketingExpenses": 0, "sellingGeneralAndAdministrativeExpenses": 30132000, "otherExpenses": 84015000, "operatingExpenses": 114305000, "costAndExpenses": 214551000, "interestIncome": 0, "interestExpense": 45382000, "depreciationAndAmortization": 84015000, "ebitda": 187423000, "ebitdaratio": 0.5945727311, "operatingIncome": 97936000, "operatingIncomeRatio": 0.3106879891, "totalOtherIncomeExpensesNet": -2736000, "incomeBeforeTax": 52554000, "incomeBeforeTaxRatio": 0.166720068, "incomeTaxExpense": 56031000, "netIncome": 44641000, "netIncomeRatio": 0.1416172043, "eps": 0.53, "epsdiluted": 0.52, "weightedAverageShsOut": 83000000, "weightedAverageShsOutDil": 84129000, "link": "https://www.sec.gov/Archives/edgar/data/899715/000089971512000008/0000899715-12-000008-index.htm", "finalLink": "https://www.sec.gov/Archives/edgar/data/899715/000089971512000008/skt10k2011current.htm", "calculatedOtherExpenses": 86751000, "calculatedOperatingExpenses": 117041000, "calculatedNetInterest": -45382000, "calculatedOtherIncome": 0, "calculatedIncomeNonControlling": -48118000, "calculatedEbitda": 181951000}, {"date": "2010-12-31", "symbol": "SKT", "reportedCurrency": "USD", "cik": "0000899715", "fillingDate": "2011-02-28", "acceptedDate": "2011-02-25 19:26:27", "calendarYear": "2010", "period": "FY", "revenue": 276303000, "costOfRevenue": 93345000, "grossProfit": 182958000, "grossProfitRatio": 0.662164363, "researchAndDevelopmentExpenses": 0, "generalAndAdministrativeExpenses": 24553000, "sellingAndMarketingExpenses": 0, "sellingGeneralAndAdministrativeExpenses": 24553000, "otherExpenses": 78039000, "operatingExpenses": 102592000, "costAndExpenses": 195937000, "interestIncome": 0, "interestExpense": 34120000, "depreciationAndAmortization": 78039000, "ebitda": 157941000, "ebitdaratio": 0.571622458, "operatingIncome": 79631000, "operatingIncomeRatio": 0.2882017206, "totalOtherIncomeExpensesNet": -7904000, "incomeBeforeTax": 38342000, "incomeBeforeTaxRatio": 0.1387679468, "incomeTaxExpense": 37749000, "netIncome": 34249000, "netIncomeRatio": 0.1239544992, "eps": 0.32, "epsdiluted": 0.32, "weightedAverageShsOut": 80187000, "weightedAverageShsOutDil": 80390000, "link": "https://www.sec.gov/Archives/edgar/data/899715/000089971511000018/0000899715-11-000018-index.htm", "finalLink": "https://www.sec.gov/Archives/edgar/data/899715/000089971511000018/skt10k2010.htm", "calculatedOtherExpenses": 78774000, "calculatedOperatingExpenses": 103327000, "calculatedNetInterest": -34120000, "calculatedOtherIncome": -7169000, "calculatedIncomeNonControlling": -33656000, "calculatedEbitda": 157670000}, {"date": "2009-12-31", "symbol": "SKT", "reportedCurrency": "USD", "cik": "0000899715", "fillingDate": "2010-03-01", "acceptedDate": "2010-03-01 14:44:21", "calendarYear": "2009", "period": "FY", "revenue": 271685000, "costOfRevenue": 87877000, "grossProfit": 183808000, "grossProfitRatio": 0.6765482084, "researchAndDevelopmentExpenses": 0, "generalAndAdministrativeExpenses": 32584000, "sellingAndMarketingExpenses": 797000, "sellingGeneralAndAdministrativeExpenses": 33381000, "otherExpenses": 80501000, "operatingExpenses": 113882000, "costAndExpenses": 201759000, "interestIncome": 0, "interestExpense": 37683000, "depreciationAndAmortization": 80501000, "ebitda": 113663000, "ebitdaratio": 0.4183631779, "operatingIncome": 64726000, "operatingIncomeRatio": 0.2382391372, "totalOtherIncomeExpensesNet": 36764000, "incomeBeforeTax": 67495000, "incomeBeforeTaxRatio": 0.2484310875, "incomeTaxExpense": 11907000, "netIncome": 58019000, "netIncomeRatio": 0.2135524596, "eps": 0.72, "epsdiluted": 0.72, "weightedAverageShsOut": 71832000, "weightedAverageShsOutDil": 72024000, "link": "https://www.sec.gov/Archives/edgar/data/899715/000114544310000501/0001145443-10-000501-index.htm", "finalLink": "https://www.sec.gov/Archives/edgar/data/899715/000114544310000501/d26177_10k.htm", "calculatedOtherExpenses": 85701000, "calculatedOperatingExpenses": 119082000, "calculatedNetInterest": -37683000, "calculatedOtherIncome": 40452000, "calculatedIncomeNonControlling": -2431000, "calculatedEbitda": 145227000}, {"date": "2008-12-31", "symbol": "SKT", "reportedCurrency": "USD", "cik": "0000899715", "fillingDate": "2009-02-27", "acceptedDate": "2009-02-27 16:56:52", "calendarYear": "2008", "period": "FY", "revenue": 245391000, "costOfRevenue": 81897000, "grossProfit": 163494000, "grossProfitRatio": 0.6662591538, "researchAndDevelopmentExpenses": 0, "generalAndAdministrativeExpenses": 22264000, "sellingAndMarketingExpenses": 0, "sellingGeneralAndAdministrativeExpenses": 22264000, "otherExpenses": 62326000, "operatingExpenses": 166487000, "costAndExpenses": 166487000, "interestIncome": 0, "interestExpense": 38443000, "depreciationAndAmortization": 62326000, "ebitda": 141230000, "ebitdaratio": 0.5755304799, "operatingIncome": 78904000, "operatingIncomeRatio": 0.3215439849, "totalOtherIncomeExpensesNet": 9762000, "incomeBeforeTax": 28032000, "incomeBeforeTaxRatio": 0.1142340184, "incomeTaxExpense": 60634000, "netIncome": 28032000, "netIncomeRatio": 0.1142340184, "eps": 0.32, "epsdiluted": 0.31, "weightedAverageShsOut": 62168000, "weightedAverageShsOutDil": 62440000, "link": "https://www.sec.gov/Archives/edgar/data/899715/000089971509000082/0000899715-09-000082-index.htm", "finalLink": "https://www.sec.gov/Archives/edgar/data/899715/000089971509000082/tfoc10k12312008.htm", "calculatedOtherExpenses": 62326000, "calculatedOperatingExpenses": 84590000, "calculatedNetInterest": -38443000, "calculatedOtherIncome": -12429000, "calculatedIncomeNonControlling": -60634000, "calculatedEbitda": 141230000}, {"date": "2007-12-31", "symbol": "SKT", "reportedCurrency": "USD", "cik": "0000899715", "fillingDate": "2008-02-28", "acceptedDate": "2008-02-28 16:39:04", "calendarYear": "2007", "period": "FY", "revenue": 228765000, "costOfRevenue": 74383000, "grossProfit": 154382000, "grossProfitRatio": 0.6748497366, "researchAndDevelopmentExpenses": 0, "generalAndAdministrativeExpenses": 19007000, "sellingAndMarketingExpenses": 0, "sellingGeneralAndAdministrativeExpenses": 19007000, "otherExpenses": 138193000, "operatingExpenses": 157200000, "costAndExpenses": 157200000, "interestIncome": 0, "interestExpense": 40066000, "depreciationAndAmortization": 63954000, "ebitda": 135519000, "ebitdaratio": 0.5923939414, "operatingIncome": 71565000, "operatingIncomeRatio": 0.3128319454, "totalOtherIncomeExpensesNet": -42989000, "incomeBeforeTax": 28576000, "incomeBeforeTaxRatio": 0.1249142133, "incomeTaxExpense": 0, "netIncome": 28576000, "netIncomeRatio": 0.1249142133, "eps": 0.37, "epsdiluted": 0.36, "weightedAverageShsOut": 61642000, "weightedAverageShsOutDil": 63336000, "link": "https://www.sec.gov/Archives/edgar/data/899715/000089971508000036/0000899715-08-000036-index.htm", "finalLink": "https://www.sec.gov/Archives/edgar/data/899715/000089971508000036/tfoc10k12312007.htm", "calculatedOtherExpenses": 63810000, "calculatedOperatingExpenses": 82817000, "calculatedNetInterest": -40066000, "calculatedOtherIncome": -2923000, "calculatedIncomeNonControlling": 0, "calculatedEbitda": 135519000}, {"date": "2006-12-31", "symbol": "SKT", "reportedCurrency": "USD", "cik": "0000899715", "fillingDate": "2007-02-28", "acceptedDate": "2007-02-27 17:56:26", "calendarYear": "2006", "period": "FY", "revenue": 211711000, "costOfRevenue": 68702000, "grossProfit": 143009000, "grossProfitRatio": 0.67549159, "researchAndDevelopmentExpenses": 0, "generalAndAdministrativeExpenses": 16707000, "sellingAndMarketingExpenses": 0, "sellingGeneralAndAdministrativeExpenses": 16707000, "otherExpenses": 125905000, "operatingExpenses": 142612000, "costAndExpenses": 142612000, "interestIncome": 0, "interestExpense": 40775000, "depreciationAndAmortization": 57319000, "ebitda": 126418000, "ebitdaratio": 0.5971253265, "operatingIncome": 69099000, "operatingIncomeRatio": 0.3263836078, "totalOtherIncomeExpensesNet": -31790000, "incomeBeforeTax": 37309000, "incomeBeforeTaxRatio": 0.1762260818, "incomeTaxExpense": 0, "netIncome": 37309000, "netIncomeRatio": 0.1762260818, "eps": 0.52, "epsdiluted": 0.52, "weightedAverageShsOut": 61300000, "weightedAverageShsOutDil": 61895146, "link": "https://www.sec.gov/Archives/edgar/data/899715/000089971507000045/0000899715-07-000045-index.htm", "finalLink": "https://www.sec.gov/Archives/edgar/data/899715/000089971507000045/tfoc10k12312006.htm", "calculatedOtherExpenses": 57203000, "calculatedOperatingExpenses": 73910000, "calculatedNetInterest": -40775000, "calculatedOtherIncome": 8985000, "calculatedIncomeNonControlling": 0, "calculatedEbitda": 126418000}, {"date": "2005-12-31", "symbol": "SKT", "reportedCurrency": "USD", "cik": "0000899715", "fillingDate": "2006-03-06", "acceptedDate": "2006-03-06 17:11:09", "calendarYear": "2005", "period": "FY", "revenue": 202799000, "costOfRevenue": 64092000, "grossProfit": 138707000, "grossProfitRatio": 0.6839629387, "researchAndDevelopmentExpenses": 0, "generalAndAdministrativeExpenses": 13848000, "sellingAndMarketingExpenses": 0, "sellingGeneralAndAdministrativeExpenses": 13848000, "otherExpenses": 112736000, "operatingExpenses": 126584000, "costAndExpenses": 126584000, "interestIncome": 0, "interestExpense": 42927000, "depreciationAndAmortization": 48888000, "ebitda": 125103000, "ebitdaratio": 0.61688174, "operatingIncome": 76215000, "operatingIncomeRatio": 0.3758154626, "totalOtherIncomeExpensesNet": -71126000, "incomeBeforeTax": 5089000, "incomeBeforeTaxRatio": 0.0250938121, "incomeTaxExpense": 0, "netIncome": 5089000, "netIncomeRatio": 0.0250938121, "eps": 0.08, "epsdiluted": 0.08, "weightedAverageShsOut": 56887500, "weightedAverageShsOutDil": 56887500, "link": "https://www.sec.gov/Archives/edgar/data/899715/000100403606000015/0001004036-06-000015-index.htm", "finalLink": "https://www.sec.gov/Archives/edgar/data/899715/000100403606000015/tfoc10k12312005.htm", "calculatedOtherExpenses": 48644000, "calculatedOperatingExpenses": 62492000, "calculatedNetInterest": -42927000, "calculatedOtherIncome": -28199000, "calculatedIncomeNonControlling": 0, "calculatedEbitda": 125103000}, {"date": "2004-12-31", "symbol": "SKT", "reportedCurrency": "USD", "cik": "0000899715", "fillingDate": "2005-03-16", "acceptedDate": "2005-03-16 13:24:03", "calendarYear": "2004", "period": "FY", "revenue": 194553000, "costOfRevenue": 0, "grossProfit": 194553000, "grossProfitRatio": 1, "researchAndDevelopmentExpenses": 0, "generalAndAdministrativeExpenses": 12820000, "sellingAndMarketingExpenses": 0, "sellingGeneralAndAdministrativeExpenses": 12820000, "otherExpenses": 111205000, "operatingExpenses": 124025000, "costAndExpenses": 124025000, "interestIncome": 0, "interestExpense": 0, "depreciationAndAmortization": 51999000, "ebitda": 122527000, "ebitdaratio": 0.6297872559, "operatingIncome": 70528000, "operatingIncomeRatio": 0.3625130427, "totalOtherIncomeExpensesNet": 0, "incomeBeforeTax": 0, "incomeBeforeTaxRatio": 0, "incomeTaxExpense": 63482000, "netIncome": 7046000, "netIncomeRatio": 0.0362163524, "eps": 0.13, "epsdiluted": 0.13, "weightedAverageShsOut": 54200000, "weightedAverageShsOutDil": 54200000, "link": "https://www.sec.gov/Archives/edgar/data/899715/000089971505000020/0000899715-05-000020-index.htm", "finalLink": "https://www.sec.gov/Archives/edgar/data/899715/000089971505000020/tfoc10k2004.txt", "calculatedOtherExpenses": 111205000, "calculatedOperatingExpenses": 124025000, "calculatedNetInterest": 0, "calculatedOtherIncome": -70528000, "calculatedIncomeNonControlling": -70528000, "calculatedEbitda": 122527000}, {"date": "2003-12-31", "symbol": "SKT", "reportedCurrency": "USD", "cik": "0000899715", "fillingDate": "2004-03-11", "acceptedDate": "2004-03-11 16:59:20", "calendarYear": "2003", "period": "FY", "revenue": 121972000, "costOfRevenue": 0, "grossProfit": 121972000, "grossProfitRatio": 1, "researchAndDevelopmentExpenses": 0, "generalAndAdministrativeExpenses": 9561000, "sellingAndMarketingExpenses": 0, "sellingGeneralAndAdministrativeExpenses": 9561000, "otherExpenses": 69359000, "operatingExpenses": 78920000, "costAndExpenses": 78920000, "interestIncome": 0, "interestExpense": 0, "depreciationAndAmortization": 29697000, "ebitda": 69187000, "ebitdaratio": 0.5672367429, "operatingIncome": 43052000, "operatingIncomeRatio": 0.3529662546, "totalOtherIncomeExpensesNet": 3562000, "incomeBeforeTax": 46614000, "incomeBeforeTaxRatio": 0.3821696783, "incomeTaxExpense": 30203000, "netIncome": 12849000, "netIncomeRatio": 0.1053438494, "eps": 0.3, "epsdiluted": 0.3, "weightedAverageShsOut": 42830000, "weightedAverageShsOutDil": 43555932, "link": "https://www.sec.gov/Archives/edgar/data/899715/000089971504000033/0000899715-04-000033-index.htm", "finalLink": "https://www.sec.gov/Archives/edgar/data/899715/000089971504000033/tfoc10k123103.txt", "calculatedOtherExpenses": 69359000, "calculatedOperatingExpenses": 78920000, "calculatedNetInterest": 0, "calculatedOtherIncome": 3562000, "calculatedIncomeNonControlling": 3562000, "calculatedEbitda": 72749000}, {"date": "2002-12-31", "symbol": "SKT", "reportedCurrency": "USD", "cik": "0000899715", "fillingDate": "2003-03-28", "acceptedDate": "2003-03-28 16:36:26", "calendarYear": "2002", "period": "FY", "revenue": 113167000, "costOfRevenue": 0, "grossProfit": 113167000, "grossProfitRatio": 1, "researchAndDevelopmentExpenses": 0, "generalAndAdministrativeExpenses": 9228000, "sellingAndMarketingExpenses": 0, "sellingGeneralAndAdministrativeExpenses": 9228000, "otherExpenses": 65229000, "operatingExpenses": 74457000, "costAndExpenses": 74457000, "interestIncome": 0, "interestExpense": 0, "depreciationAndAmortization": 28989000, "ebitda": 64003000, "ebitdaratio": 0.5655623989, "operatingIncome": 39102000, "operatingIncomeRatio": 0.3455247554, "totalOtherIncomeExpensesNet": 3696000, "incomeBeforeTax": 42798000, "incomeBeforeTaxRatio": 0.3781844531, "incomeTaxExpense": 27703000, "netIncome": 11007000, "netIncomeRatio": 0.0972633365, "eps": 0.28, "epsdiluted": 0.27, "weightedAverageShsOut": 33585455, "weightedAverageShsOutDil": 34207407, "link": "https://www.sec.gov/Archives/edgar/data/899715/000089971503000065/0000899715-03-000065-index.htm", "finalLink": "https://www.sec.gov/Archives/edgar/data/899715/000089971503000065/tfoc10k123102.txt", "calculatedOtherExpenses": 64837000, "calculatedOperatingExpenses": 74065000, "calculatedNetInterest": 0, "calculatedOtherIncome": 3696000, "calculatedIncomeNonControlling": 4088000, "calculatedEbitda": 68091000}, {"date": "2001-12-31", "symbol": "SKT", "reportedCurrency": "USD", "cik": "0000899715", "fillingDate": "2002-03-28", "acceptedDate": "2002-03-28 00:00:00", "calendarYear": "2001", "period": "FY", "revenue": 111068000, "costOfRevenue": 0, "grossProfit": 111068000, "grossProfitRatio": 1, "researchAndDevelopmentExpenses": 0, "generalAndAdministrativeExpenses": 8231000, "sellingAndMarketingExpenses": 0, "sellingGeneralAndAdministrativeExpenses": 8231000, "otherExpenses": 63211000, "operatingExpenses": 71442000, "costAndExpenses": 71442000, "interestIncome": 0, "interestExpense": 0, "depreciationAndAmortization": 28572000, "ebitda": 65426000, "ebitdaratio": 0.5890625563, "operatingIncome": 39626000, "operatingIncomeRatio": 0.3567724277, "totalOtherIncomeExpensesNet": 2772000, "incomeBeforeTax": 42398000, "incomeBeforeTaxRatio": 0.3817301113, "incomeTaxExpense": 32514000, "netIncome": 7112000, "netIncomeRatio": 0.0640328447, "eps": 0.17, "epsdiluted": 0.17, "weightedAverageShsOut": 31886567, "weightedAverageShsOutDil": 31886567, "link": "https://www.sec.gov/Archives/edgar/data/899715/000089971502000012/0000899715-02-000012-index.htm", "finalLink": "https://www.sec.gov/Archives/edgar/data/899715/000089971502000012/tfoc10k123101.txt", "calculatedOtherExpenses": 63211000, "calculatedOperatingExpenses": 71442000, "calculatedNetInterest": 0, "calculatedOtherIncome": 2772000, "calculatedIncomeNonControlling": 2772000, "calculatedEbitda": 68198000}, {"date": "2000-12-31", "symbol": "SKT", "reportedCurrency": "USD", "cik": "0000899715", "fillingDate": "2001-03-30", "acceptedDate": "2001-03-30 00:00:00", "calendarYear": "2000", "period": "FY", "revenue": 108821000, "costOfRevenue": 0, "grossProfit": 108821000, "grossProfitRatio": 1, "researchAndDevelopmentExpenses": 0, "generalAndAdministrativeExpenses": 7366000, "sellingAndMarketingExpenses": 0, "sellingGeneralAndAdministrativeExpenses": 7366000, "otherExpenses": 61641000, "operatingExpenses": 69007000, "costAndExpenses": 69007000, "interestIncome": 0, "interestExpense": 0, "depreciationAndAmortization": 26218000, "ebitda": 61967000, "ebitdaratio": 0.5694397221, "operatingIncome": 39814000, "operatingIncomeRatio": 0.3658668823, "totalOtherIncomeExpensesNet": 4065000, "incomeBeforeTax": 43879000, "incomeBeforeTaxRatio": 0.4032218046, "incomeTaxExpense": 35502000, "netIncome": 4312000, "netIncomeRatio": 0.0396247048, "eps": 0.08, "epsdiluted": 0.075, "weightedAverageShsOut": 31080000, "weightedAverageShsOutDil": 32151724, "link": "https://www.sec.gov/Archives/edgar/data/899715/000089971501000007/0000899715-01-000007-index.htm", "finalLink": "https://www.sec.gov/Archives/edgar/data/899715/000089971501000007/0000899715-01-000007-0001.txt", "calculatedOtherExpenses": 61641000, "calculatedOperatingExpenses": 69007000, "calculatedNetInterest": 0, "calculatedOtherIncome": 4065000, "calculatedIncomeNonControlling": 4065000, "calculatedEbitda": 66032000}, {"date": "1999-12-31", "symbol": "SKT", "reportedCurrency": "USD", "cik": "0000899715", "fillingDate": "2000-03-30", "acceptedDate": "2000-03-30 00:00:00", "calendarYear": "1999", "period": "FY", "revenue": 104016000, "costOfRevenue": 0, "grossProfit": 104016000, "grossProfitRatio": 1, "researchAndDevelopmentExpenses": 0, "generalAndAdministrativeExpenses": 7298000, "sellingAndMarketingExpenses": 0, "sellingGeneralAndAdministrativeExpenses": 7298000, "otherExpenses": 55409000, "operatingExpenses": 62707000, "costAndExpenses": 62707000, "interestIncome": 0, "interestExpense": 0, "depreciationAndAmortization": 24824000, "ebitda": 62348000, "ebitdaratio": 0.5994077834, "operatingIncome": 41309000, "operatingIncomeRatio": 0.3971408245, "totalOtherIncomeExpensesNet": 3785000, "incomeBeforeTax": 45094000, "incomeBeforeTaxRatio": 0.433529457, "incomeTaxExpense": 25721000, "netIncome": 15588000, "netIncomeRatio": 0.1498615598, "eps": 0.44, "epsdiluted": 0.44, "weightedAverageShsOut": 31466667, "weightedAverageShsOutDil": 31466667, "link": "https://www.sec.gov/Archives/edgar/data/899715/000089971500000004/0000899715-00-000004-index.html", "finalLink": "https://www.sec.gov/Archives/edgar/data/899715/000089971500000004/", "calculatedOtherExpenses": 55409000, "calculatedOperatingExpenses": 62707000, "calculatedNetInterest": 0, "calculatedOtherIncome": 3785000, "calculatedIncomeNonControlling": 3785000, "calculatedEbitda": 66133000}, {"date": "1998-12-31", "symbol": "SKT", "reportedCurrency": "USD", "cik": "0000899715", "fillingDate": "1999-03-30", "acceptedDate": "1999-03-30 00:00:00", "calendarYear": "1998", "period": "FY", "revenue": 97766000, "costOfRevenue": 0, "grossProfit": 97766000, "grossProfitRatio": 1, "researchAndDevelopmentExpenses": 0, "generalAndAdministrativeExpenses": 6669000, "sellingAndMarketingExpenses": 0, "sellingGeneralAndAdministrativeExpenses": 6669000, "otherExpenses": 51260000, "operatingExpenses": 57929000, "costAndExpenses": 57929000, "interestIncome": 0, "interestExpense": 0, "depreciationAndAmortization": 22154000, "ebitda": 63051000, "ebitdaratio": 0.644917456, "operatingIncome": 37137000, "operatingIncomeRatio": 0.3798559827, "totalOtherIncomeExpensesNet": -1060000, "incomeBeforeTax": 36077000, "incomeBeforeTaxRatio": 0.3690137676, "incomeTaxExpense": 28010000, "netIncome": 11827000, "netIncomeRatio": 0.1209725262, "eps": 0.32, "epsdiluted": 0.31, "weightedAverageShsOut": 31514286, "weightedAverageShsOutDil": 32022581, "link": "https://www.sec.gov/Archives/edgar/data/899715/000095016899000948/0000950168-99-000948-index.html", "finalLink": "https://www.sec.gov/Archives/edgar/data/899715/", "calculatedOtherExpenses": 53960000, "calculatedOperatingExpenses": 60629000, "calculatedNetInterest": 0, "calculatedOtherIncome": -1060000, "calculatedIncomeNonControlling": -3760000, "calculatedEbitda": 59291000}, {"date": "1997-12-31", "symbol": "SKT", "reportedCurrency": "USD", "cik": "0000899715", "fillingDate": "1998-03-04", "acceptedDate": "1998-03-04 00:00:00", "calendarYear": "1997", "period": "FY", "revenue": 85271000, "costOfRevenue": 0, "grossProfit": 85271000, "grossProfitRatio": 1, "researchAndDevelopmentExpenses": 0, "generalAndAdministrativeExpenses": 6145000, "sellingAndMarketingExpenses": 0, "sellingGeneralAndAdministrativeExpenses": 6145000, "otherExpenses": 44708000, "operatingExpenses": 50853000, "costAndExpenses": 50853000, "interestIncome": 0, "interestExpense": 0, "depreciationAndAmortization": 18439000, "ebitda": 52857000, "ebitdaratio": 0.619870765, "operatingIncome": 34418000, "operatingIncomeRatio": 0.4036307772, "totalOtherIncomeExpensesNet": 0, "incomeBeforeTax": 0, "incomeBeforeTaxRatio": 0, "incomeTaxExpense": 21591000, "netIncome": 12827000, "netIncomeRatio": 0.150426288, "eps": 0.39, "epsdiluted": 0.39, "weightedAverageShsOut": 32611465, "weightedAverageShsOutDil": 33246753, "link": "https://www.sec.gov/Archives/edgar/data/899715/000095016898000644/0000950168-98-000644-index.html", "finalLink": "https://www.sec.gov/Archives/edgar/data/899715/", "calculatedOtherExpenses": 44708000, "calculatedOperatingExpenses": 50853000, "calculatedNetInterest": 0, "calculatedOtherIncome": -34418000, "calculatedIncomeNonControlling": -34418000, "calculatedEbitda": 52857000}, {"date": "1996-12-31", "symbol": "SKT", "reportedCurrency": "USD", "cik": "0000899715", "fillingDate": "1997-03-19", "acceptedDate": "1997-03-19 00:00:00", "calendarYear": "1996", "period": "FY", "revenue": 75500000, "costOfRevenue": 0, "grossProfit": 75500000, "grossProfitRatio": 1, "researchAndDevelopmentExpenses": 0, "generalAndAdministrativeExpenses": 5467000, "sellingAndMarketingExpenses": 0, "sellingGeneralAndAdministrativeExpenses": 5467000, "otherExpenses": 40017000, "operatingExpenses": 45484000, "costAndExpenses": 45484000, "interestIncome": 0, "interestExpense": 0, "depreciationAndAmortization": 16458000, "ebitda": 46315000, "ebitdaratio": 0.6134437086, "operatingIncome": 30016000, "operatingIncomeRatio": 0.3975629139, "totalOtherIncomeExpensesNet": 159000, "incomeBeforeTax": 30175000, "incomeBeforeTaxRatio": 0.3996688742, "incomeTaxExpense": 18825000, "netIncome": 11191000, "netIncomeRatio": 0.1482251656, "eps": 0.34, "epsdiluted": 0.34, "weightedAverageShsOut": 32674453, "weightedAverageShsOutDil": 32842105, "link": "https://www.sec.gov/Archives/edgar/data/899715/000095016897000629/0000950168-97-000629-index.html", "finalLink": "https://www.sec.gov/Archives/edgar/data/899715/", "calculatedOtherExpenses": 40017000, "calculatedOperatingExpenses": 45484000, "calculatedNetInterest": 0, "calculatedOtherIncome": 159000, "calculatedIncomeNonControlling": 159000, "calculatedEbitda": 46474000}, {"date": "1995-12-31", "symbol": "SKT", "reportedCurrency": "USD", "cik": "0000899715", "fillingDate": "1995-12-31", "acceptedDate": "1995-12-30 19:00:00", "calendarYear": "1995", "period": "FY", "revenue": 68600000, "costOfRevenue": 0, "grossProfit": 68600000, "grossProfitRatio": 1, "researchAndDevelopmentExpenses": 0, "generalAndAdministrativeExpenses": 5100000, "sellingAndMarketingExpenses": 0, "sellingGeneralAndAdministrativeExpenses": 5100000, "otherExpenses": 0, "operatingExpenses": -37800000, "costAndExpenses": -37800000, "interestIncome": 0, "interestExpense": 0, "depreciationAndAmortization": 15300000, "ebitda": 121700000, "ebitdaratio": 1.7740524781, "operatingIncome": 106400000, "operatingIncomeRatio": 1.5510204082, "totalOtherIncomeExpensesNet": 0, "incomeBeforeTax": 0, "incomeBeforeTaxRatio": 0, "incomeTaxExpense": 95200000, "netIncome": 11200000, "netIncomeRatio": 0.1632653061, "eps": 0.34, "epsdiluted": 0.34, "weightedAverageShsOut": 25148000, "weightedAverageShsOutDil": 25148000, "link": "", "finalLink": "", "calculatedOtherExpenses": -42900000, "calculatedOperatingExpenses": -37800000, "calculatedNetInterest": 0, "calculatedOtherIncome": -106400000, "calculatedIncomeNonControlling": -106400000, "calculatedEbitda": 121700000}, {"date": "1994-12-31", "symbol": "SKT", "reportedCurrency": "USD", "cik": "0000899715", "fillingDate": "1994-12-31", "acceptedDate": "1994-12-30 19:00:00", "calendarYear": "1994", "period": "FY", "revenue": 46000000, "costOfRevenue": 0, "grossProfit": 46000000, "grossProfitRatio": 1, "researchAndDevelopmentExpenses": 0, "generalAndAdministrativeExpenses": 4400000, "sellingAndMarketingExpenses": 0, "sellingGeneralAndAdministrativeExpenses": 4400000, "otherExpenses": 0, "operatingExpenses": -24300000, "costAndExpenses": -24300000, "interestIncome": 0, "interestExpense": 0, "depreciationAndAmortization": 8800000, "ebitda": 79100000, "ebitdaratio": 1.7195652174, "operatingIncome": 70300000, "operatingIncomeRatio": 1.5282608696, "totalOtherIncomeExpensesNet": 0, "incomeBeforeTax": 0, "incomeBeforeTaxRatio": 0, "incomeTaxExpense": 59100000, "netIncome": 11200000, "netIncomeRatio": 0.2434782609, "eps": 0.33, "epsdiluted": 0.33, "weightedAverageShsOut": 21972000, "weightedAverageShsOutDil": 21972000, "link": "", "finalLink": "", "calculatedOtherExpenses": -28700000, "calculatedOperatingExpenses": -24300000, "calculatedNetInterest": 0, "calculatedOtherIncome": -70300000, "calculatedIncomeNonControlling": -70300000, "calculatedEbitda": 79100000}, {"date": "1993-12-31", "symbol": "SKT", "reportedCurrency": "USD", "cik": "0000899715", "fillingDate": "1993-12-31", "acceptedDate": "1993-12-30 19:00:00", "calendarYear": "1993", "period": "FY", "revenue": 30300000, "costOfRevenue": 0, "grossProfit": 30300000, "grossProfitRatio": 1, "researchAndDevelopmentExpenses": 0, "generalAndAdministrativeExpenses": 3100000, "sellingAndMarketingExpenses": 0, "sellingGeneralAndAdministrativeExpenses": 3100000, "otherExpenses": 0, "operatingExpenses": -14000000, "costAndExpenses": -14000000, "interestIncome": 0, "interestExpense": 0, "depreciationAndAmortization": 5400000, "ebitda": 48600000, "ebitdaratio": 1.603960396, "operatingIncome": 44300000, "operatingIncomeRatio": 1.4620462046, "totalOtherIncomeExpensesNet": 1100000, "incomeBeforeTax": 45400000, "incomeBeforeTaxRatio": 1.498349835, "incomeTaxExpense": 42400000, "netIncome": 1900000, "netIncomeRatio": 0.0627062706, "eps": 0.0875, "epsdiluted": 0.0875, "weightedAverageShsOut": 21714286, "weightedAverageShsOutDil": 21714286, "link": "", "finalLink": "", "calculatedOtherExpenses": -17100000, "calculatedOperatingExpenses": -14000000, "calculatedNetInterest": 0, "calculatedOtherIncome": 1100000, "calculatedIncomeNonControlling": 1100000, "calculatedEbitda": 49700000}]}