{"originalCurrency": "USD", "convertedCurrency": "USD", "report": [{"date": "2023-12-31", "symbol": "SKX", "reportedCurrency": "USD", "cik": "0001065837", "fillingDate": "2023-12-31", "acceptedDate": "2023-12-29 19:00:00", "calendarYear": "2023", "period": "FY", "revenue": 8000342000, "costOfRevenue": 4029863000, "grossProfit": 3970479000, "grossProfitRatio": 0.4962886587, "researchAndDevelopmentExpenses": 27900000, "generalAndAdministrativeExpenses": 2690728000, "sellingAndMarketingExpenses": 676890000, "sellingGeneralAndAdministrativeExpenses": 3157793000, "otherExpenses": 16086000, "operatingExpenses": 3185693000, "costAndExpenses": 7215556000, "interestIncome": 0, "interestExpense": 22400000, "depreciationAndAmortization": 181925000, "ebitda": 966711000, "ebitdaratio": 0.1208337094, "operatingIncome": 784786000, "operatingIncomeRatio": 0.0980940565, "totalOtherIncomeExpensesNet": 16086000, "incomeBeforeTax": 800872000, "incomeBeforeTaxRatio": 0.1001047205, "incomeTaxExpense": 150949000, "netIncome": 545799000, "netIncomeRatio": 0.0682219585, "eps": 3.53, "epsdiluted": 3.49, "weightedAverageShsOut": 154533000, "weightedAverageShsOutDil": 156256000, "link": null, "finalLink": null, "calculatedOtherExpenses": 0, "calculatedOperatingExpenses": 3185693000, "calculatedNetInterest": -22400000, "calculatedOtherIncome": 38486000, "calculatedIncomeNonControlling": 104124000, "calculatedEbitda": 966711000}, {"date": "2022-12-31", "symbol": "SKX", "reportedCurrency": "USD", "cik": "0001065837", "fillingDate": "2023-02-28", "acceptedDate": "2023-02-28 16:18:37", "calendarYear": "2022", "period": "FY", "revenue": 7444550000, "costOfRevenue": 3929193000, "grossProfit": 3515357000, "grossProfitRatio": 0.4722054389, "researchAndDevelopmentExpenses": 28100000, "generalAndAdministrativeExpenses": 2385061000, "sellingAndMarketingExpenses": 583626000, "sellingGeneralAndAdministrativeExpenses": 2968687000, "otherExpenses": -24413000, "operatingExpenses": 2968687000, "costAndExpenses": 6897880000, "interestIncome": 0, "interestExpense": -73169000, "depreciationAndAmortization": 153716000, "ebitda": 546670000, "ebitdaratio": 0.0734322424, "operatingIncome": 392954000, "operatingIncomeRatio": 0.0527841172, "totalOtherIncomeExpensesNet": 129303000, "incomeBeforeTax": 522257000, "incomeBeforeTaxRatio": 0.0701529307, "incomeTaxExpense": 93095000, "netIncome": 373028000, "netIncomeRatio": 0.0501075283, "eps": 2.4, "epsdiluted": 2.38, "weightedAverageShsOut": 155627000, "weightedAverageShsOutDil": 156608000, "link": "https://www.sec.gov/Archives/edgar/data/1065837/000156459023002740/0001564590-23-002740-index.htm", "finalLink": "https://www.sec.gov/Archives/edgar/data/1065837/000156459023002740/skx-10k_20221231.htm", "calculatedOtherExpenses": 125616000, "calculatedOperatingExpenses": 3122403000, "calculatedNetInterest": 73169000, "calculatedOtherIncome": 56134000, "calculatedIncomeNonControlling": 56134000, "calculatedEbitda": 546670000}, {"date": "2021-12-31", "symbol": "SKX", "reportedCurrency": "USD", "cik": "0001065837", "fillingDate": "2022-02-25", "acceptedDate": "2022-02-25 16:16:44", "calendarYear": "2021", "period": "FY", "revenue": 6285029000, "costOfRevenue": 3185817000, "grossProfit": 3099212000, "grossProfitRatio": 0.4931102148, "researchAndDevelopmentExpenses": 24600000, "generalAndAdministrativeExpenses": 2066585000, "sellingAndMarketingExpenses": 459599000, "sellingGeneralAndAdministrativeExpenses": 2526184000, "otherExpenses": -25159000, "operatingExpenses": 2501025000, "costAndExpenses": 5686842000, "interestIncome": 0, "interestExpense": 14900000, "depreciationAndAmortization": 139577000, "ebitda": 598187000, "ebitdaratio": 0.09517649, "operatingIncome": 458610000, "operatingIncomeRatio": 0.0729686371, "totalOtherIncomeExpensesNet": 111147000, "incomeBeforeTax": 569757000, "incomeBeforeTaxRatio": 0.0906530423, "incomeTaxExpense": -245875000, "netIncome": 741503000, "netIncomeRatio": 0.1179792488, "eps": 4.77, "epsdiluted": 4.73, "weightedAverageShsOut": 155539000, "weightedAverageShsOutDil": 156794000, "link": "https://www.sec.gov/Archives/edgar/data/1065837/000156459022007170/0001564590-22-007170-index.htm", "finalLink": "https://www.sec.gov/Archives/edgar/data/1065837/000156459022007170/skx-10k_20211231.htm", "calculatedOtherExpenses": 89818000, "calculatedOperatingExpenses": 2640602000, "calculatedNetInterest": -14900000, "calculatedOtherIncome": 126047000, "calculatedIncomeNonControlling": 74129000, "calculatedEbitda": 598187000}, {"date": "2020-12-31", "symbol": "SKX", "reportedCurrency": "USD", "cik": "0001065837", "fillingDate": "2021-02-26", "acceptedDate": "2021-02-26 16:20:18", "calendarYear": "2020", "period": "FY", "revenue": 4597414000, "costOfRevenue": 2407633000, "grossProfit": 2189781000, "grossProfitRatio": 0.4763071153, "researchAndDevelopmentExpenses": 17900000, "generalAndAdministrativeExpenses": 1754017000, "sellingAndMarketingExpenses": 318097000, "sellingGeneralAndAdministrativeExpenses": 2072114000, "otherExpenses": -16017000, "operatingExpenses": 2056097000, "costAndExpenses": 4463730000, "interestIncome": 5912000, "interestExpense": 16327000, "depreciationAndAmortization": 142810000, "ebitda": 171056000, "ebitdaratio": 0.0372070038, "operatingIncome": 28246000, "operatingIncomeRatio": 0.0061438887, "totalOtherIncomeExpensesNet": 126483000, "incomeBeforeTax": 154729000, "incomeBeforeTaxRatio": 0.0336556595, "incomeTaxExpense": 8502000, "netIncome": 146227000, "netIncomeRatio": 0.031806359, "eps": 0.95, "epsdiluted": 0.94, "weightedAverageShsOut": 154184000, "weightedAverageShsOutDil": 154894000, "link": "https://www.sec.gov/Archives/edgar/data/1065837/000156459021009442/0001564590-21-009442-index.htm", "finalLink": "https://www.sec.gov/Archives/edgar/data/1065837/000156459021009442/skx-10k_20201231.htm", "calculatedOtherExpenses": 71521000, "calculatedOperatingExpenses": 2161535000, "calculatedNetInterest": -10415000, "calculatedOtherIncome": 136898000, "calculatedIncomeNonControlling": 0, "calculatedEbitda": 171056000}, {"date": "2019-12-31", "symbol": "SKX", "reportedCurrency": "USD", "cik": "0001065837", "fillingDate": "2020-02-28", "acceptedDate": "2020-02-28 14:32:09", "calendarYear": "2019", "period": "FY", "revenue": 5220051000, "costOfRevenue": 2728894000, "grossProfit": 2491157000, "grossProfitRatio": 0.4772284792, "researchAndDevelopmentExpenses": 16800000, "generalAndAdministrativeExpenses": 1625306000, "sellingAndMarketingExpenses": 369901000, "sellingGeneralAndAdministrativeExpenses": 1995207000, "otherExpenses": -22493000, "operatingExpenses": 1972714000, "costAndExpenses": 4701608000, "interestIncome": 11782000, "interestExpense": 7509000, "depreciationAndAmortization": 111515000, "ebitda": 523514000, "ebitdaratio": 0.1002890585, "operatingIncome": 411999000, "operatingIncomeRatio": 0.0789262404, "totalOtherIncomeExpensesNet": 104006000, "incomeBeforeTax": 516005000, "incomeBeforeTaxRatio": 0.0988505668, "incomeTaxExpense": 88753000, "netIncome": 346560000, "netIncomeRatio": 0.066390156, "eps": 2.26, "epsdiluted": 2.25, "weightedAverageShsOut": 153392000, "weightedAverageShsOutDil": 154151000, "link": "https://www.sec.gov/Archives/edgar/data/1065837/000156459020007744/0001564590-20-007744-index.htm", "finalLink": "https://www.sec.gov/Archives/edgar/data/1065837/000156459020007744/skx-10k_20191231.htm", "calculatedOtherExpenses": 67151000, "calculatedOperatingExpenses": 2079158000, "calculatedNetInterest": 4273000, "calculatedOtherIncome": 99733000, "calculatedIncomeNonControlling": 80692000, "calculatedEbitda": 523514000}, {"date": "2018-12-31", "symbol": "SKX", "reportedCurrency": "USD", "cik": "0001065837", "fillingDate": "2019-03-01", "acceptedDate": "2019-03-01 15:02:29", "calendarYear": "2018", "period": "FY", "revenue": 4642068000, "costOfRevenue": 2418463000, "grossProfit": 2223605000, "grossProfitRatio": 0.4790117249, "researchAndDevelopmentExpenses": 0, "generalAndAdministrativeExpenses": 1455987000, "sellingAndMarketingExpenses": 350435000, "sellingGeneralAndAdministrativeExpenses": 1806422000, "otherExpenses": -10162000, "operatingExpenses": 1785840000, "costAndExpenses": 4204303000, "interestIncome": 10128000, "interestExpense": -4281000, "depreciationAndAmortization": 98966000, "ebitda": 427603000, "ebitdaratio": 0.0921147644, "operatingIncome": 437765000, "operatingIncomeRatio": 0.0943038749, "totalOtherIncomeExpensesNet": -10162000, "incomeBeforeTax": 431884000, "incomeBeforeTaxRatio": 0.0930369827, "incomeTaxExpense": 60611000, "netIncome": 301041000, "netIncomeRatio": 0.0648506226, "eps": 1.93, "epsdiluted": 1.92, "weightedAverageShsOut": 155815000, "weightedAverageShsOutDil": 156450000, "link": "https://www.sec.gov/Archives/edgar/data/1065837/000156459019005775/0001564590-19-005775-index.htm", "finalLink": "https://www.sec.gov/Archives/edgar/data/1065837/000156459019005775/skx-10k_20181231.htm", "calculatedOtherExpenses": -20582000, "calculatedOperatingExpenses": 1785840000, "calculatedNetInterest": 14409000, "calculatedOtherIncome": -20290000, "calculatedIncomeNonControlling": 70232000, "calculatedEbitda": 536731000}, {"date": "2017-12-31", "symbol": "SKX", "reportedCurrency": "USD", "cik": "0001065837", "fillingDate": "2018-03-01", "acceptedDate": "2018-03-01 14:02:04", "calendarYear": "2017", "period": "FY", "revenue": 4164160000, "costOfRevenue": 2225271000, "grossProfit": 1938889000, "grossProfitRatio": 0.4656134731, "researchAndDevelopmentExpenses": 0, "generalAndAdministrativeExpenses": 1245474000, "sellingAndMarketingExpenses": 327201000, "sellingGeneralAndAdministrativeExpenses": 1572675000, "otherExpenses": 5637000, "operatingExpenses": 1556009000, "costAndExpenses": 3781280000, "interestIncome": 2420000, "interestExpense": 4257000, "depreciationAndAmortization": 82764000, "ebitda": 388517000, "ebitdaratio": 0.0933002094, "operatingIncome": 382880000, "operatingIncomeRatio": 0.091946515, "totalOtherIncomeExpensesNet": 5637000, "incomeBeforeTax": 384260000, "incomeBeforeTaxRatio": 0.0922779144, "incomeTaxExpense": 149156000, "netIncome": 179190000, "netIncomeRatio": 0.0430314877, "eps": 1.15, "epsdiluted": 1.14, "weightedAverageShsOut": 155651000, "weightedAverageShsOutDil": 156523000, "link": "https://www.sec.gov/Archives/edgar/data/1065837/000156459018004045/0001564590-18-004045-index.htm", "finalLink": "https://www.sec.gov/Archives/edgar/data/1065837/000156459018004045/skx-10k_20171231.htm", "calculatedOtherExpenses": -16666000, "calculatedOperatingExpenses": 1556009000, "calculatedNetInterest": -1837000, "calculatedOtherIncome": 3217000, "calculatedIncomeNonControlling": 55914000, "calculatedEbitda": 465644000}, {"date": "2016-12-31", "symbol": "SKX", "reportedCurrency": "USD", "cik": "0001065837", "fillingDate": "2017-03-01", "acceptedDate": "2017-03-01 13:30:00", "calendarYear": "2016", "period": "FY", "revenue": 3563311000, "costOfRevenue": 1928715000, "grossProfit": 1634596000, "grossProfitRatio": 0.4587295355, "researchAndDevelopmentExpenses": 0, "generalAndAdministrativeExpenses": 1020834000, "sellingAndMarketingExpenses": 257129000, "sellingGeneralAndAdministrativeExpenses": 1277963000, "otherExpenses": -5950000, "operatingExpenses": 1264078000, "costAndExpenses": 3192793000, "interestIncome": 1186000, "interestExpense": 5084000, "depreciationAndAmortization": 66083000, "ebitda": 364568000, "ebitdaratio": 0.1023115861, "operatingIncome": 370518000, "operatingIncomeRatio": 0.1039813814, "totalOtherIncomeExpensesNet": -5950000, "incomeBeforeTax": 359484000, "incomeBeforeTaxRatio": 0.1008848231, "incomeTaxExpense": 74125000, "netIncome": 243493000, "netIncomeRatio": 0.0683333563, "eps": 1.58, "epsdiluted": 1.57, "weightedAverageShsOut": 154169000, "weightedAverageShsOutDil": 155084000, "link": "https://www.sec.gov/Archives/edgar/data/1065837/000156459017003040/0001564590-17-003040-index.htm", "finalLink": "https://www.sec.gov/Archives/edgar/data/1065837/000156459017003040/skx-10k_20161231.htm", "calculatedOtherExpenses": -13885000, "calculatedOperatingExpenses": 1264078000, "calculatedNetInterest": -3898000, "calculatedOtherIncome": -7136000, "calculatedIncomeNonControlling": 41866000, "calculatedEbitda": 436601000}, {"date": "2015-12-31", "symbol": "SKX", "reportedCurrency": "USD", "cik": "0001065837", "fillingDate": "2016-02-26", "acceptedDate": "2016-02-26 13:45:06", "calendarYear": "2015", "period": "FY", "revenue": 3147323000, "costOfRevenue": 1723315000, "grossProfit": 1424008000, "grossProfitRatio": 0.4524505429, "researchAndDevelopmentExpenses": 0, "generalAndAdministrativeExpenses": 849343000, "sellingAndMarketingExpenses": 235586000, "sellingGeneralAndAdministrativeExpenses": 1084929000, "otherExpenses": -7321000, "operatingExpenses": 1073184000, "costAndExpenses": 2796499000, "interestIncome": 722000, "interestExpense": 10006000, "depreciationAndAmortization": 52960000, "ebitda": 343503000, "ebitdaratio": 0.1091413242, "operatingIncome": 350824000, "operatingIncomeRatio": 0.111467428, "totalOtherIncomeExpensesNet": -7321000, "incomeBeforeTax": 333497000, "incomeBeforeTaxRatio": 0.1059621145, "incomeTaxExpense": 72450000, "netIncome": 231912000, "netIncomeRatio": 0.0736854781, "eps": 1.52, "epsdiluted": 1.5, "weightedAverageShsOut": 152847000, "weightedAverageShsOutDil": 154200000, "link": "https://www.sec.gov/Archives/edgar/data/1065837/000156459016013515/0001564590-16-013515-index.htm", "finalLink": "https://www.sec.gov/Archives/edgar/data/1065837/000156459016013515/skx-10k_20151231.htm", "calculatedOtherExpenses": -11745000, "calculatedOperatingExpenses": 1073184000, "calculatedNetInterest": -9284000, "calculatedOtherIncome": -8043000, "calculatedIncomeNonControlling": 29135000, "calculatedEbitda": 403784000}, {"date": "2014-12-31", "symbol": "SKX", "reportedCurrency": "USD", "cik": "0001065837", "fillingDate": "2015-02-27", "acceptedDate": "2015-02-27 13:13:40", "calendarYear": "2014", "period": "FY", "revenue": 2377561000, "costOfRevenue": 1305656000, "grossProfit": 1071905000, "grossProfitRatio": 0.4508422707, "researchAndDevelopmentExpenses": 0, "generalAndAdministrativeExpenses": 690923000, "sellingAndMarketingExpenses": 181018000, "sellingGeneralAndAdministrativeExpenses": 871941000, "otherExpenses": -6062000, "operatingExpenses": 862835000, "costAndExpenses": 2168491000, "interestIncome": 837000, "interestExpense": 11629000, "depreciationAndAmortization": 48304000, "ebitda": 203008000, "ebitdaratio": 0.0853849807, "operatingIncome": 209070000, "operatingIncomeRatio": 0.0879346524, "totalOtherIncomeExpensesNet": -6062000, "incomeBeforeTax": 191379000, "incomeBeforeTaxRatio": 0.0804938338, "incomeTaxExpense": 39184000, "netIncome": 138810000, "netIncomeRatio": 0.0583833601, "eps": 0.91, "epsdiluted": 0.91, "weightedAverageShsOut": 151839000, "weightedAverageShsOutDil": 153078000, "link": "https://www.sec.gov/Archives/edgar/data/1065837/000119312515068511/0001193125-15-068511-index.htm", "finalLink": "https://www.sec.gov/Archives/edgar/data/1065837/000119312515068511/d846076d10k.htm", "calculatedOtherExpenses": -9106000, "calculatedOperatingExpenses": 862835000, "calculatedNetInterest": -10792000, "calculatedOtherIncome": -6899000, "calculatedIncomeNonControlling": 13385000, "calculatedEbitda": 257374000}, {"date": "2013-12-31", "symbol": "SKX", "reportedCurrency": "USD", "cik": "0001065837", "fillingDate": "2014-02-28", "acceptedDate": "2014-02-28 15:33:36", "calendarYear": "2013", "period": "FY", "revenue": 1846361000, "costOfRevenue": 1027569000, "grossProfit": 818792000, "grossProfitRatio": 0.4434625731, "researchAndDevelopmentExpenses": 0, "generalAndAdministrativeExpenses": 577214000, "sellingAndMarketingExpenses": 153491000, "sellingGeneralAndAdministrativeExpenses": 730705000, "otherExpenses": -792000, "operatingExpenses": 722971000, "costAndExpenses": 1750540000, "interestIncome": 841000, "interestExpense": 11049000, "depreciationAndAmortization": 43309000, "ebitda": 95029000, "ebitdaratio": 0.0514682665, "operatingIncome": 93609000, "operatingIncomeRatio": 0.0506991861, "totalOtherIncomeExpensesNet": -2557000, "incomeBeforeTax": 82215000, "incomeBeforeTaxRatio": 0.0445281286, "incomeTaxExpense": 21347000, "netIncome": 54788000, "netIncomeRatio": 0.0296735037, "eps": 0.36, "epsdiluted": 0.36, "weightedAverageShsOut": 151089000, "weightedAverageShsOutDil": 151689000, "link": "https://www.sec.gov/Archives/edgar/data/1065837/000119312514077061/0001193125-14-077061-index.htm", "finalLink": "https://www.sec.gov/Archives/edgar/data/1065837/000119312514077061/d647920d10k.htm", "calculatedOtherExpenses": -5522000, "calculatedOperatingExpenses": 725183000, "calculatedNetInterest": -10208000, "calculatedOtherIncome": -1186000, "calculatedIncomeNonControlling": 6080000, "calculatedEbitda": 136918000}, {"date": "2012-12-31", "symbol": "SKX", "reportedCurrency": "USD", "cik": "0001065837", "fillingDate": "2013-03-01", "acceptedDate": "2013-03-01 16:34:11", "calendarYear": "2012", "period": "FY", "revenue": 1560321000, "costOfRevenue": 876995000, "grossProfit": 683326000, "grossProfitRatio": 0.4379393727, "researchAndDevelopmentExpenses": 0, "generalAndAdministrativeExpenses": 532373000, "sellingAndMarketingExpenses": 134920000, "sellingGeneralAndAdministrativeExpenses": 667293000, "otherExpenses": 1135000, "operatingExpenses": 660189000, "costAndExpenses": 1537184000, "interestIncome": 559000, "interestExpense": 12765000, "depreciationAndAmortization": 42448000, "ebitda": 24272000, "ebitdaratio": 0.0155557735, "operatingIncome": 22319000, "operatingIncomeRatio": 0.0143041079, "totalOtherIncomeExpensesNet": 101000, "incomeBeforeTax": 10473000, "incomeBeforeTaxRatio": 0.0067120804, "incomeTaxExpense": -39000, "netIncome": 9512000, "netIncomeRatio": 0.0060961815, "eps": 0.0633, "epsdiluted": 0.0633, "weightedAverageShsOut": 148485000, "weightedAverageShsOutDil": 149826000, "link": "https://www.sec.gov/Archives/edgar/data/1065837/000119312513087817/0001193125-13-087817-index.htm", "finalLink": "https://www.sec.gov/Archives/edgar/data/1065837/000119312513087817/d456872d10k.htm", "calculatedOtherExpenses": -6286000, "calculatedOperatingExpenses": 661007000, "calculatedNetInterest": -12206000, "calculatedOtherIncome": 360000, "calculatedIncomeNonControlling": 1000000, "calculatedEbitda": 64767000}, {"date": "2011-12-31", "symbol": "SKX", "reportedCurrency": "USD", "cik": "0001065837", "fillingDate": "2012-02-29", "acceptedDate": "2012-02-29 15:29:24", "calendarYear": "2011", "period": "FY", "revenue": 1613574000, "costOfRevenue": 982268000, "grossProfit": 631306000, "grossProfitRatio": 0.3912470082, "researchAndDevelopmentExpenses": 0, "generalAndAdministrativeExpenses": 613099000, "sellingAndMarketingExpenses": 152000000, "sellingGeneralAndAdministrativeExpenses": 765099000, "otherExpenses": 0, "operatingExpenses": 765099000, "costAndExpenses": 1747367000, "interestIncome": 1851000, "interestExpense": 7853000, "depreciationAndAmortization": 35232000, "ebitda": -142541000, "ebitdaratio": -0.0883386817, "operatingIncome": -133793000, "operatingIncomeRatio": -0.0829171764, "totalOtherIncomeExpensesNet": 8748000, "incomeBeforeTax": -131047000, "incomeBeforeTaxRatio": -0.0812153642, "incomeTaxExpense": -63467000, "netIncome": -67484000, "netIncomeRatio": -0.0418226868, "eps": -0.46, "epsdiluted": -0.46, "weightedAverageShsOut": 145473000, "weightedAverageShsOutDil": 145473000, "link": "https://www.sec.gov/Archives/edgar/data/1065837/000119312512088845/0001193125-12-088845-index.htm", "finalLink": "https://www.sec.gov/Archives/edgar/data/1065837/000119312512088845/d255229d10k.htm", "calculatedOtherExpenses": 0, "calculatedOperatingExpenses": 765099000, "calculatedNetInterest": -6002000, "calculatedOtherIncome": 8748000, "calculatedIncomeNonControlling": -96000, "calculatedEbitda": -98561000}, {"date": "2010-12-31", "symbol": "SKX", "reportedCurrency": "USD", "cik": "0001065837", "fillingDate": "2011-03-01", "acceptedDate": "2011-03-01 15:39:27", "calendarYear": "2010", "period": "FY", "revenue": 2011436000, "costOfRevenue": 1094962000, "grossProfit": 916474000, "grossProfitRatio": 0.455631698, "researchAndDevelopmentExpenses": 0, "generalAndAdministrativeExpenses": 532996000, "sellingAndMarketingExpenses": 186738000, "sellingGeneralAndAdministrativeExpenses": 719734000, "otherExpenses": 0, "operatingExpenses": 719734000, "costAndExpenses": 1814696000, "interestIncome": 2802000, "interestExpense": 3022000, "depreciationAndAmortization": 26390000, "ebitda": 196657000, "ebitdaratio": 0.0977694543, "operatingIncome": 196740000, "operatingIncomeRatio": 0.0978107183, "totalOtherIncomeExpensesNet": 83000, "incomeBeforeTax": 196603000, "incomeBeforeTaxRatio": 0.0977426078, "incomeTaxExpense": 60198000, "netIncome": 136148000, "netIncomeRatio": 0.0676869659, "eps": 0.96, "epsdiluted": 0.93, "weightedAverageShsOut": 142299000, "weightedAverageShsOutDil": 147150000, "link": "https://www.sec.gov/Archives/edgar/data/1065837/000095012311020586/0000950123-11-020586-index.htm", "finalLink": "https://www.sec.gov/Archives/edgar/data/1065837/000095012311020586/v58766e10vk.htm", "calculatedOtherExpenses": 0, "calculatedOperatingExpenses": 719734000, "calculatedNetInterest": -220000, "calculatedOtherIncome": 83000, "calculatedIncomeNonControlling": 257000, "calculatedEbitda": 223130000}, {"date": "2009-12-31", "symbol": "SKX", "reportedCurrency": "USD", "cik": "0001065837", "fillingDate": "2010-03-05", "acceptedDate": "2010-03-05 17:17:58", "calendarYear": "2009", "period": "FY", "revenue": 1438095000, "costOfRevenue": 815430000, "grossProfit": 622665000, "grossProfitRatio": 0.4329790452, "researchAndDevelopmentExpenses": 0, "generalAndAdministrativeExpenses": 421094000, "sellingAndMarketingExpenses": 128989000, "sellingGeneralAndAdministrativeExpenses": 550083000, "otherExpenses": 0, "operatingExpenses": 550083000, "costAndExpenses": 1365513000, "interestIncome": 2070000, "interestExpense": 975000, "depreciationAndAmortization": 20629000, "ebitda": 72582000, "ebitdaratio": 0.0504709355, "operatingIncome": 72582000, "operatingIncomeRatio": 0.0504709355, "totalOtherIncomeExpensesNet": -497000, "incomeBeforeTax": 71110000, "incomeBeforeTaxRatio": 0.0494473592, "incomeTaxExpense": 20228000, "netIncome": 54699000, "netIncomeRatio": 0.0380357348, "eps": 0.39, "epsdiluted": 0.39, "weightedAverageShsOut": 139023000, "weightedAverageShsOutDil": 141315000, "link": "https://www.sec.gov/Archives/edgar/data/1065837/000095012310021687/0000950123-10-021687-index.htm", "finalLink": "https://www.sec.gov/Archives/edgar/data/1065837/000095012310021687/v54794e10vk.htm", "calculatedOtherExpenses": 0, "calculatedOperatingExpenses": 550083000, "calculatedNetInterest": 1095000, "calculatedOtherIncome": -2567000, "calculatedIncomeNonControlling": -3817000, "calculatedEbitda": 93211000}, {"date": "2008-12-31", "symbol": "SKX", "reportedCurrency": "USD", "cik": "0001065837", "fillingDate": "2009-03-02", "acceptedDate": "2009-03-02 15:13:49", "calendarYear": "2008", "period": "FY", "revenue": 1440743000, "costOfRevenue": 844821000, "grossProfit": 595922000, "grossProfitRatio": 0.4136213051, "researchAndDevelopmentExpenses": 0, "generalAndAdministrativeExpenses": 540491000, "sellingAndMarketingExpenses": 0, "sellingGeneralAndAdministrativeExpenses": 540491000, "otherExpenses": -2461000, "operatingExpenses": 538030000, "costAndExpenses": 1382851000, "interestIncome": 0, "interestExpense": 0, "depreciationAndAmortization": 17743000, "ebitda": 73054000, "ebitdaratio": 0.0507057817, "operatingIncome": 57892000, "operatingIncomeRatio": 0.040182045, "totalOtherIncomeExpensesNet": 2581000, "incomeBeforeTax": 60743000, "incomeBeforeTaxRatio": 0.042160885, "incomeTaxExpense": 7258000, "netIncome": 55396000, "netIncomeRatio": 0.0384496055, "eps": 0.4, "epsdiluted": 0.4, "weightedAverageShsOut": 138093000, "weightedAverageShsOutDil": 140124000, "link": "https://www.sec.gov/Archives/edgar/data/1065837/000095013409004222/0000950134-09-004222-index.htm", "finalLink": "https://www.sec.gov/Archives/edgar/data/1065837/000095013409004222/v51596e10vk.htm", "calculatedOtherExpenses": -2461000, "calculatedOperatingExpenses": 538030000, "calculatedNetInterest": 0, "calculatedOtherIncome": 2851000, "calculatedIncomeNonControlling": -1911000, "calculatedEbitda": 75635000}, {"date": "2007-12-31", "symbol": "SKX", "reportedCurrency": "USD", "cik": "0001065837", "fillingDate": "2008-02-29", "acceptedDate": "2008-02-29 15:43:40", "calendarYear": "2007", "period": "FY", "revenue": 1394181000, "costOfRevenue": 794192000, "grossProfit": 599989000, "grossProfitRatio": 0.4303523, "researchAndDevelopmentExpenses": 0, "generalAndAdministrativeExpenses": 491238000, "sellingAndMarketingExpenses": 0, "sellingGeneralAndAdministrativeExpenses": 491238000, "otherExpenses": -4179000, "operatingExpenses": 487059000, "costAndExpenses": 1281251000, "interestIncome": 0, "interestExpense": 0, "depreciationAndAmortization": 17752000, "ebitda": 126405000, "ebitdaratio": 0.090666133, "operatingIncome": 112930000, "operatingIncomeRatio": 0.0810009604, "totalOtherIncomeExpensesNet": 4277000, "incomeBeforeTax": 118305000, "incomeBeforeTaxRatio": 0.0848562705, "incomeTaxExpense": 42619000, "netIncome": 75686000, "netIncomeRatio": 0.0542870689, "eps": 0.56, "epsdiluted": 0.54, "weightedAverageShsOut": 135786000, "weightedAverageShsOutDil": 140223000, "link": "https://www.sec.gov/Archives/edgar/data/1065837/000095012408000975/0000950124-08-000975-index.htm", "finalLink": "https://www.sec.gov/Archives/edgar/data/1065837/000095012408000975/v38308e10vk.htm", "calculatedOtherExpenses": -4179000, "calculatedOperatingExpenses": 487059000, "calculatedNetInterest": 0, "calculatedOtherIncome": 5375000, "calculatedIncomeNonControlling": 0, "calculatedEbitda": 130682000}, {"date": "2006-12-31", "symbol": "SKX", "reportedCurrency": "USD", "cik": "0001065837", "fillingDate": "2007-03-16", "acceptedDate": "2007-03-16 13:17:04", "calendarYear": "2006", "period": "FY", "revenue": 1205368000, "costOfRevenue": 682022000, "grossProfit": 523346000, "grossProfitRatio": 0.4341794373, "researchAndDevelopmentExpenses": 0, "generalAndAdministrativeExpenses": 414916000, "sellingAndMarketingExpenses": 0, "sellingGeneralAndAdministrativeExpenses": 414916000, "otherExpenses": -4114000, "operatingExpenses": 410802000, "costAndExpenses": 1092824000, "interestIncome": 0, "interestExpense": 0, "depreciationAndAmortization": 17470000, "ebitda": 124920000, "ebitdaratio": 0.1036363998, "operatingIncome": 112544000, "operatingIncomeRatio": 0.093368996, "totalOtherIncomeExpensesNet": 5094000, "incomeBeforeTax": 112648000, "incomeBeforeTaxRatio": 0.0934552767, "incomeTaxExpense": 41654000, "netIncome": 70994000, "netIncomeRatio": 0.0588981954, "eps": 0.58, "epsdiluted": 0.53, "weightedAverageShsOut": 123237000, "weightedAverageShsOutDil": 138417000, "link": "https://www.sec.gov/Archives/edgar/data/1065837/000095012407001540/0000950124-07-001540-index.htm", "finalLink": "https://www.sec.gov/Archives/edgar/data/1065837/000095012407001540/v28136e10vk.htm", "calculatedOtherExpenses": -4114000, "calculatedOperatingExpenses": 410802000, "calculatedNetInterest": 0, "calculatedOtherIncome": 104000, "calculatedIncomeNonControlling": 0, "calculatedEbitda": 130014000}, {"date": "2005-12-31", "symbol": "SKX", "reportedCurrency": "USD", "cik": "0001065837", "fillingDate": "2006-03-16", "acceptedDate": "2006-03-16 13:07:25", "calendarYear": "2005", "period": "FY", "revenue": 1006477000, "costOfRevenue": 585995000, "grossProfit": 420482000, "grossProfitRatio": 0.4177760644, "researchAndDevelopmentExpenses": 0, "generalAndAdministrativeExpenses": 350814000, "sellingAndMarketingExpenses": 79673000, "sellingGeneralAndAdministrativeExpenses": 350814000, "otherExpenses": -6628000, "operatingExpenses": 344186000, "costAndExpenses": 930181000, "interestIncome": 0, "interestExpense": 7973000, "depreciationAndAmortization": 23358000, "ebitda": 91739000, "ebitdaratio": 0.0911486303, "operatingIncome": 76296000, "operatingIncomeRatio": 0.0758050109, "totalOtherIncomeExpensesNet": 7915000, "incomeBeforeTax": 72797000, "incomeBeforeTaxRatio": 0.0723285281, "incomeTaxExpense": 28080000, "netIncome": 44717000, "netIncomeRatio": 0.0444292319, "eps": 0.38, "epsdiluted": 0.35, "weightedAverageShsOut": 119058000, "weightedAverageShsOutDil": 133554000, "link": "https://www.sec.gov/Archives/edgar/data/1065837/000095012906002711/0000950129-06-002711-index.htm", "finalLink": "https://www.sec.gov/Archives/edgar/data/1065837/000095012906002711/v11837e10vk.htm", "calculatedOtherExpenses": -6628000, "calculatedOperatingExpenses": 344186000, "calculatedNetInterest": -7973000, "calculatedOtherIncome": 4474000, "calculatedIncomeNonControlling": 0, "calculatedEbitda": 99654000}, {"date": "2004-12-31", "symbol": "SKX", "reportedCurrency": "USD", "cik": "0001065837", "fillingDate": "2005-03-16", "acceptedDate": "2005-03-16 13:44:28", "calendarYear": "2004", "period": "FY", "revenue": 920322000, "costOfRevenue": 548119000, "grossProfit": 372203000, "grossProfitRatio": 0.4044269288, "researchAndDevelopmentExpenses": 0, "generalAndAdministrativeExpenses": 328672000, "sellingAndMarketingExpenses": 79673000, "sellingGeneralAndAdministrativeExpenses": 328672000, "otherExpenses": -5714000, "operatingExpenses": 322958000, "costAndExpenses": 871077000, "interestIncome": 0, "interestExpense": 7973000, "depreciationAndAmortization": 21778000, "ebitda": 67861000, "ebitdaratio": 0.0737361489, "operatingIncome": 49245000, "operatingIncomeRatio": 0.053508446, "totalOtherIncomeExpensesNet": 3162000, "incomeBeforeTax": 38720000, "incomeBeforeTaxRatio": 0.0420722312, "incomeTaxExpense": 15167000, "netIncome": 23553000, "netIncomeRatio": 0.0255921297, "eps": 0.2, "epsdiluted": 0.2, "weightedAverageShsOut": 115914000, "weightedAverageShsOutDil": 119400000, "link": "https://www.sec.gov/Archives/edgar/data/1065837/000095012905002481/0000950129-05-002481-index.htm", "finalLink": "https://www.sec.gov/Archives/edgar/data/1065837/000095012905002481/v06548e10vk.htm", "calculatedOtherExpenses": -5714000, "calculatedOperatingExpenses": 322958000, "calculatedNetInterest": -7973000, "calculatedOtherIncome": -2552000, "calculatedIncomeNonControlling": 0, "calculatedEbitda": 71023000}, {"date": "2003-12-31", "symbol": "SKX", "reportedCurrency": "USD", "cik": "0001065837", "fillingDate": "2004-03-15", "acceptedDate": "2004-03-15 08:35:00", "calendarYear": "2003", "period": "FY", "revenue": 834976000, "costOfRevenue": 517290000, "grossProfit": 317686000, "grossProfitRatio": 0.3804732112, "researchAndDevelopmentExpenses": 0, "generalAndAdministrativeExpenses": 323203000, "sellingAndMarketingExpenses": 77451000, "sellingGeneralAndAdministrativeExpenses": 323203000, "otherExpenses": -4170000, "operatingExpenses": 319033000, "costAndExpenses": 836323000, "interestIncome": 0, "interestExpense": 9230000, "depreciationAndAmortization": 22363000, "ebitda": 17033000, "ebitdaratio": 0.0203993887, "operatingIncome": -1347000, "operatingIncomeRatio": -0.00161322, "totalOtherIncomeExpensesNet": 3983000, "incomeBeforeTax": -10373000, "incomeBeforeTaxRatio": -0.0124231116, "incomeTaxExpense": 1494000, "netIncome": -11867000, "netIncomeRatio": -0.0142123845, "eps": -0.1, "epsdiluted": -0.1, "weightedAverageShsOut": 113520000, "weightedAverageShsOutDil": 113520000, "link": "https://www.sec.gov/Archives/edgar/data/1065837/000095014804000577/0000950148-04-000577-index.htm", "finalLink": "https://www.sec.gov/Archives/edgar/data/1065837/000095014804000577/v96376e10vk.htm", "calculatedOtherExpenses": -4170000, "calculatedOperatingExpenses": 319033000, "calculatedNetInterest": -9230000, "calculatedOtherIncome": 204000, "calculatedIncomeNonControlling": 0, "calculatedEbitda": 21016000}, {"date": "2002-12-31", "symbol": "SKX", "reportedCurrency": "USD", "cik": "0001065837", "fillingDate": "2003-03-31", "acceptedDate": "2003-03-31 17:02:24", "calendarYear": "2002", "period": "FY", "revenue": 943582000, "costOfRevenue": 556909000, "grossProfit": 386673000, "grossProfitRatio": 0.4097926836, "researchAndDevelopmentExpenses": 0, "generalAndAdministrativeExpenses": 305026000, "sellingAndMarketingExpenses": 57332000, "sellingGeneralAndAdministrativeExpenses": 305026000, "otherExpenses": -1145000, "operatingExpenses": 303881000, "costAndExpenses": 860790000, "interestIncome": 0, "interestExpense": 6554000, "depreciationAndAmortization": 18070000, "ebitda": 98241000, "ebitdaratio": 0.1041149577, "operatingIncome": 82792000, "operatingIncomeRatio": 0.0877422418, "totalOtherIncomeExpensesNet": 2621000, "incomeBeforeTax": 75341000, "incomeBeforeTaxRatio": 0.0798457368, "incomeTaxExpense": 28305000, "netIncome": 47036000, "netIncomeRatio": 0.0498483439, "eps": 0.42, "epsdiluted": 0.4, "weightedAverageShsOut": 111825000, "weightedAverageShsOutDil": 122562000, "link": "https://www.sec.gov/Archives/edgar/data/1065837/000095014803000702/0000950148-03-000702-index.htm", "finalLink": "https://www.sec.gov/Archives/edgar/data/1065837/000095014803000702/v88731e10vk.htm", "calculatedOtherExpenses": -1145000, "calculatedOperatingExpenses": 303881000, "calculatedNetInterest": -6554000, "calculatedOtherIncome": -897000, "calculatedIncomeNonControlling": 0, "calculatedEbitda": 100862000}, {"date": "2001-12-31", "symbol": "SKX", "reportedCurrency": "USD", "cik": "0001065837", "fillingDate": "2002-04-01", "acceptedDate": "2002-04-01 00:00:00", "calendarYear": "2001", "period": "FY", "revenue": 960385000, "costOfRevenue": 554205000, "grossProfit": 406180000, "grossProfitRatio": 0.4229345523, "researchAndDevelopmentExpenses": 0, "generalAndAdministrativeExpenses": 317390000, "sellingAndMarketingExpenses": 0, "sellingGeneralAndAdministrativeExpenses": 317390000, "otherExpenses": 303000, "operatingExpenses": 317693000, "costAndExpenses": 871898000, "interestIncome": 0, "interestExpense": 0, "depreciationAndAmortization": 15303000, "ebitda": 102773000, "ebitdaratio": 0.1070122919, "operatingIncome": 88487000, "operatingIncomeRatio": 0.0921370076, "totalOtherIncomeExpensesNet": 1017000, "incomeBeforeTax": 75955000, "incomeBeforeTaxRatio": 0.0790880741, "incomeTaxExpense": 28685000, "netIncome": 47270000, "netIncomeRatio": 0.0492198441, "eps": 0.43, "epsdiluted": 0.41, "weightedAverageShsOut": 109227000, "weightedAverageShsOutDil": 114177000, "link": "https://www.sec.gov/Archives/edgar/data/1065837/000095014802000847/0000950148-02-000847-index.htm", "finalLink": "https://www.sec.gov/Archives/edgar/data/1065837/000095014802000847/v80061e10-k405.txt", "calculatedOtherExpenses": 303000, "calculatedOperatingExpenses": 317693000, "calculatedNetInterest": 0, "calculatedOtherIncome": -12532000, "calculatedIncomeNonControlling": 0, "calculatedEbitda": 103790000}, {"date": "2000-12-31", "symbol": "SKX", "reportedCurrency": "USD", "cik": "0001065837", "fillingDate": "2001-04-02", "acceptedDate": "2001-04-02 00:00:00", "calendarYear": "2000", "period": "FY", "revenue": 675036000, "costOfRevenue": 384813000, "grossProfit": 290223000, "grossProfitRatio": 0.42993707, "researchAndDevelopmentExpenses": 0, "generalAndAdministrativeExpenses": 203278000, "sellingAndMarketingExpenses": 0, "sellingGeneralAndAdministrativeExpenses": 203278000, "otherExpenses": 5998000, "operatingExpenses": 209276000, "costAndExpenses": 594089000, "interestIncome": 0, "interestExpense": 0, "depreciationAndAmortization": 5998000, "ebitda": 86311000, "ebitdaratio": 0.1278613289, "operatingIncome": 80947000, "operatingIncomeRatio": 0.119915086, "totalOtherIncomeExpensesNet": 634000, "incomeBeforeTax": 72351000, "incomeBeforeTaxRatio": 0.1071809503, "incomeTaxExpense": 28600000, "netIncome": 43751000, "netIncomeRatio": 0.0648128396, "eps": 0.41, "epsdiluted": 0.4, "weightedAverageShsOut": 105426000, "weightedAverageShsOutDil": 109689000, "link": "https://www.sec.gov/Archives/edgar/data/1065837/000095014801000517/0000950148-01-000517-index.htm", "finalLink": "https://www.sec.gov/Archives/edgar/data/1065837/000095014801000517/v70157e10-k405.txt", "calculatedOtherExpenses": 5998000, "calculatedOperatingExpenses": 209276000, "calculatedNetInterest": 0, "calculatedOtherIncome": -8596000, "calculatedIncomeNonControlling": 0, "calculatedEbitda": 86945000}, {"date": "1999-12-31", "symbol": "SKX", "reportedCurrency": "USD", "cik": "0001065837", "fillingDate": "2000-03-30", "acceptedDate": "2000-03-30 00:00:00", "calendarYear": "1999", "period": "FY", "revenue": 424600000, "costOfRevenue": 246100000, "grossProfit": 178500000, "grossProfitRatio": 0.4203956665, "researchAndDevelopmentExpenses": 0, "generalAndAdministrativeExpenses": 136400000, "sellingAndMarketingExpenses": 0, "sellingGeneralAndAdministrativeExpenses": 136400000, "otherExpenses": 3900000, "operatingExpenses": 140300000, "costAndExpenses": 386400000, "interestIncome": 0, "interestExpense": 0, "depreciationAndAmortization": 3900000, "ebitda": 41000000, "ebitdaratio": 0.0965614696, "operatingIncome": 38200000, "operatingIncomeRatio": 0.0899670278, "totalOtherIncomeExpensesNet": 1100000, "incomeBeforeTax": 32700000, "incomeBeforeTaxRatio": 0.0770136599, "incomeTaxExpense": 12900000, "netIncome": 19800000, "netIncomeRatio": 0.0466321244, "eps": 0.21, "epsdiluted": 0.2, "weightedAverageShsOut": 95806452, "weightedAverageShsOutDil": 99000000, "link": "https://www.sec.gov/Archives/edgar/data/1065837/000095014800000574/0000950148-00-000574-index.html", "finalLink": "https://www.sec.gov/Archives/edgar/data/1065837/000095014800000574/", "calculatedOtherExpenses": 3900000, "calculatedOperatingExpenses": 140300000, "calculatedNetInterest": 0, "calculatedOtherIncome": -5500000, "calculatedIncomeNonControlling": 0, "calculatedEbitda": 42100000}, {"date": "1998-12-31", "symbol": "SKX", "reportedCurrency": "USD", "cik": "0001065837", "fillingDate": "1998-12-31", "acceptedDate": "1998-12-30 19:00:00", "calendarYear": "1998", "period": "FY", "revenue": 372700000, "costOfRevenue": 215100000, "grossProfit": 157600000, "grossProfitRatio": 0.4228602093, "researchAndDevelopmentExpenses": 0, "generalAndAdministrativeExpenses": 0, "sellingAndMarketingExpenses": 0, "sellingGeneralAndAdministrativeExpenses": 121400000, "otherExpenses": 124400000, "operatingExpenses": 124400000, "costAndExpenses": 339500000, "interestIncome": 0, "interestExpense": 0, "depreciationAndAmortization": 3000000, "ebitda": 35600000, "ebitdaratio": 0.0955191843, "operatingIncome": 33200000, "operatingIncomeRatio": 0.0890796888, "totalOtherIncomeExpensesNet": 600000, "incomeBeforeTax": 25100000, "incomeBeforeTaxRatio": 0.0673463912, "incomeTaxExpense": 700000, "netIncome": 24400000, "netIncomeRatio": 0.065468205, "eps": 0.18, "epsdiluted": 0.16, "weightedAverageShsOut": 83442000, "weightedAverageShsOutDil": 91830000, "link": "", "finalLink": "", "calculatedOtherExpenses": 3000000, "calculatedOperatingExpenses": 124400000, "calculatedNetInterest": 0, "calculatedOtherIncome": -8100000, "calculatedIncomeNonControlling": 0, "calculatedEbitda": 36200000}]}