{"originalCurrency": "USD", "convertedCurrency": "USD", "report": [{"date": "2023-04-01", "symbol": "SKY", "reportedCurrency": "USD", "cik": "0000090896", "fillingDate": "2023-05-30", "acceptedDate": "2023-05-30 16:17:08", "calendarYear": "2022", "period": "FY", "revenue": 2606560000, "costOfRevenue": 1787879000, "grossProfit": 818681000, "grossProfitRatio": 0.3140848475, "researchAndDevelopmentExpenses": 0, "generalAndAdministrativeExpenses": 296796000, "sellingAndMarketingExpenses": 3600000, "sellingGeneralAndAdministrativeExpenses": 300396000, "otherExpenses": 634000, "operatingExpenses": 300396000, "costAndExpenses": 2088275000, "interestIncome": 18253000, "interestExpense": 3276000, "depreciationAndAmortization": 26726000, "ebitda": 545011000, "ebitdaratio": 0.20909206, "operatingIncome": 518285000, "operatingIncomeRatio": 0.1988386993, "totalOtherIncomeExpensesNet": 15611000, "incomeBeforeTax": 533896000, "incomeBeforeTaxRatio": 0.204827819, "incomeTaxExpense": 132094000, "netIncome": 401802000, "netIncomeRatio": 0.1541502977, "eps": 7.05, "epsdiluted": 7, "weightedAverageShsOut": 56987000, "weightedAverageShsOutDil": 57395000, "link": "https://www.sec.gov/Archives/edgar/data/90896/000095017023024856/0000950170-23-024856-index.htm", "finalLink": "https://www.sec.gov/Archives/edgar/data/90896/000095017023024856/sky-20230401.htm", "calculatedOtherExpenses": 0, "calculatedOperatingExpenses": 300396000, "calculatedNetInterest": 14977000, "calculatedOtherIncome": 634000, "calculatedIncomeNonControlling": 0, "calculatedEbitda": 545011000}, {"date": "2022-04-02", "symbol": "SKY", "reportedCurrency": "USD", "cik": "0000090896", "fillingDate": "2022-05-24", "acceptedDate": "2022-05-24 16:25:30", "calendarYear": "2021", "period": "FY", "revenue": 2207229000, "costOfRevenue": 1618106000, "grossProfit": 589123000, "grossProfitRatio": 0.2669061525, "researchAndDevelopmentExpenses": 0, "generalAndAdministrativeExpenses": 254418000, "sellingAndMarketingExpenses": 1800000, "sellingGeneralAndAdministrativeExpenses": 256218000, "otherExpenses": 36000, "operatingExpenses": 256218000, "costAndExpenses": 1874324000, "interestIncome": 733000, "interestExpense": 2512000, "depreciationAndAmortization": 20972000, "ebitda": 353877000, "ebitdaratio": 0.160326364, "operatingIncome": 332905000, "operatingIncomeRatio": 0.1508248578, "totalOtherIncomeExpensesNet": -2476000, "incomeBeforeTax": 330429000, "incomeBeforeTaxRatio": 0.1497030893, "incomeTaxExpense": 82385000, "netIncome": 248044000, "netIncomeRatio": 0.1123780088, "eps": 4.37, "epsdiluted": 4.33, "weightedAverageShsOut": 56816000, "weightedAverageShsOutDil": 57306000, "link": "https://www.sec.gov/Archives/edgar/data/90896/000095017022010576/0000950170-22-010576-index.htm", "finalLink": "https://www.sec.gov/Archives/edgar/data/90896/000095017022010576/sky-20220402.htm", "calculatedOtherExpenses": 0, "calculatedOperatingExpenses": 256218000, "calculatedNetInterest": -1779000, "calculatedOtherIncome": -697000, "calculatedIncomeNonControlling": 0, "calculatedEbitda": 353877000}, {"date": "2021-04-03", "symbol": "SKY", "reportedCurrency": "USD", "cik": "0000090896", "fillingDate": "2021-05-26", "acceptedDate": "2021-05-26 16:01:52", "calendarYear": "2020", "period": "FY", "revenue": 1420881000, "costOfRevenue": 1133186000, "grossProfit": 287695000, "grossProfitRatio": 0.2024764917, "researchAndDevelopmentExpenses": 0, "generalAndAdministrativeExpenses": 177236000, "sellingAndMarketingExpenses": 1700000, "sellingGeneralAndAdministrativeExpenses": 178936000, "otherExpenses": 5889000, "operatingExpenses": 178936000, "costAndExpenses": 1312122000, "interestIncome": 565000, "interestExpense": 3248000, "depreciationAndAmortization": 23593000, "ebitda": 132352000, "ebitdaratio": 0.0931478428, "operatingIncome": 108759000, "operatingIncomeRatio": 0.0765433558, "totalOtherIncomeExpensesNet": 2641000, "incomeBeforeTax": 111400000, "incomeBeforeTaxRatio": 0.0784020618, "incomeTaxExpense": 26501000, "netIncome": 84899000, "netIncomeRatio": 0.0597509573, "eps": 1.5, "epsdiluted": 1.49, "weightedAverageShsOut": 56648000, "weightedAverageShsOutDil": 56973000, "link": "https://www.sec.gov/Archives/edgar/data/90896/000156459021030013/0001564590-21-030013-index.htm", "finalLink": "https://www.sec.gov/Archives/edgar/data/90896/000156459021030013/sky-10k_20210403.htm", "calculatedOtherExpenses": 0, "calculatedOperatingExpenses": 178936000, "calculatedNetInterest": -2683000, "calculatedOtherIncome": 5324000, "calculatedIncomeNonControlling": 0, "calculatedEbitda": 132352000}, {"date": "2020-03-28", "symbol": "SKY", "reportedCurrency": "USD", "cik": "0000090896", "fillingDate": "2020-05-21", "acceptedDate": "2020-05-21 16:44:31", "calendarYear": "2019", "period": "FY", "revenue": 1369730000, "costOfRevenue": 1090755000, "grossProfit": 278975000, "grossProfitRatio": 0.2036715265, "researchAndDevelopmentExpenses": 0, "generalAndAdministrativeExpenses": 190220000, "sellingAndMarketingExpenses": 2300000, "sellingGeneralAndAdministrativeExpenses": 192520000, "otherExpenses": 0, "operatingExpenses": 192520000, "costAndExpenses": 1283275000, "interestIncome": 3231000, "interestExpense": 1401000, "depreciationAndAmortization": 18546000, "ebitda": 105001000, "ebitdaratio": 0.0766581735, "operatingIncome": 86455000, "operatingIncomeRatio": 0.0631182788, "totalOtherIncomeExpensesNet": -1401000, "incomeBeforeTax": 85054000, "incomeBeforeTaxRatio": 0.0620954495, "incomeTaxExpense": 26894000, "netIncome": 58160000, "netIncomeRatio": 0.042460923, "eps": 1.03, "epsdiluted": 1.02, "weightedAverageShsOut": 56516000, "weightedAverageShsOutDil": 56762000, "link": "https://www.sec.gov/Archives/edgar/data/90896/000156459020026572/0001564590-20-026572-index.htm", "finalLink": "https://www.sec.gov/Archives/edgar/data/90896/000156459020026572/sky-10k_20200328.htm", "calculatedOtherExpenses": 0, "calculatedOperatingExpenses": 192520000, "calculatedNetInterest": 1830000, "calculatedOtherIncome": -3231000, "calculatedIncomeNonControlling": 0, "calculatedEbitda": 105001000}, {"date": "2019-03-30", "symbol": "SKY", "reportedCurrency": "USD", "cik": "0000090896", "fillingDate": "2019-05-23", "acceptedDate": "2019-05-23 16:02:37", "calendarYear": "2018", "period": "FY", "revenue": 1360043000, "costOfRevenue": 1114684000, "grossProfit": 245359000, "grossProfitRatio": 0.1804053254, "researchAndDevelopmentExpenses": 0, "generalAndAdministrativeExpenses": 270158000, "sellingAndMarketingExpenses": 4943000, "sellingGeneralAndAdministrativeExpenses": 275101000, "otherExpenses": -8271000, "operatingExpenses": 275101000, "costAndExpenses": 1389785000, "interestIncome": 2043000, "interestExpense": 3290000, "depreciationAndAmortization": 16079000, "ebitda": -21934000, "ebitdaratio": -0.0161274313, "operatingIncome": 29742000, "operatingIncomeRatio": 0.0218684262, "totalOtherIncomeExpensesNet": -8271000, "incomeBeforeTax": -41303000, "incomeBeforeTaxRatio": -0.0303688927, "incomeTaxExpense": 16905000, "netIncome": -58208000, "netIncomeRatio": -0.0427986468, "eps": -1.09, "epsdiluted": -1.09, "weightedAverageShsOut": 53401834, "weightedAverageShsOutDil": 53491000, "link": "https://www.sec.gov/Archives/edgar/data/90896/000156459019020324/0001564590-19-020324-index.htm", "finalLink": "https://www.sec.gov/Archives/edgar/data/90896/000156459019020324/sky-10k_20190330.htm", "calculatedOtherExpenses": -59484000, "calculatedOperatingExpenses": 215617000, "calculatedNetInterest": -1247000, "calculatedOtherIncome": -69798000, "calculatedIncomeNonControlling": 0, "calculatedEbitda": 45821000}, {"date": "2018-03-31", "symbol": "SKY", "reportedCurrency": "USD", "cik": "0000090896", "fillingDate": "2018-03-31", "acceptedDate": "2018-03-31 00:00:00", "calendarYear": "2017", "period": "FY", "revenue": 1064722000, "costOfRevenue": 887611000, "grossProfit": 177111000, "grossProfitRatio": 0.1663448299, "researchAndDevelopmentExpenses": 0, "generalAndAdministrativeExpenses": 121522000, "sellingAndMarketingExpenses": 1000000, "sellingGeneralAndAdministrativeExpenses": 122522000, "otherExpenses": -7288000, "operatingExpenses": 122522000, "costAndExpenses": 1010133000, "interestIncome": 948000, "interestExpense": 4185000, "depreciationAndAmortization": 8260000, "ebitda": 47301000, "ebitdaratio": 0.0444256811, "operatingIncome": 54589000, "operatingIncomeRatio": 0.0512706603, "totalOtherIncomeExpensesNet": -7288000, "incomeBeforeTax": 43116000, "incomeBeforeTaxRatio": 0.0404950776, "incomeTaxExpense": 27316000, "netIncome": 15800000, "netIncomeRatio": 0.0148395544, "eps": 0.36, "epsdiluted": 0.36, "weightedAverageShsOut": 44491000, "weightedAverageShsOutDil": 44491000, "link": null, "finalLink": null, "calculatedOtherExpenses": 0, "calculatedOperatingExpenses": 122522000, "calculatedNetInterest": -3237000, "calculatedOtherIncome": -8236000, "calculatedIncomeNonControlling": 0, "calculatedEbitda": 62849000}, {"date": "2017-05-31", "symbol": "SKY", "reportedCurrency": "USD", "cik": "0000090896", "fillingDate": "2017-08-11", "acceptedDate": "2017-08-11 16:55:03", "calendarYear": "2016", "period": "FY", "revenue": 861319000, "costOfRevenue": 717364000, "grossProfit": 143955000, "grossProfitRatio": 0.1671331992, "researchAndDevelopmentExpenses": 0, "generalAndAdministrativeExpenses": 104175000, "sellingAndMarketingExpenses": 1000000, "sellingGeneralAndAdministrativeExpenses": 105175000, "otherExpenses": -2380000, "operatingExpenses": 105617000, "costAndExpenses": 822981000, "interestIncome": 382000, "interestExpense": 4646000, "depreciationAndAmortization": 7245000, "ebitda": 43585000, "ebitdaratio": 0.0506026223, "operatingIncome": 34650000, "operatingIncomeRatio": 0.0402289976, "totalOtherIncomeExpensesNet": -6068000, "incomeBeforeTax": 28006000, "incomeBeforeTaxRatio": 0.032515247, "incomeTaxExpense": -23321000, "netIncome": 51910000, "netIncomeRatio": 0.0602680308, "eps": 1.17, "epsdiluted": 1.17, "weightedAverageShsOut": 44489000, "weightedAverageShsOutDil": 44489000, "link": "https://www.sec.gov/Archives/edgar/data/90896/000119312517256047/0001193125-17-256047-index.htm", "finalLink": "https://www.sec.gov/Archives/edgar/data/90896/000119312517256047/d393467d10k.htm", "calculatedOtherExpenses": 4130000, "calculatedOperatingExpenses": 109305000, "calculatedNetInterest": -4264000, "calculatedOtherIncome": -2380000, "calculatedIncomeNonControlling": -583000, "calculatedEbitda": 41895000}, {"date": "2016-05-31", "symbol": "SKY", "reportedCurrency": "USD", "cik": "0000090896", "fillingDate": "2016-08-05", "acceptedDate": "2016-08-05 16:56:56", "calendarYear": "2015", "period": "FY", "revenue": 211774000, "costOfRevenue": 188461000, "grossProfit": 23313000, "grossProfitRatio": 0.1100843352, "researchAndDevelopmentExpenses": 0, "generalAndAdministrativeExpenses": 20420000, "sellingAndMarketingExpenses": 700000, "sellingGeneralAndAdministrativeExpenses": 21120000, "otherExpenses": 0, "operatingExpenses": 21120000, "costAndExpenses": 209581000, "interestIncome": 0, "interestExpense": 320000, "depreciationAndAmortization": 1057000, "ebitda": 3250000, "ebitdaratio": 0.0153465487, "operatingIncome": 2193000, "operatingIncomeRatio": 0.0103553788, "totalOtherIncomeExpensesNet": -320000, "incomeBeforeTax": 1873000, "incomeBeforeTaxRatio": 0.0088443341, "incomeTaxExpense": 2640000, "netIncome": 1678000, "netIncomeRatio": 0.0079235411, "eps": 0.2, "epsdiluted": 0.2, "weightedAverageShsOut": 8391244, "weightedAverageShsOutDil": 8391244, "link": "https://www.sec.gov/Archives/edgar/data/90896/000119312516673582/0001193125-16-673582-index.htm", "finalLink": "https://www.sec.gov/Archives/edgar/data/90896/000119312516673582/d212209d10k.htm", "calculatedOtherExpenses": 0, "calculatedOperatingExpenses": 21120000, "calculatedNetInterest": -320000, "calculatedOtherIncome": 0, "calculatedIncomeNonControlling": -2445000, "calculatedEbitda": 3250000}, {"date": "2015-05-31", "symbol": "SKY", "reportedCurrency": "USD", "cik": "0000090896", "fillingDate": "2015-08-26", "acceptedDate": "2015-08-26 16:57:54", "calendarYear": "2014", "period": "FY", "revenue": 186985000, "costOfRevenue": 169891000, "grossProfit": 17094000, "grossProfitRatio": 0.0914190978, "researchAndDevelopmentExpenses": 0, "generalAndAdministrativeExpenses": 20394000, "sellingAndMarketingExpenses": 800000, "sellingGeneralAndAdministrativeExpenses": 21194000, "otherExpenses": 0, "operatingExpenses": 21194000, "costAndExpenses": 191085000, "interestIncome": 50000, "interestExpense": 381000, "depreciationAndAmortization": 1320000, "ebitda": 186985000, "ebitdaratio": 1, "operatingIncome": -3857000, "operatingIncomeRatio": -0.020627323, "totalOtherIncomeExpensesNet": 243000, "incomeBeforeTax": -4188000, "incomeBeforeTaxRatio": -0.0223975185, "incomeTaxExpense": 196322000, "netIncome": -10414000, "netIncomeRatio": -0.055694307, "eps": -1.24, "epsdiluted": -1.24, "weightedAverageShsOut": 8391244, "weightedAverageShsOutDil": 8391244, "link": "https://www.sec.gov/Archives/edgar/data/90896/000119312515303378/0001193125-15-303378-index.htm", "finalLink": "https://www.sec.gov/Archives/edgar/data/90896/000119312515303378/d20910d10k.htm", "calculatedOtherExpenses": -243000, "calculatedOperatingExpenses": 20951000, "calculatedNetInterest": -331000, "calculatedOtherIncome": 0, "calculatedIncomeNonControlling": -190096000, "calculatedEbitda": -2537000}, {"date": "2014-05-31", "symbol": "SKY", "reportedCurrency": "USD", "cik": "0000090896", "fillingDate": "2014-08-22", "acceptedDate": "2014-08-22 16:59:56", "calendarYear": "2013", "period": "FY", "revenue": 191730000, "costOfRevenue": 181443000, "grossProfit": 10287000, "grossProfitRatio": 0.0536535753, "researchAndDevelopmentExpenses": 0, "generalAndAdministrativeExpenses": 0, "sellingAndMarketingExpenses": 0, "sellingGeneralAndAdministrativeExpenses": 22886000, "otherExpenses": 0, "operatingExpenses": 22886000, "costAndExpenses": 204329000, "interestIncome": 100000, "interestExpense": 71000, "depreciationAndAmortization": 1716000, "ebitda": -10783000, "ebitdaratio": -0.0562405466, "operatingIncome": -11893000, "operatingIncomeRatio": -0.0620299379, "totalOtherIncomeExpensesNet": 706000, "incomeBeforeTax": -11864000, "incomeBeforeTaxRatio": -0.0618786836, "incomeTaxExpense": 71000, "netIncome": -11864000, "netIncomeRatio": -0.0618786836, "eps": -1.41, "epsdiluted": -1.41, "weightedAverageShsOut": 8391244, "weightedAverageShsOutDil": 8391244, "link": "https://www.sec.gov/Archives/edgar/data/90896/000119312514318814/0001193125-14-318814-index.htm", "finalLink": "https://www.sec.gov/Archives/edgar/data/90896/000119312514318814/d739695d10k.htm", "calculatedOtherExpenses": -706000, "calculatedOperatingExpenses": 22180000, "calculatedNetInterest": 29000, "calculatedOtherIncome": 0, "calculatedIncomeNonControlling": -71000, "calculatedEbitda": -10177000}, {"date": "2013-05-31", "symbol": "SKY", "reportedCurrency": "USD", "cik": "0000090896", "fillingDate": "2013-07-26", "acceptedDate": "2013-07-26 17:05:55", "calendarYear": "2012", "period": "FY", "revenue": 177574000, "costOfRevenue": 166111000, "grossProfit": 11463000, "grossProfitRatio": 0.0645533693, "researchAndDevelopmentExpenses": 0, "generalAndAdministrativeExpenses": 0, "sellingAndMarketingExpenses": 0, "sellingGeneralAndAdministrativeExpenses": 23681000, "otherExpenses": 0, "operatingExpenses": 23681000, "costAndExpenses": 189792000, "interestIncome": 64000, "interestExpense": 0, "depreciationAndAmortization": 2002000, "ebitda": -11857000, "ebitdaratio": -0.0667721626, "operatingIncome": -10577000, "operatingIncomeRatio": -0.0595639001, "totalOtherIncomeExpensesNet": 1641000, "incomeBeforeTax": -10513000, "incomeBeforeTaxRatio": -0.059203487, "incomeTaxExpense": -1705000, "netIncome": -10513000, "netIncomeRatio": -0.059203487, "eps": -1.25, "epsdiluted": -1.25, "weightedAverageShsOut": 8391244, "weightedAverageShsOutDil": 8391244, "link": "https://www.sec.gov/Archives/edgar/data/90896/000119312513304925/0001193125-13-304925-index.htm", "finalLink": "https://www.sec.gov/Archives/edgar/data/90896/000119312513304925/d549537d10k.htm", "calculatedOtherExpenses": -1641000, "calculatedOperatingExpenses": 22040000, "calculatedNetInterest": 64000, "calculatedOtherIncome": 0, "calculatedIncomeNonControlling": 1705000, "calculatedEbitda": -8575000}, {"date": "2012-05-31", "symbol": "SKY", "reportedCurrency": "USD", "cik": "0000090896", "fillingDate": "2012-07-27", "acceptedDate": "2012-07-27 17:02:11", "calendarYear": "2011", "period": "FY", "revenue": 182846000, "costOfRevenue": 177962000, "grossProfit": 4884000, "grossProfitRatio": 0.0267110027, "researchAndDevelopmentExpenses": 0, "generalAndAdministrativeExpenses": 0, "sellingAndMarketingExpenses": 0, "sellingGeneralAndAdministrativeExpenses": 27450000, "otherExpenses": 0, "operatingExpenses": 27450000, "costAndExpenses": 205412000, "interestIncome": 17000, "interestExpense": 0, "depreciationAndAmortization": 2359000, "ebitda": -23391000, "ebitdaratio": -0.1279273268, "operatingIncome": -19382000, "operatingIncomeRatio": -0.106001772, "totalOtherIncomeExpensesNet": 3184000, "incomeBeforeTax": -19365000, "incomeBeforeTaxRatio": -0.1059087976, "incomeTaxExpense": -3201000, "netIncome": -19365000, "netIncomeRatio": -0.1059087976, "eps": -2.31, "epsdiluted": -2.31, "weightedAverageShsOut": 8391244, "weightedAverageShsOutDil": 8391244, "link": "https://www.sec.gov/Archives/edgar/data/90896/000119312512319737/0001193125-12-319737-index.htm", "finalLink": "https://www.sec.gov/Archives/edgar/data/90896/000119312512319737/d375507d10k.htm", "calculatedOtherExpenses": -3184000, "calculatedOperatingExpenses": 24266000, "calculatedNetInterest": 17000, "calculatedOtherIncome": 0, "calculatedIncomeNonControlling": 3201000, "calculatedEbitda": -17023000}, {"date": "2011-05-31", "symbol": "SKY", "reportedCurrency": "USD", "cik": "0000090896", "fillingDate": "2011-07-29", "acceptedDate": "2011-07-29 16:59:30", "calendarYear": "2010", "period": "FY", "revenue": 162327000, "costOfRevenue": 160525000, "grossProfit": 1802000, "grossProfitRatio": 0.0111010491, "researchAndDevelopmentExpenses": 0, "generalAndAdministrativeExpenses": 0, "sellingAndMarketingExpenses": 0, "sellingGeneralAndAdministrativeExpenses": 28490000, "otherExpenses": 0, "operatingExpenses": 28490000, "costAndExpenses": 189015000, "interestIncome": 61000, "interestExpense": 0, "depreciationAndAmortization": 2683000, "ebitda": -24005000, "ebitdaratio": -0.1478805128, "operatingIncome": -26688000, "operatingIncomeRatio": -0.1644088784, "totalOtherIncomeExpensesNet": 61000, "incomeBeforeTax": -26627000, "incomeBeforeTaxRatio": -0.1640330937, "incomeTaxExpense": 0, "netIncome": -26627000, "netIncomeRatio": -0.1640330937, "eps": -3.17, "epsdiluted": -3.17, "weightedAverageShsOut": 8391244, "weightedAverageShsOutDil": 8391244, "link": "https://www.sec.gov/Archives/edgar/data/90896/000095012311070440/0000950123-11-070440-index.htm", "finalLink": "https://www.sec.gov/Archives/edgar/data/90896/000095012311070440/c65112e10vk.htm", "calculatedOtherExpenses": 0, "calculatedOperatingExpenses": 28490000, "calculatedNetInterest": 61000, "calculatedOtherIncome": 0, "calculatedIncomeNonControlling": 0, "calculatedEbitda": -24005000}, {"date": "2010-05-31", "symbol": "SKY", "reportedCurrency": "USD", "cik": "0000090896", "fillingDate": "2010-08-06", "acceptedDate": "2010-08-06 17:01:53", "calendarYear": "2009", "period": "FY", "revenue": 136230000, "costOfRevenue": 131400000, "grossProfit": 4830000, "grossProfitRatio": 0.0354547457, "researchAndDevelopmentExpenses": 0, "generalAndAdministrativeExpenses": 0, "sellingAndMarketingExpenses": 0, "sellingGeneralAndAdministrativeExpenses": 26200000, "otherExpenses": 0, "operatingExpenses": 24244000, "costAndExpenses": 155644000, "interestIncome": 63000, "interestExpense": 0, "depreciationAndAmortization": 2189000, "ebitda": -17225000, "ebitdaratio": -0.1264405784, "operatingIncome": -19414000, "operatingIncomeRatio": -0.1425089921, "totalOtherIncomeExpensesNet": 63000, "incomeBeforeTax": -19351000, "incomeBeforeTaxRatio": -0.1420465389, "incomeTaxExpense": 9642000, "netIncome": -28993000, "netIncomeRatio": -0.2128239008, "eps": -3.46, "epsdiluted": -3.46, "weightedAverageShsOut": 8391244, "weightedAverageShsOutDil": 8391244, "link": "https://www.sec.gov/Archives/edgar/data/90896/000095012310074402/0000950123-10-074402-index.htm", "finalLink": "https://www.sec.gov/Archives/edgar/data/90896/000095012310074402/c59244e10vk.htm", "calculatedOtherExpenses": -1956000, "calculatedOperatingExpenses": 24244000, "calculatedNetInterest": 63000, "calculatedOtherIncome": 0, "calculatedIncomeNonControlling": 0, "calculatedEbitda": -17225000}, {"date": "2009-05-31", "symbol": "SKY", "reportedCurrency": "USD", "cik": "0000090896", "fillingDate": "2009-07-31", "acceptedDate": "2009-07-31 17:07:03", "calendarYear": "2008", "period": "FY", "revenue": 166676000, "costOfRevenue": 165622000, "grossProfit": 1054000, "grossProfitRatio": 0.0063236459, "researchAndDevelopmentExpenses": 0, "generalAndAdministrativeExpenses": 0, "sellingAndMarketingExpenses": 0, "sellingGeneralAndAdministrativeExpenses": 30735000, "otherExpenses": 0, "operatingExpenses": 34511000, "costAndExpenses": 200133000, "interestIncome": 911000, "interestExpense": 0, "depreciationAndAmortization": 2704000, "ebitda": 166676000, "ebitdaratio": 1, "operatingIncome": -25905000, "operatingIncomeRatio": -0.1554212964, "totalOtherIncomeExpensesNet": 911000, "incomeBeforeTax": -24994000, "incomeBeforeTaxRatio": -0.1499556025, "incomeTaxExpense": -9560000, "netIncome": -15434000, "netIncomeRatio": -0.0925988145, "eps": -1.84, "epsdiluted": -1.84, "weightedAverageShsOut": 8391244, "weightedAverageShsOutDil": 8391244, "link": "https://www.sec.gov/Archives/edgar/data/90896/000095012309028438/0000950123-09-028438-index.htm", "finalLink": "https://www.sec.gov/Archives/edgar/data/90896/000095012309028438/c52163e10vk.htm", "calculatedOtherExpenses": -3776000, "calculatedOperatingExpenses": 26959000, "calculatedNetInterest": 911000, "calculatedOtherIncome": 0, "calculatedIncomeNonControlling": 0, "calculatedEbitda": -23201000}, {"date": "2008-05-31", "symbol": "SKY", "reportedCurrency": "USD", "cik": "0000090896", "fillingDate": "2008-08-01", "acceptedDate": "2008-08-01 17:10:57", "calendarYear": "2007", "period": "FY", "revenue": 301765000, "costOfRevenue": 278956000, "grossProfit": 22809000, "grossProfitRatio": 0.0755853064, "researchAndDevelopmentExpenses": 0, "generalAndAdministrativeExpenses": 0, "sellingAndMarketingExpenses": 0, "sellingGeneralAndAdministrativeExpenses": 36770000, "otherExpenses": 0, "operatingExpenses": 36770000, "costAndExpenses": 315726000, "interestIncome": 0, "interestExpense": 0, "depreciationAndAmortization": 3181000, "ebitda": -11450000, "ebitdaratio": -0.0379434328, "operatingIncome": -13961000, "operatingIncomeRatio": -0.0462644773, "totalOtherIncomeExpensesNet": 670000, "incomeBeforeTax": -9138000, "incomeBeforeTaxRatio": -0.0302818418, "incomeTaxExpense": -3582000, "netIncome": -5556000, "netIncomeRatio": -0.018411678, "eps": -0.66, "epsdiluted": -0.66, "weightedAverageShsOut": 8391244, "weightedAverageShsOutDil": 8391244, "link": "https://www.sec.gov/Archives/edgar/data/90896/000095013708010051/0000950137-08-010051-index.htm", "finalLink": "https://www.sec.gov/Archives/edgar/data/90896/000095013708010051/c29615e10vk.htm", "calculatedOtherExpenses": 0, "calculatedOperatingExpenses": 36770000, "calculatedNetInterest": 0, "calculatedOtherIncome": 4823000, "calculatedIncomeNonControlling": 0, "calculatedEbitda": -10780000}, {"date": "2007-05-31", "symbol": "SKY", "reportedCurrency": "USD", "cik": "0000090896", "fillingDate": "2007-08-03", "acceptedDate": "2007-08-03 17:12:33", "calendarYear": "2006", "period": "FY", "revenue": 365473000, "costOfRevenue": 327514000, "grossProfit": 37959000, "grossProfitRatio": 0.1038626656, "researchAndDevelopmentExpenses": 0, "generalAndAdministrativeExpenses": 0, "sellingAndMarketingExpenses": 0, "sellingGeneralAndAdministrativeExpenses": 40372000, "otherExpenses": 0, "operatingExpenses": 40372000, "costAndExpenses": 367886000, "interestIncome": 0, "interestExpense": 0, "depreciationAndAmortization": 3148000, "ebitda": 735000, "ebitdaratio": 0.0020110925, "operatingIncome": -2413000, "operatingIncomeRatio": -0.0066024029, "totalOtherIncomeExpensesNet": 5812000, "incomeBeforeTax": 3399000, "incomeBeforeTaxRatio": 0.0093002766, "incomeTaxExpense": 806000, "netIncome": 2593000, "netIncomeRatio": 0.0070949154, "eps": 0.31, "epsdiluted": 0.31, "weightedAverageShsOut": 8391244, "weightedAverageShsOutDil": 8391244, "link": "https://www.sec.gov/Archives/edgar/data/90896/000095013707011289/0000950137-07-011289-index.htm", "finalLink": "https://www.sec.gov/Archives/edgar/data/90896/000095013707011289/c17062e10vk.htm", "calculatedOtherExpenses": 0, "calculatedOperatingExpenses": 40372000, "calculatedNetInterest": 0, "calculatedOtherIncome": 5812000, "calculatedIncomeNonControlling": 0, "calculatedEbitda": 735000}, {"date": "2006-05-31", "symbol": "SKY", "reportedCurrency": "USD", "cik": "0000090896", "fillingDate": "2006-08-04", "acceptedDate": "2006-08-04 16:29:06", "calendarYear": "2005", "period": "FY", "revenue": 508543000, "costOfRevenue": 444686000, "grossProfit": 63857000, "grossProfitRatio": 0.125568536, "researchAndDevelopmentExpenses": 0, "generalAndAdministrativeExpenses": 0, "sellingAndMarketingExpenses": 0, "sellingGeneralAndAdministrativeExpenses": 45943000, "otherExpenses": 0, "operatingExpenses": 45943000, "costAndExpenses": 490629000, "interestIncome": 0, "interestExpense": 0, "depreciationAndAmortization": 3154000, "ebitda": 20604000, "ebitdaratio": 0.0405157479, "operatingIncome": 17914000, "operatingIncomeRatio": 0.0352261264, "totalOtherIncomeExpensesNet": 464000, "incomeBeforeTax": 23315000, "incomeBeforeTaxRatio": 0.0458466639, "incomeTaxExpense": 9023000, "netIncome": 14292000, "netIncomeRatio": 0.0281038182, "eps": 1.7, "epsdiluted": 1.7, "weightedAverageShsOut": 8391244, "weightedAverageShsOutDil": 8391244, "link": "https://www.sec.gov/Archives/edgar/data/90896/000095013706008690/0000950137-06-008690-index.htm", "finalLink": "https://www.sec.gov/Archives/edgar/data/90896/000095013706008690/c05835e10vk.htm", "calculatedOtherExpenses": 0, "calculatedOperatingExpenses": 45943000, "calculatedNetInterest": 0, "calculatedOtherIncome": 5401000, "calculatedIncomeNonControlling": 0, "calculatedEbitda": 21068000}, {"date": "2005-05-31", "symbol": "SKY", "reportedCurrency": "USD", "cik": "0000090896", "fillingDate": "2005-07-29", "acceptedDate": "2005-07-29 17:00:08", "calendarYear": "2004", "period": "FY", "revenue": 454324000, "costOfRevenue": 404728000, "grossProfit": 49596000, "grossProfitRatio": 0.1091643849, "researchAndDevelopmentExpenses": 0, "generalAndAdministrativeExpenses": 0, "sellingAndMarketingExpenses": 0, "sellingGeneralAndAdministrativeExpenses": 43408000, "otherExpenses": 0, "operatingExpenses": 43408000, "costAndExpenses": 448136000, "interestIncome": 0, "interestExpense": 0, "depreciationAndAmortization": 3389000, "ebitda": 9577000, "ebitdaratio": 0.02107967, "operatingIncome": 6188000, "operatingIncomeRatio": 0.0136202358, "totalOtherIncomeExpensesNet": 2474000, "incomeBeforeTax": 8662000, "incomeBeforeTaxRatio": 0.0190656888, "incomeTaxExpense": 3210000, "netIncome": 5452000, "netIncomeRatio": 0.0120002465, "eps": 0.65, "epsdiluted": 0.65, "weightedAverageShsOut": 8391244, "weightedAverageShsOutDil": 8391244, "link": "https://www.sec.gov/Archives/edgar/data/90896/000095013705009303/0000950137-05-009303-index.htm", "finalLink": "https://www.sec.gov/Archives/edgar/data/90896/000095013705009303/c96346e10vk.htm", "calculatedOtherExpenses": 0, "calculatedOperatingExpenses": 43408000, "calculatedNetInterest": 0, "calculatedOtherIncome": 2474000, "calculatedIncomeNonControlling": 0, "calculatedEbitda": 9577000}, {"date": "2004-05-31", "symbol": "SKY", "reportedCurrency": "USD", "cik": "0000090896", "fillingDate": "2004-07-29", "acceptedDate": "2004-07-29 09:00:06", "calendarYear": "2003", "period": "FY", "revenue": 432381000, "costOfRevenue": 377807000, "grossProfit": 54574000, "grossProfitRatio": 0.126217387, "researchAndDevelopmentExpenses": 0, "generalAndAdministrativeExpenses": 0, "sellingAndMarketingExpenses": 0, "sellingGeneralAndAdministrativeExpenses": 45715000, "otherExpenses": 0, "operatingExpenses": 45715000, "costAndExpenses": 423522000, "interestIncome": 0, "interestExpense": 0, "depreciationAndAmortization": 3450000, "ebitda": 12309000, "ebitdaratio": 0.0284679484, "operatingIncome": 8859000, "operatingIncomeRatio": 0.0204888744, "totalOtherIncomeExpensesNet": 1247000, "incomeBeforeTax": 10106000, "incomeBeforeTaxRatio": 0.0233729049, "incomeTaxExpense": 3965000, "netIncome": 6141000, "netIncomeRatio": 0.0142027517, "eps": 0.73, "epsdiluted": 0.73, "weightedAverageShsOut": 8391244, "weightedAverageShsOutDil": 8391244, "link": "https://www.sec.gov/Archives/edgar/data/90896/000095013704005951/0000950137-04-005951-index.htm", "finalLink": "https://www.sec.gov/Archives/edgar/data/90896/000095013704005951/c86899e10vk.htm", "calculatedOtherExpenses": 0, "calculatedOperatingExpenses": 45715000, "calculatedNetInterest": 0, "calculatedOtherIncome": 1247000, "calculatedIncomeNonControlling": 0, "calculatedEbitda": 12309000}, {"date": "2003-05-31", "symbol": "SKY", "reportedCurrency": "USD", "cik": "0000090896", "fillingDate": "2003-07-30", "acceptedDate": "2003-07-30 16:37:00", "calendarYear": "2002", "period": "FY", "revenue": 419817000, "costOfRevenue": 366633000, "grossProfit": 53184000, "grossProfitRatio": 0.1266837694, "researchAndDevelopmentExpenses": 0, "generalAndAdministrativeExpenses": 0, "sellingAndMarketingExpenses": 0, "sellingGeneralAndAdministrativeExpenses": 44843000, "otherExpenses": 0, "operatingExpenses": 44843000, "costAndExpenses": 411476000, "interestIncome": 0, "interestExpense": 0, "depreciationAndAmortization": 3785000, "ebitda": 12126000, "ebitdaratio": 0.0288840137, "operatingIncome": 8341000, "operatingIncomeRatio": 0.0198681807, "totalOtherIncomeExpensesNet": 1995000, "incomeBeforeTax": 10336000, "incomeBeforeTaxRatio": 0.0246202512, "incomeTaxExpense": 4143000, "netIncome": 6193000, "netIncomeRatio": 0.0147516656, "eps": 0.74, "epsdiluted": 0.74, "weightedAverageShsOut": 8391244, "weightedAverageShsOutDil": 8391244, "link": "https://www.sec.gov/Archives/edgar/data/90896/000095013703004040/0000950137-03-004040-index.htm", "finalLink": "https://www.sec.gov/Archives/edgar/data/90896/000095013703004040/c78215e10vk.htm", "calculatedOtherExpenses": 0, "calculatedOperatingExpenses": 44843000, "calculatedNetInterest": 0, "calculatedOtherIncome": 1995000, "calculatedIncomeNonControlling": 0, "calculatedEbitda": 12126000}, {"date": "2002-05-31", "symbol": "SKY", "reportedCurrency": "USD", "cik": "0000090896", "fillingDate": "2002-07-30", "acceptedDate": "2002-07-30 11:39:48", "calendarYear": "2001", "period": "FY", "revenue": 450722000, "costOfRevenue": 387050000, "grossProfit": 63672000, "grossProfitRatio": 0.1412666788, "researchAndDevelopmentExpenses": 0, "generalAndAdministrativeExpenses": 0, "sellingAndMarketingExpenses": 0, "sellingGeneralAndAdministrativeExpenses": 47545000, "otherExpenses": 0, "operatingExpenses": 47545000, "costAndExpenses": 434595000, "interestIncome": 0, "interestExpense": 0, "depreciationAndAmortization": 3890000, "ebitda": 20017000, "ebitdaratio": 0.0444109673, "operatingIncome": 16127000, "operatingIncomeRatio": 0.0357803702, "totalOtherIncomeExpensesNet": 4102000, "incomeBeforeTax": 20229000, "incomeBeforeTaxRatio": 0.0448813237, "incomeTaxExpense": 7975000, "netIncome": 12254000, "netIncomeRatio": 0.0271874903, "eps": 1.46, "epsdiluted": 1.46, "weightedAverageShsOut": 8391244, "weightedAverageShsOutDil": 8391244, "link": "https://www.sec.gov/Archives/edgar/data/90896/000009089602000010/0000090896-02-000010-index.htm", "finalLink": "https://www.sec.gov/Archives/edgar/data/90896/000009089602000010/tenk02.txt", "calculatedOtherExpenses": 0, "calculatedOperatingExpenses": 47545000, "calculatedNetInterest": 0, "calculatedOtherIncome": 4102000, "calculatedIncomeNonControlling": 0, "calculatedEbitda": 20017000}, {"date": "2001-05-31", "symbol": "SKY", "reportedCurrency": "USD", "cik": "0000090896", "fillingDate": "2001-08-03", "acceptedDate": "2001-08-03 00:00:00", "calendarYear": "2000", "period": "FY", "revenue": 463824000, "costOfRevenue": 403622000, "grossProfit": 60202000, "grossProfitRatio": 0.1297949222, "researchAndDevelopmentExpenses": 0, "generalAndAdministrativeExpenses": 0, "sellingAndMarketingExpenses": 0, "sellingGeneralAndAdministrativeExpenses": 50055000, "otherExpenses": 0, "operatingExpenses": 50055000, "costAndExpenses": 453677000, "interestIncome": 0, "interestExpense": 0, "depreciationAndAmortization": 3985000, "ebitda": 13466000, "ebitdaratio": 0.0290325641, "operatingIncome": 10147000, "operatingIncomeRatio": 0.0218768326, "totalOtherIncomeExpensesNet": 666000, "incomeBeforeTax": 18530000, "incomeBeforeTaxRatio": 0.0399504985, "incomeTaxExpense": 7360000, "netIncome": 11170000, "netIncomeRatio": 0.0240824106, "eps": 1.32, "epsdiluted": 1.32, "weightedAverageShsOut": 8468321, "weightedAverageShsOutDil": 8468321, "link": "https://www.sec.gov/Archives/edgar/data/90896/000009089601500011/0000090896-01-500011-index.htm", "finalLink": "https://www.sec.gov/Archives/edgar/data/90896/000009089601500011/fiscal01_10k.txt", "calculatedOtherExpenses": 0, "calculatedOperatingExpenses": 50055000, "calculatedNetInterest": 0, "calculatedOtherIncome": 8383000, "calculatedIncomeNonControlling": 0, "calculatedEbitda": 14132000}, {"date": "2000-05-31", "symbol": "SKY", "reportedCurrency": "USD", "cik": "0000090896", "fillingDate": "2000-08-04", "acceptedDate": "2000-08-04 00:00:00", "calendarYear": "1999", "period": "FY", "revenue": 589242000, "costOfRevenue": 485502000, "grossProfit": 103740000, "grossProfitRatio": 0.1760566966, "researchAndDevelopmentExpenses": 0, "generalAndAdministrativeExpenses": 0, "sellingAndMarketingExpenses": 0, "sellingGeneralAndAdministrativeExpenses": 81144000, "otherExpenses": 0, "operatingExpenses": 85227000, "costAndExpenses": 570729000, "interestIncome": 0, "interestExpense": 0, "depreciationAndAmortization": 4083000, "ebitda": 22596000, "ebitdaratio": 0.038347572, "operatingIncome": 18513000, "operatingIncomeRatio": 0.0314183307, "totalOtherIncomeExpensesNet": 6572000, "incomeBeforeTax": 25085000, "incomeBeforeTaxRatio": 0.0425716429, "incomeTaxExpense": 10057000, "netIncome": 15028000, "netIncomeRatio": 0.0255039525, "eps": 1.7, "epsdiluted": 1.7, "weightedAverageShsOut": 8858628, "weightedAverageShsOutDil": 9074074, "link": "https://www.sec.gov/Archives/edgar/data/90896/000009089600000010/0000090896-00-000010-index.htm", "finalLink": "https://www.sec.gov/Archives/edgar/data/90896/000009089600000010/0000090896-00-000010-0001.txt", "calculatedOtherExpenses": 4083000, "calculatedOperatingExpenses": 85227000, "calculatedNetInterest": 0, "calculatedOtherIncome": 6572000, "calculatedIncomeNonControlling": 0, "calculatedEbitda": 22596000}, {"date": "1999-05-31", "symbol": "SKY", "reportedCurrency": "USD", "cik": "0000090896", "fillingDate": "1999-08-06", "acceptedDate": "1999-08-06 00:00:00", "calendarYear": "1998", "period": "FY", "revenue": 664800000, "costOfRevenue": 536800000, "grossProfit": 128000000, "grossProfitRatio": 0.1925391095, "researchAndDevelopmentExpenses": 0, "generalAndAdministrativeExpenses": 0, "sellingAndMarketingExpenses": 0, "sellingGeneralAndAdministrativeExpenses": 87800000, "otherExpenses": 0, "operatingExpenses": 91600000, "costAndExpenses": 628400000, "interestIncome": 0, "interestExpense": 0, "depreciationAndAmortization": 3800000, "ebitda": 33900000, "ebitdaratio": 0.0509927798, "operatingIncome": 36400000, "operatingIncomeRatio": 0.0547533093, "totalOtherIncomeExpensesNet": 6300000, "incomeBeforeTax": 42600000, "incomeBeforeTaxRatio": 0.0640794224, "incomeTaxExpense": 17000000, "netIncome": 25600000, "netIncomeRatio": 0.0385078219, "eps": 2.8, "epsdiluted": 2.8, "weightedAverageShsOut": 9136116, "weightedAverageShsOutDil": 9170984, "link": "https://www.sec.gov/Archives/edgar/data/90896/000009089699000012/0000090896-99-000012-index.htm", "finalLink": "https://www.sec.gov/Archives/edgar/data/90896/000009089699000012/", "calculatedOtherExpenses": 3800000, "calculatedOperatingExpenses": 91600000, "calculatedNetInterest": 0, "calculatedOtherIncome": 6200000, "calculatedIncomeNonControlling": 0, "calculatedEbitda": 40200000}, {"date": "1998-05-31", "symbol": "SKY", "reportedCurrency": "USD", "cik": "0000090896", "fillingDate": "1998-08-07", "acceptedDate": "1998-08-07 00:00:00", "calendarYear": "1997", "period": "FY", "revenue": 623400000, "costOfRevenue": 509900000, "grossProfit": 113500000, "grossProfitRatio": 0.1820660892, "researchAndDevelopmentExpenses": 0, "generalAndAdministrativeExpenses": 0, "sellingAndMarketingExpenses": 0, "sellingGeneralAndAdministrativeExpenses": 82500000, "otherExpenses": 0, "operatingExpenses": 86200000, "costAndExpenses": 596100000, "interestIncome": 0, "interestExpense": 0, "depreciationAndAmortization": 3700000, "ebitda": 25000000, "ebitdaratio": 0.0401026628, "operatingIncome": 27300000, "operatingIncomeRatio": 0.0437921078, "totalOtherIncomeExpensesNet": 6000000, "incomeBeforeTax": 33300000, "incomeBeforeTaxRatio": 0.0534167469, "incomeTaxExpense": 13400000, "netIncome": 19900000, "netIncomeRatio": 0.0319217196, "eps": 2.1, "epsdiluted": 2.1, "weightedAverageShsOut": 9511023, "weightedAverageShsOutDil": 9558824, "link": "https://www.sec.gov/Archives/edgar/data/90896/000009089698000013/0000090896-98-000013-index.htm", "finalLink": "https://www.sec.gov/Archives/edgar/data/90896/", "calculatedOtherExpenses": 3700000, "calculatedOperatingExpenses": 86200000, "calculatedNetInterest": 0, "calculatedOtherIncome": 6000000, "calculatedIncomeNonControlling": 0, "calculatedEbitda": 31000000}, {"date": "1997-05-31", "symbol": "SKY", "reportedCurrency": "USD", "cik": "0000090896", "fillingDate": "1997-08-08", "acceptedDate": "1997-08-08 00:00:00", "calendarYear": "1996", "period": "FY", "revenue": 613200000, "costOfRevenue": 503300000, "grossProfit": 109900000, "grossProfitRatio": 0.1792237443, "researchAndDevelopmentExpenses": 0, "generalAndAdministrativeExpenses": 0, "sellingAndMarketingExpenses": 0, "sellingGeneralAndAdministrativeExpenses": 79000000, "otherExpenses": 0, "operatingExpenses": 82700000, "costAndExpenses": 586000000, "interestIncome": 0, "interestExpense": 0, "depreciationAndAmortization": 3700000, "ebitda": 23300000, "ebitdaratio": 0.0379973907, "operatingIncome": 27200000, "operatingIncomeRatio": 0.044357469, "totalOtherIncomeExpensesNet": 7600000, "incomeBeforeTax": 34700000, "incomeBeforeTaxRatio": 0.0565883888, "incomeTaxExpense": 13900000, "netIncome": 20800000, "netIncomeRatio": 0.0339204175, "eps": 2.07, "epsdiluted": 2.07, "weightedAverageShsOut": 10070383, "weightedAverageShsOutDil": 10281690, "link": "https://www.sec.gov/Archives/edgar/data/90896/000009089697000020/0000090896-97-000020-index.htm", "finalLink": "https://www.sec.gov/Archives/edgar/data/90896/", "calculatedOtherExpenses": 3700000, "calculatedOperatingExpenses": 82700000, "calculatedNetInterest": 0, "calculatedOtherIncome": 7500000, "calculatedIncomeNonControlling": 0, "calculatedEbitda": 30900000}, {"date": "1996-05-31", "symbol": "SKY", "reportedCurrency": "USD", "cik": "0000090896", "fillingDate": "1996-08-01", "acceptedDate": "1996-08-01 00:00:00", "calendarYear": "1995", "period": "FY", "revenue": 646000000, "costOfRevenue": 530200000, "grossProfit": 115800000, "grossProfitRatio": 0.1792569659, "researchAndDevelopmentExpenses": 0, "generalAndAdministrativeExpenses": 0, "sellingAndMarketingExpenses": 0, "sellingGeneralAndAdministrativeExpenses": 84700000, "otherExpenses": 0, "operatingExpenses": 88200000, "costAndExpenses": 618400000, "interestIncome": 0, "interestExpense": 0, "depreciationAndAmortization": 3500000, "ebitda": 25700000, "ebitdaratio": 0.0397832817, "operatingIncome": 27600000, "operatingIncomeRatio": 0.0427244582, "totalOtherIncomeExpensesNet": 5400000, "incomeBeforeTax": 33000000, "incomeBeforeTaxRatio": 0.0510835913, "incomeTaxExpense": 13300000, "netIncome": 19700000, "netIncomeRatio": 0.030495356, "eps": 1.84, "epsdiluted": 1.84, "weightedAverageShsOut": 10710511, "weightedAverageShsOutDil": 10800000, "link": "https://www.sec.gov/Archives/edgar/data/90896/000009089696000015/0000090896-96-000015-index.html", "finalLink": "https://www.sec.gov/Archives/edgar/data/90896/", "calculatedOtherExpenses": 3500000, "calculatedOperatingExpenses": 88200000, "calculatedNetInterest": 0, "calculatedOtherIncome": 5400000, "calculatedIncomeNonControlling": 0, "calculatedEbitda": 31100000}, {"date": "1995-05-31", "symbol": "SKY", "reportedCurrency": "USD", "cik": "0000090896", "fillingDate": "1995-08-01", "acceptedDate": "1995-08-01 00:00:00", "calendarYear": "1994", "period": "FY", "revenue": 642100000, "costOfRevenue": 536600000, "grossProfit": 105500000, "grossProfitRatio": 0.1643046254, "researchAndDevelopmentExpenses": 0, "generalAndAdministrativeExpenses": 0, "sellingAndMarketingExpenses": 0, "sellingGeneralAndAdministrativeExpenses": 82200000, "otherExpenses": 0, "operatingExpenses": 85600000, "costAndExpenses": 622200000, "interestIncome": 0, "interestExpense": 0, "depreciationAndAmortization": 3400000, "ebitda": 17500000, "ebitdaratio": 0.0272543218, "operatingIncome": 19900000, "operatingIncomeRatio": 0.0309920573, "totalOtherIncomeExpensesNet": 5800000, "incomeBeforeTax": 25600000, "incomeBeforeTaxRatio": 0.0398691793, "incomeTaxExpense": 10300000, "netIncome": 15300000, "netIncomeRatio": 0.0238280642, "eps": 1.38, "epsdiluted": 1.38, "weightedAverageShsOut": 11146515, "weightedAverageShsOutDil": 11146515, "link": "https://www.sec.gov/Archives/edgar/data/90896/000009089695000014/0000090896-95-000014-index.htm", "finalLink": "https://www.sec.gov/Archives/edgar/data/90896/", "calculatedOtherExpenses": 3400000, "calculatedOperatingExpenses": 85600000, "calculatedNetInterest": 0, "calculatedOtherIncome": 5700000, "calculatedIncomeNonControlling": 0, "calculatedEbitda": 23300000}, {"date": "1994-05-31", "symbol": "SKY", "reportedCurrency": "USD", "cik": "0000090896", "fillingDate": "1994-08-08", "acceptedDate": "1994-08-08 00:00:00", "calendarYear": "1993", "period": "FY", "revenue": 580100000, "costOfRevenue": 487100000, "grossProfit": 93000000, "grossProfitRatio": 0.1603171867, "researchAndDevelopmentExpenses": 0, "generalAndAdministrativeExpenses": 0, "sellingAndMarketingExpenses": 0, "sellingGeneralAndAdministrativeExpenses": 70600000, "otherExpenses": 0, "operatingExpenses": 73500000, "costAndExpenses": 560600000, "interestIncome": 0, "interestExpense": 0, "depreciationAndAmortization": 2900000, "ebitda": 16700000, "ebitdaratio": 0.02878814, "operatingIncome": 19500000, "operatingIncomeRatio": 0.033614894, "totalOtherIncomeExpensesNet": 5700000, "incomeBeforeTax": 25000000, "incomeBeforeTaxRatio": 0.0430960179, "incomeTaxExpense": 10000000, "netIncome": 15000000, "netIncomeRatio": 0.0258576108, "eps": 1.34, "epsdiluted": 1.34, "weightedAverageShsOut": 11216980, "weightedAverageShsOutDil": 11216980, "link": "https://www.sec.gov/Archives/edgar/data/90896/000009089694000040/0000090896-94-000040-index.htm", "finalLink": "https://www.sec.gov/Archives/edgar/data/90896/", "calculatedOtherExpenses": 2900000, "calculatedOperatingExpenses": 73500000, "calculatedNetInterest": 0, "calculatedOtherIncome": 5500000, "calculatedIncomeNonControlling": 0, "calculatedEbitda": 22400000}, {"date": "1993-05-31", "symbol": "SKY", "reportedCurrency": "USD", "cik": "0000090896", "fillingDate": "1993-05-31", "acceptedDate": "1993-05-31 00:00:00", "calendarYear": "1992", "period": "FY", "revenue": 491700000, "costOfRevenue": 419300000, "grossProfit": 72400000, "grossProfitRatio": 0.1472442546, "researchAndDevelopmentExpenses": 0, "generalAndAdministrativeExpenses": 0, "sellingAndMarketingExpenses": 0, "sellingGeneralAndAdministrativeExpenses": 59200000, "otherExpenses": 0, "operatingExpenses": 61900000, "costAndExpenses": 481200000, "interestIncome": 0, "interestExpense": 0, "depreciationAndAmortization": 2700000, "ebitda": 6800000, "ebitdaratio": 0.0138295709, "operatingIncome": 10500000, "operatingIncomeRatio": 0.0213544844, "totalOtherIncomeExpensesNet": 6400000, "incomeBeforeTax": 16900000, "incomeBeforeTaxRatio": 0.0343705511, "incomeTaxExpense": 6600000, "netIncome": 9900000, "netIncomeRatio": 0.0201342282, "eps": 0.89, "epsdiluted": 0.89, "weightedAverageShsOut": 11123596, "weightedAverageShsOutDil": 11123596, "link": null, "finalLink": null, "calculatedOtherExpenses": 2700000, "calculatedOperatingExpenses": 61900000, "calculatedNetInterest": 0, "calculatedOtherIncome": 6400000, "calculatedIncomeNonControlling": 400000, "calculatedEbitda": 13200000}, {"date": "1992-05-31", "symbol": "SKY", "reportedCurrency": "USD", "cik": "0000090896", "fillingDate": "1992-05-31", "acceptedDate": "1992-05-31 00:00:00", "calendarYear": "1991", "period": "FY", "revenue": 339100000, "costOfRevenue": 287500000, "grossProfit": 51600000, "grossProfitRatio": 0.1521675022, "researchAndDevelopmentExpenses": 0, "generalAndAdministrativeExpenses": 0, "sellingAndMarketingExpenses": 0, "sellingGeneralAndAdministrativeExpenses": 45700000, "otherExpenses": 0, "operatingExpenses": 48400000, "costAndExpenses": 335900000, "interestIncome": 0, "interestExpense": 0, "depreciationAndAmortization": 2700000, "ebitda": -300000, "ebitdaratio": -0.0008846948, "operatingIncome": 3200000, "operatingIncomeRatio": 0.0094367443, "totalOtherIncomeExpensesNet": 6200000, "incomeBeforeTax": 9400000, "incomeBeforeTaxRatio": 0.0277204364, "incomeTaxExpense": 3600000, "netIncome": 5800000, "netIncomeRatio": 0.0171040991, "eps": 0.52, "epsdiluted": 0.52, "weightedAverageShsOut": 11153846, "weightedAverageShsOutDil": 11153846, "link": null, "finalLink": null, "calculatedOtherExpenses": 2700000, "calculatedOperatingExpenses": 48400000, "calculatedNetInterest": 0, "calculatedOtherIncome": 6200000, "calculatedIncomeNonControlling": 0, "calculatedEbitda": 5900000}, {"date": "1991-05-31", "symbol": "SKY", "reportedCurrency": "USD", "cik": "0000090896", "fillingDate": "1991-05-31", "acceptedDate": "1991-05-31 00:00:00", "calendarYear": "1990", "period": "FY", "revenue": 327500000, "costOfRevenue": 278700000, "grossProfit": 48800000, "grossProfitRatio": 0.1490076336, "researchAndDevelopmentExpenses": 0, "generalAndAdministrativeExpenses": 0, "sellingAndMarketingExpenses": 0, "sellingGeneralAndAdministrativeExpenses": 46000000, "otherExpenses": 0, "operatingExpenses": 48600000, "costAndExpenses": 327300000, "interestIncome": 0, "interestExpense": 0, "depreciationAndAmortization": 2600000, "ebitda": -5400000, "ebitdaratio": -0.0164885496, "operatingIncome": 200000, "operatingIncomeRatio": 0.000610687, "totalOtherIncomeExpensesNet": 8200000, "incomeBeforeTax": 8500000, "incomeBeforeTaxRatio": 0.0259541985, "incomeTaxExpense": 3300000, "netIncome": 5200000, "netIncomeRatio": 0.0158778626, "eps": 0.47, "epsdiluted": 0.47, "weightedAverageShsOut": 11063830, "weightedAverageShsOutDil": 11063830, "link": null, "finalLink": null, "calculatedOtherExpenses": 2600000, "calculatedOperatingExpenses": 48600000, "calculatedNetInterest": 0, "calculatedOtherIncome": 8300000, "calculatedIncomeNonControlling": 0, "calculatedEbitda": 2800000}, {"date": "1990-05-31", "symbol": "SKY", "reportedCurrency": "USD", "cik": "0000090896", "fillingDate": "1990-05-31", "acceptedDate": "1990-05-31 00:00:00", "calendarYear": "1989", "period": "FY", "revenue": 365900000, "costOfRevenue": 308300000, "grossProfit": 57600000, "grossProfitRatio": 0.1574200601, "researchAndDevelopmentExpenses": 0, "generalAndAdministrativeExpenses": 0, "sellingAndMarketingExpenses": 0, "sellingGeneralAndAdministrativeExpenses": 48200000, "otherExpenses": 0, "operatingExpenses": 50700000, "costAndExpenses": 359000000, "interestIncome": 0, "interestExpense": 0, "depreciationAndAmortization": 2500000, "ebitda": 500000, "ebitdaratio": 0.0013664936, "operatingIncome": 6900000, "operatingIncomeRatio": 0.0188576114, "totalOtherIncomeExpensesNet": 8900000, "incomeBeforeTax": 15700000, "incomeBeforeTaxRatio": 0.0429078983, "incomeTaxExpense": 6000000, "netIncome": 9700000, "netIncomeRatio": 0.0265099754, "eps": 0.87, "epsdiluted": 0.87, "weightedAverageShsOut": 11149425, "weightedAverageShsOutDil": 11149425, "link": null, "finalLink": null, "calculatedOtherExpenses": 2500000, "calculatedOperatingExpenses": 50700000, "calculatedNetInterest": 0, "calculatedOtherIncome": 8800000, "calculatedIncomeNonControlling": 0, "calculatedEbitda": 9400000}, {"date": "1989-05-31", "symbol": "SKY", "reportedCurrency": "USD", "cik": "0000090896", "fillingDate": "1989-05-31", "acceptedDate": "1989-05-31 00:00:00", "calendarYear": "1988", "period": "FY", "revenue": 383600000, "costOfRevenue": 362900000, "grossProfit": 20700000, "grossProfitRatio": 0.0539624609, "researchAndDevelopmentExpenses": 0, "generalAndAdministrativeExpenses": 0, "sellingAndMarketingExpenses": 0, "sellingGeneralAndAdministrativeExpenses": 0, "otherExpenses": 0, "operatingExpenses": 2400000, "costAndExpenses": 365300000, "interestIncome": 0, "interestExpense": 0, "depreciationAndAmortization": 2400000, "ebitda": 11400000, "ebitdaratio": 0.0297184567, "operatingIncome": 18300000, "operatingIncomeRatio": 0.0477059437, "totalOtherIncomeExpensesNet": 9300000, "incomeBeforeTax": 27600000, "incomeBeforeTaxRatio": 0.0719499479, "incomeTaxExpense": 10500000, "netIncome": 17100000, "netIncomeRatio": 0.0445776851, "eps": 1.53, "epsdiluted": 1.53, "weightedAverageShsOut": 11176471, "weightedAverageShsOutDil": 11176471, "link": null, "finalLink": null, "calculatedOtherExpenses": 2400000, "calculatedOperatingExpenses": 2400000, "calculatedNetInterest": 0, "calculatedOtherIncome": 9300000, "calculatedIncomeNonControlling": 0, "calculatedEbitda": 20700000}, {"date": "1988-05-31", "symbol": "SKY", "reportedCurrency": "USD", "cik": "0000090896", "fillingDate": "1988-05-31", "acceptedDate": "1988-05-31 00:00:00", "calendarYear": "1987", "period": "FY", "revenue": 322900000, "costOfRevenue": 307500000, "grossProfit": 15400000, "grossProfitRatio": 0.0476927841, "researchAndDevelopmentExpenses": 0, "generalAndAdministrativeExpenses": 0, "sellingAndMarketingExpenses": 0, "sellingGeneralAndAdministrativeExpenses": 0, "otherExpenses": 0, "operatingExpenses": 2200000, "costAndExpenses": 309700000, "interestIncome": 0, "interestExpense": 0, "depreciationAndAmortization": 2200000, "ebitda": 7200000, "ebitdaratio": 0.0222979251, "operatingIncome": 13200000, "operatingIncomeRatio": 0.0408795293, "totalOtherIncomeExpensesNet": 8200000, "incomeBeforeTax": 21400000, "incomeBeforeTaxRatio": 0.0662743884, "incomeTaxExpense": 8300000, "netIncome": 13100000, "netIncomeRatio": 0.0405698359, "eps": 1.17, "epsdiluted": 1.17, "weightedAverageShsOut": 11196581, "weightedAverageShsOutDil": 11196581, "link": null, "finalLink": null, "calculatedOtherExpenses": 2200000, "calculatedOperatingExpenses": 2200000, "calculatedNetInterest": 0, "calculatedOtherIncome": 8200000, "calculatedIncomeNonControlling": 0, "calculatedEbitda": 15400000}, {"date": "1987-05-31", "symbol": "SKY", "reportedCurrency": "USD", "cik": "0000090896", "fillingDate": "1987-05-31", "acceptedDate": "1987-05-31 00:00:00", "calendarYear": "1986", "period": "FY", "revenue": 312600000, "costOfRevenue": 255400000, "grossProfit": 57200000, "grossProfitRatio": 0.1829814459, "researchAndDevelopmentExpenses": 0, "generalAndAdministrativeExpenses": 0, "sellingAndMarketingExpenses": 0, "sellingGeneralAndAdministrativeExpenses": 38600000, "otherExpenses": 0, "operatingExpenses": 40700000, "costAndExpenses": 296100000, "interestIncome": 0, "interestExpense": 0, "depreciationAndAmortization": 2100000, "ebitda": 12400000, "ebitdaratio": 0.0396673065, "operatingIncome": 16500000, "operatingIncomeRatio": 0.0527831094, "totalOtherIncomeExpensesNet": 6200000, "incomeBeforeTax": 22800000, "incomeBeforeTaxRatio": 0.0729366603, "incomeTaxExpense": 11100000, "netIncome": 11700000, "netIncomeRatio": 0.037428023, "eps": 1.04, "epsdiluted": 1.04, "weightedAverageShsOut": 11250000, "weightedAverageShsOutDil": 11250000, "link": null, "finalLink": null, "calculatedOtherExpenses": 2100000, "calculatedOperatingExpenses": 40700000, "calculatedNetInterest": 0, "calculatedOtherIncome": 6300000, "calculatedIncomeNonControlling": 0, "calculatedEbitda": 18600000}, {"date": "1986-05-31", "symbol": "SKY", "reportedCurrency": "USD", "cik": "0000090896", "fillingDate": "1986-05-31", "acceptedDate": "1986-05-31 00:00:00", "calendarYear": "1985", "period": "FY", "revenue": 316200000, "costOfRevenue": 260100000, "grossProfit": 56100000, "grossProfitRatio": 0.1774193548, "researchAndDevelopmentExpenses": 0, "generalAndAdministrativeExpenses": 0, "sellingAndMarketingExpenses": 0, "sellingGeneralAndAdministrativeExpenses": 41300000, "otherExpenses": 0, "operatingExpenses": 43500000, "costAndExpenses": 303600000, "interestIncome": 0, "interestExpense": 0, "depreciationAndAmortization": 2200000, "ebitda": 7400000, "ebitdaratio": 0.0234029096, "operatingIncome": 12600000, "operatingIncomeRatio": 0.0398481973, "totalOtherIncomeExpensesNet": 7400000, "incomeBeforeTax": 20000000, "incomeBeforeTaxRatio": 0.0632511069, "incomeTaxExpense": 9600000, "netIncome": 10400000, "netIncomeRatio": 0.0328905756, "eps": 0.93, "epsdiluted": 0.93, "weightedAverageShsOut": 11182796, "weightedAverageShsOutDil": 11182796, "link": null, "finalLink": null, "calculatedOtherExpenses": 2200000, "calculatedOperatingExpenses": 43500000, "calculatedNetInterest": 0, "calculatedOtherIncome": 7400000, "calculatedIncomeNonControlling": 0, "calculatedEbitda": 14800000}]}