{"originalCurrency": "USD", "convertedCurrency": "USD", "report": [{"date": "2023-12-31", "symbol": "SKYW", "reportedCurrency": "USD", "cik": "0000793733", "fillingDate": "2024-02-15", "acceptedDate": "2024-02-15 16:05:58", "calendarYear": "2023", "period": "FY", "revenue": 2935432000, "costOfRevenue": 2563243000, "grossProfit": 372189000, "grossProfitRatio": 0.1267918998, "researchAndDevelopmentExpenses": 0, "generalAndAdministrativeExpenses": 0, "sellingAndMarketingExpenses": 0, "sellingGeneralAndAdministrativeExpenses": 270003000, "otherExpenses": 1883000, "operatingExpenses": 268120000, "costAndExpenses": 2831363000, "interestIncome": 43928000, "interestExpense": 132430000, "depreciationAndAmortization": 383115000, "ebitda": 487184000, "ebitdaratio": 0.1659667129, "operatingIncome": 104069000, "operatingIncomeRatio": 0.0354527034, "totalOtherIncomeExpensesNet": -63760000, "incomeBeforeTax": 40309000, "incomeBeforeTaxRatio": 0.01373188, "incomeTaxExpense": 5967000, "netIncome": 34342000, "netIncomeRatio": 0.0116991298, "eps": 0.78, "epsdiluted": 0.77, "weightedAverageShsOut": 43940000, "weightedAverageShsOutDil": 44599000, "link": "https://www.sec.gov/Archives/edgar/data/793733/000155837024001237/0001558370-24-001237-index.htm", "finalLink": "https://www.sec.gov/Archives/edgar/data/793733/000155837024001237/skyw-20231231x10k.htm", "calculatedOtherExpenses": -1883000, "calculatedOperatingExpenses": 268120000, "calculatedNetInterest": -88502000, "calculatedOtherIncome": 24742000, "calculatedIncomeNonControlling": 0, "calculatedEbitda": 487184000}, {"date": "2022-12-31", "symbol": "SKYW", "reportedCurrency": "USD", "cik": "0000793733", "fillingDate": "2023-02-16", "acceptedDate": "2023-02-16 16:03:13", "calendarYear": "2022", "period": "FY", "revenue": 3004925000, "costOfRevenue": 2505618000, "grossProfit": 499307000, "grossProfitRatio": 0.1661628826, "researchAndDevelopmentExpenses": 0, "generalAndAdministrativeExpenses": 0, "sellingAndMarketingExpenses": 0, "sellingGeneralAndAdministrativeExpenses": 318145000, "otherExpenses": 318145000, "operatingExpenses": 318145000, "costAndExpenses": 2823763000, "interestIncome": 17605000, "interestExpense": 127083000, "depreciationAndAmortization": 394552000, "ebitda": 219666000, "ebitdaratio": 0.0731019909, "operatingIncome": -174886000, "operatingIncomeRatio": -0.0581997887, "totalOtherIncomeExpensesNet": 267469000, "incomeBeforeTax": 92583000, "incomeBeforeTaxRatio": 0.0308104196, "incomeTaxExpense": 19630000, "netIncome": 72953000, "netIncomeRatio": 0.0242778106, "eps": 1.44, "epsdiluted": 1.44, "weightedAverageShsOut": 50548000, "weightedAverageShsOutDil": 50644000, "link": "https://www.sec.gov/Archives/edgar/data/793733/000155837023001442/0001558370-23-001442-index.htm", "finalLink": "https://www.sec.gov/Archives/edgar/data/793733/000155837023001442/skyw-20221231x10k.htm", "calculatedOtherExpenses": 356048000, "calculatedOperatingExpenses": 674193000, "calculatedNetInterest": -109478000, "calculatedOtherIncome": 376947000, "calculatedIncomeNonControlling": 0, "calculatedEbitda": 219666000}, {"date": "2021-12-31", "symbol": "SKYW", "reportedCurrency": "USD", "cik": "0000793733", "fillingDate": "2022-02-17", "acceptedDate": "2022-02-17 16:01:41", "calendarYear": "2021", "period": "FY", "revenue": 2713491000, "costOfRevenue": 2519769000, "grossProfit": 193722000, "grossProfitRatio": 0.071392166, "researchAndDevelopmentExpenses": 0, "generalAndAdministrativeExpenses": 0, "sellingAndMarketingExpenses": 0, "sellingGeneralAndAdministrativeExpenses": 255932000, "otherExpenses": -166737000, "operatingExpenses": -166737000, "costAndExpenses": 2353032000, "interestIncome": 1114000, "interestExpense": 123122000, "depreciationAndAmortization": 440198000, "ebitda": 358324000, "ebitdaratio": 0.1320527689, "operatingIncome": -81874000, "operatingIncomeRatio": -0.0301729396, "totalOtherIncomeExpensesNet": 232484000, "incomeBeforeTax": 150610000, "incomeBeforeTaxRatio": 0.0555041458, "incomeTaxExpense": 38700000, "netIncome": 111910000, "netIncomeRatio": 0.0412420752, "eps": 2.22, "epsdiluted": 2.21, "weightedAverageShsOut": 50348000, "weightedAverageShsOutDil": 50753000, "link": "https://www.sec.gov/Archives/edgar/data/793733/000155837022001335/0001558370-22-001335-index.htm", "finalLink": "https://www.sec.gov/Archives/edgar/data/793733/000155837022001335/skyw-20211231x10k.htm", "calculatedOtherExpenses": 19664000, "calculatedOperatingExpenses": 275596000, "calculatedNetInterest": -122008000, "calculatedOtherIncome": 354492000, "calculatedIncomeNonControlling": 0, "calculatedEbitda": 358324000}, {"date": "2020-12-31", "symbol": "SKYW", "reportedCurrency": "USD", "cik": "0000793733", "fillingDate": "2021-02-22", "acceptedDate": "2021-02-22 16:05:44", "calendarYear": "2020", "period": "FY", "revenue": 2127106000, "costOfRevenue": 2140998000, "grossProfit": -13892000, "grossProfitRatio": -0.0065309392, "researchAndDevelopmentExpenses": 0, "generalAndAdministrativeExpenses": 0, "sellingAndMarketingExpenses": 0, "sellingGeneralAndAdministrativeExpenses": 222797000, "otherExpenses": -122694000, "operatingExpenses": -122694000, "costAndExpenses": 2018304000, "interestIncome": 5879000, "interestExpense": 123173000, "depreciationAndAmortization": 474959000, "ebitda": 115846000, "ebitdaratio": 0.0544617899, "operatingIncome": -359113000, "operatingIncomeRatio": -0.1688270354, "totalOtherIncomeExpensesNet": 351786000, "incomeBeforeTax": -7327000, "incomeBeforeTaxRatio": -0.0034445862, "incomeTaxExpense": 1188000, "netIncome": -8515000, "netIncomeRatio": -0.0040030915, "eps": -0.17, "epsdiluted": -0.17, "weightedAverageShsOut": 50195000, "weightedAverageShsOutDil": 50195000, "link": "https://www.sec.gov/Archives/edgar/data/793733/000155837021001367/0001558370-21-001367-index.htm", "finalLink": "https://www.sec.gov/Archives/edgar/data/793733/000155837021001367/skyw-20201231x10k.htm", "calculatedOtherExpenses": 122424000, "calculatedOperatingExpenses": 345221000, "calculatedNetInterest": -117294000, "calculatedOtherIncome": 469080000, "calculatedIncomeNonControlling": 0, "calculatedEbitda": 115846000}, {"date": "2019-12-31", "symbol": "SKYW", "reportedCurrency": "USD", "cik": "0000793733", "fillingDate": "2020-02-18", "acceptedDate": "2020-02-18 16:22:59", "calendarYear": "2019", "period": "FY", "revenue": 2971963000, "costOfRevenue": 2194107000, "grossProfit": 777856000, "grossProfitRatio": 0.2617313876, "researchAndDevelopmentExpenses": 0, "generalAndAdministrativeExpenses": 0, "sellingAndMarketingExpenses": 0, "sellingGeneralAndAdministrativeExpenses": 243729000, "otherExpenses": 243729000, "operatingExpenses": 243729000, "costAndExpenses": 2437836000, "interestIncome": 14131000, "interestExpense": 127755000, "depreciationAndAmortization": 368098000, "ebitda": 595929000, "ebitdaratio": 0.2005169647, "operatingIncome": 227831000, "operatingIncomeRatio": 0.0766601065, "totalOtherIncomeExpensesNet": 218474000, "incomeBeforeTax": 446305000, "incomeBeforeTaxRatio": 0.1501717888, "incomeTaxExpense": 106206000, "netIncome": 340099000, "netIncomeRatio": 0.1144358123, "eps": 6.68, "epsdiluted": 6.62, "weightedAverageShsOut": 50932000, "weightedAverageShsOutDil": 51375000, "link": "https://www.sec.gov/Archives/edgar/data/793733/000155837020000911/0001558370-20-000911-index.htm", "finalLink": "https://www.sec.gov/Archives/edgar/data/793733/000155837020000911/skyw-20191231x10k797c47.htm", "calculatedOtherExpenses": 306296000, "calculatedOperatingExpenses": 550025000, "calculatedNetInterest": -113624000, "calculatedOtherIncome": 332098000, "calculatedIncomeNonControlling": 0, "calculatedEbitda": 595929000}, {"date": "2018-12-31", "symbol": "SKYW", "reportedCurrency": "USD", "cik": "0000793733", "fillingDate": "2019-02-21", "acceptedDate": "2019-02-21 16:07:14", "calendarYear": "2018", "period": "FY", "revenue": 3221679000, "costOfRevenue": 2474573000, "grossProfit": 747106000, "grossProfitRatio": 0.2318995778, "researchAndDevelopmentExpenses": 0, "generalAndAdministrativeExpenses": 0, "sellingAndMarketingExpenses": 0, "sellingGeneralAndAdministrativeExpenses": 272827000, "otherExpenses": 3620000, "operatingExpenses": 272826000, "costAndExpenses": 2747399000, "interestIncome": 8823000, "interestExpense": 120409000, "depreciationAndAmortization": 334589000, "ebitda": 486723000, "ebitdaratio": 0.1510774351, "operatingIncome": 474280000, "operatingIncomeRatio": 0.1472151633, "totalOtherIncomeExpensesNet": 3620000, "incomeBeforeTax": 366314000, "incomeBeforeTaxRatio": 0.1137028239, "incomeTaxExpense": 85942000, "netIncome": 280372000, "netIncomeRatio": 0.0870266715, "eps": 5.4, "epsdiluted": 5.3, "weightedAverageShsOut": 51914000, "weightedAverageShsOutDil": 52871000, "link": "https://www.sec.gov/Archives/edgar/data/793733/000155837019000847/0001558370-19-000847-index.htm", "finalLink": "https://www.sec.gov/Archives/edgar/data/793733/000155837019000847/skyw-20181231x10k.htm", "calculatedOtherExpenses": -1000, "calculatedOperatingExpenses": 272826000, "calculatedNetInterest": -111586000, "calculatedOtherIncome": 3620000, "calculatedIncomeNonControlling": 0, "calculatedEbitda": 808869000}, {"date": "2017-12-31", "symbol": "SKYW", "reportedCurrency": "USD", "cik": "0000793733", "fillingDate": "2018-02-26", "acceptedDate": "2018-02-26 16:42:29", "calendarYear": "2017", "period": "FY", "revenue": 3122592000, "costOfRevenue": 2483615000, "grossProfit": 638977000, "grossProfitRatio": 0.2046303199, "researchAndDevelopmentExpenses": 0, "generalAndAdministrativeExpenses": 0, "sellingAndMarketingExpenses": 0, "sellingGeneralAndAdministrativeExpenses": 250778000, "otherExpenses": 400000, "operatingExpenses": 250778000, "costAndExpenses": 2734393000, "interestIncome": 4509000, "interestExpense": 104925000, "depreciationAndAmortization": 292768000, "ebitda": 393108000, "ebitdaratio": 0.125891567, "operatingIncome": 388199000, "operatingIncomeRatio": 0.1243194756, "totalOtherIncomeExpensesNet": 400000, "incomeBeforeTax": 288183000, "incomeBeforeTaxRatio": 0.0922896747, "incomeTaxExpense": -140724000, "netIncome": 428907000, "netIncomeRatio": 0.1373560811, "eps": 8.28, "epsdiluted": 8.08, "weightedAverageShsOut": 51804000, "weightedAverageShsOutDil": 53100000, "link": "https://www.sec.gov/Archives/edgar/data/793733/000155837018001097/0001558370-18-001097-index.htm", "finalLink": "https://www.sec.gov/Archives/edgar/data/793733/000155837018001097/skyw-20171231x10k.htm", "calculatedOtherExpenses": 0, "calculatedOperatingExpenses": 250778000, "calculatedNetInterest": -100416000, "calculatedOtherIncome": 400000, "calculatedIncomeNonControlling": 0, "calculatedEbitda": 680967000}, {"date": "2016-12-31", "symbol": "SKYW", "reportedCurrency": "USD", "cik": "0000793733", "fillingDate": "2017-02-27", "acceptedDate": "2017-02-27 16:11:24", "calendarYear": "2016", "period": "FY", "revenue": 3121206000, "costOfRevenue": 2523200000, "grossProfit": 598006000, "grossProfitRatio": 0.1915945311, "researchAndDevelopmentExpenses": 0, "generalAndAdministrativeExpenses": 0, "sellingAndMarketingExpenses": 0, "sellingGeneralAndAdministrativeExpenses": 305041000, "otherExpenses": -94000, "operatingExpenses": 305041000, "costAndExpenses": 2828241000, "interestIncome": 2143000, "interestExpense": 78177000, "depreciationAndAmortization": 284969000, "ebitda": 295014000, "ebitdaratio": 0.0945192339, "operatingIncome": -172684000, "operatingIncomeRatio": -0.0553260503, "totalOtherIncomeExpensesNet": -465743000, "incomeBeforeTax": -248812000, "incomeBeforeTaxRatio": -0.0797166224, "incomeTaxExpense": -87226000, "netIncome": -161586000, "netIncomeRatio": -0.0517703734, "eps": -3.14, "epsdiluted": -3.14, "weightedAverageShsOut": 51460509, "weightedAverageShsOutDil": 51505000, "link": "https://www.sec.gov/Archives/edgar/data/793733/000155837017001066/0001558370-17-001066-index.htm", "finalLink": "https://www.sec.gov/Archives/edgar/data/793733/000155837017001066/skyw-20161231x10k.htm", "calculatedOtherExpenses": 465649000, "calculatedOperatingExpenses": 770690000, "calculatedNetInterest": -76034000, "calculatedOtherIncome": -94000, "calculatedIncomeNonControlling": 0, "calculatedEbitda": 112285000}, {"date": "2015-12-31", "symbol": "SKYW", "reportedCurrency": "USD", "cik": "0000793733", "fillingDate": "2016-02-26", "acceptedDate": "2016-02-26 17:48:16", "calendarYear": "2015", "period": "FY", "revenue": 3095562000, "costOfRevenue": 2547195000, "grossProfit": 548367000, "grossProfitRatio": 0.1771461854, "researchAndDevelopmentExpenses": 0, "generalAndAdministrativeExpenses": 0, "sellingAndMarketingExpenses": 0, "sellingGeneralAndAdministrativeExpenses": 0, "otherExpenses": 33660000, "operatingExpenses": 313852000, "costAndExpenses": 2861047000, "interestIncome": 1997000, "interestExpense": 75850000, "depreciationAndAmortization": 264507000, "ebitda": 270172000, "ebitdaratio": 0.0872772052, "operatingIncome": 234515000, "operatingIncomeRatio": 0.0757584568, "totalOtherIncomeExpensesNet": 33660000, "incomeBeforeTax": 194322000, "incomeBeforeTaxRatio": 0.0627743847, "incomeTaxExpense": 76505000, "netIncome": 117817000, "netIncomeRatio": 0.038059971, "eps": 2.31, "epsdiluted": 2.27, "weightedAverageShsOut": 51077000, "weightedAverageShsOutDil": 51825000, "link": "https://www.sec.gov/Archives/edgar/data/793733/000155837016003629/0001558370-16-003629-index.htm", "finalLink": "https://www.sec.gov/Archives/edgar/data/793733/000155837016003629/skyw-20151231x10k.htm", "calculatedOtherExpenses": 313852000, "calculatedOperatingExpenses": 313852000, "calculatedNetInterest": -73853000, "calculatedOtherIncome": 33660000, "calculatedIncomeNonControlling": 0, "calculatedEbitda": 499022000}, {"date": "2014-12-31", "symbol": "SKYW", "reportedCurrency": "USD", "cik": "0000793733", "fillingDate": "2015-02-18", "acceptedDate": "2015-02-18 12:59:45", "calendarYear": "2014", "period": "FY", "revenue": 3237447000, "costOfRevenue": 2874092000, "grossProfit": 363355000, "grossProfitRatio": 0.112235042, "researchAndDevelopmentExpenses": 0, "generalAndAdministrativeExpenses": 0, "sellingAndMarketingExpenses": 0, "sellingGeneralAndAdministrativeExpenses": 0, "otherExpenses": 20708000, "operatingExpenses": 263730000, "costAndExpenses": 3137822000, "interestIncome": 4096000, "interestExpense": 65995000, "depreciationAndAmortization": 259642000, "ebitda": 124429000, "ebitdaratio": 0.0384342971, "operatingIncome": 24848000, "operatingIncomeRatio": 0.0076751836, "totalOtherIncomeExpensesNet": -54069000, "incomeBeforeTax": -16343000, "incomeBeforeTaxRatio": -0.0050481135, "incomeTaxExpense": 7811000, "netIncome": -24154000, "netIncomeRatio": -0.0074608171, "eps": -0.47, "epsdiluted": -0.47, "weightedAverageShsOut": 51237000, "weightedAverageShsOutDil": 51237000, "link": "https://www.sec.gov/Archives/edgar/data/793733/000104746915000907/0001047469-15-000907-index.htm", "finalLink": "https://www.sec.gov/Archives/edgar/data/793733/000104746915000907/a2223081z10-k.htm", "calculatedOtherExpenses": 338507000, "calculatedOperatingExpenses": 338507000, "calculatedNetInterest": -61899000, "calculatedOtherIncome": 20708000, "calculatedIncomeNonControlling": 0, "calculatedEbitda": 284490000}, {"date": "2013-12-31", "symbol": "SKYW", "reportedCurrency": "USD", "cik": "0000793733", "fillingDate": "2014-02-14", "acceptedDate": "2014-02-14 12:21:14", "calendarYear": "2013", "period": "FY", "revenue": 3297725000, "costOfRevenue": 2905373000, "grossProfit": 392352000, "grossProfitRatio": 0.1189765672, "researchAndDevelopmentExpenses": 0, "generalAndAdministrativeExpenses": 0, "sellingAndMarketingExpenses": 0, "sellingGeneralAndAdministrativeExpenses": 0, "otherExpenses": 10390000, "operatingExpenses": 239241000, "costAndExpenses": 3144614000, "interestIncome": 3689000, "interestExpense": 68658000, "depreciationAndAmortization": 245005000, "ebitda": 167190000, "ebitdaratio": 0.0506985877, "operatingIncome": 153111000, "operatingIncomeRatio": 0.0464292808, "totalOtherIncomeExpensesNet": 10390000, "incomeBeforeTax": 98532000, "incomeBeforeTaxRatio": 0.0298787801, "incomeTaxExpense": 39576000, "netIncome": 58956000, "netIncomeRatio": 0.0178777794, "eps": 1.14, "epsdiluted": 1.12, "weightedAverageShsOut": 51688000, "weightedAverageShsOutDil": 52422000, "link": "https://www.sec.gov/Archives/edgar/data/793733/000104746914000913/0001047469-14-000913-index.htm", "finalLink": "https://www.sec.gov/Archives/edgar/data/793733/000104746914000913/a2218188z10-k.htm", "calculatedOtherExpenses": 239241000, "calculatedOperatingExpenses": 239241000, "calculatedNetInterest": -64969000, "calculatedOtherIncome": 10390000, "calculatedIncomeNonControlling": 0, "calculatedEbitda": 398116000}, {"date": "2012-12-31", "symbol": "SKYW", "reportedCurrency": "USD", "cik": "0000793733", "fillingDate": "2013-02-15", "acceptedDate": "2013-02-15 13:12:42", "calendarYear": "2012", "period": "FY", "revenue": 3534372000, "costOfRevenue": 3138543000, "grossProfit": 395829000, "grossProfitRatio": 0.1119941534, "researchAndDevelopmentExpenses": 0, "generalAndAdministrativeExpenses": 0, "sellingAndMarketingExpenses": 0, "sellingGeneralAndAdministrativeExpenses": 0, "otherExpenses": -10639000, "operatingExpenses": 229842000, "costAndExpenses": 3368385000, "interestIncome": 7928000, "interestExpense": 77380000, "depreciationAndAmortization": 251958000, "ebitda": 163276000, "ebitdaratio": 0.0461966086, "operatingIncome": 165987000, "operatingIncomeRatio": 0.0469636473, "totalOtherIncomeExpensesNet": -10639000, "incomeBeforeTax": 85896000, "incomeBeforeTaxRatio": 0.0243030445, "incomeTaxExpense": 34739000, "netIncome": 51157000, "netIncomeRatio": 0.0144741414, "eps": 1, "epsdiluted": 0.99, "weightedAverageShsOut": 51090000, "weightedAverageShsOutDil": 51746000, "link": "https://www.sec.gov/Archives/edgar/data/793733/000104746913001174/0001047469-13-001174-index.htm", "finalLink": "https://www.sec.gov/Archives/edgar/data/793733/000104746913001174/a2212817z10-k.htm", "calculatedOtherExpenses": 229842000, "calculatedOperatingExpenses": 229842000, "calculatedNetInterest": -69452000, "calculatedOtherIncome": -10639000, "calculatedIncomeNonControlling": 0, "calculatedEbitda": 417945000}, {"date": "2011-12-31", "symbol": "SKYW", "reportedCurrency": "USD", "cik": "0000793733", "fillingDate": "2012-02-24", "acceptedDate": "2012-02-24 15:33:02", "calendarYear": "2011", "period": "FY", "revenue": 3654923000, "costOfRevenue": 3367856000, "grossProfit": 287067000, "grossProfitRatio": 0.0785425575, "researchAndDevelopmentExpenses": 0, "generalAndAdministrativeExpenses": 1501577000, "sellingAndMarketingExpenses": 0, "sellingGeneralAndAdministrativeExpenses": 1501577000, "otherExpenses": -13417000, "operatingExpenses": 240192000, "costAndExpenses": 3608048000, "interestIncome": 8236000, "interestExpense": 80383000, "depreciationAndAmortization": 254182000, "ebitda": 41694000, "ebitdaratio": 0.0114076275, "operatingIncome": 41105000, "operatingIncomeRatio": 0.011246475, "totalOtherIncomeExpensesNet": -24898000, "incomeBeforeTax": -50170000, "incomeBeforeTaxRatio": -0.0137266914, "incomeTaxExpense": -22835000, "netIncome": -27335000, "netIncomeRatio": -0.0074789537, "eps": -0.52, "epsdiluted": -0.52, "weightedAverageShsOut": 52201000, "weightedAverageShsOutDil": 52201000, "link": "https://www.sec.gov/Archives/edgar/data/793733/000104746912001456/0001047469-12-001456-index.htm", "finalLink": "https://www.sec.gov/Archives/edgar/data/793733/000104746912001456/a2207438z10-k.htm", "calculatedOtherExpenses": -1255615000, "calculatedOperatingExpenses": 245962000, "calculatedNetInterest": -72147000, "calculatedOtherIncome": -19128000, "calculatedIncomeNonControlling": 0, "calculatedEbitda": 295287000}, {"date": "2010-12-31", "symbol": "SKYW", "reportedCurrency": "USD", "cik": "0000793733", "fillingDate": "2011-02-25", "acceptedDate": "2011-02-25 16:16:01", "calendarYear": "2010", "period": "FY", "revenue": 2765145000, "costOfRevenue": 1067726000, "grossProfit": 1697419000, "grossProfitRatio": 0.6138625642, "researchAndDevelopmentExpenses": 0, "generalAndAdministrativeExpenses": 1250279000, "sellingAndMarketingExpenses": 0, "sellingGeneralAndAdministrativeExpenses": 1250279000, "otherExpenses": 236499000, "operatingExpenses": 1486778000, "costAndExpenses": 2554504000, "interestIncome": 14376000, "interestExpense": 86517000, "depreciationAndAmortization": 236499000, "ebitda": 461516000, "ebitdaratio": 0.1669048097, "operatingIncome": 201826000, "operatingIncomeRatio": 0.0729893007, "totalOtherIncomeExpensesNet": 7401000, "incomeBeforeTax": 145901000, "incomeBeforeTaxRatio": 0.0527643216, "incomeTaxExpense": 49551000, "netIncome": 96350000, "netIncomeRatio": 0.0348444657, "eps": 1.73, "epsdiluted": 1.7, "weightedAverageShsOut": 55610000, "weightedAverageShsOutDil": 56526000, "link": "https://www.sec.gov/Archives/edgar/data/793733/000104746911001402/0001047469-11-001402-index.htm", "finalLink": "https://www.sec.gov/Archives/edgar/data/793733/000104746911001402/a2202284z10-k.htm", "calculatedOtherExpenses": 245314000, "calculatedOperatingExpenses": 1495593000, "calculatedNetInterest": -72141000, "calculatedOtherIncome": 16216000, "calculatedIncomeNonControlling": 0, "calculatedEbitda": 438325000}, {"date": "2009-12-31", "symbol": "SKYW", "reportedCurrency": "USD", "cik": "0000793733", "fillingDate": "2010-02-23", "acceptedDate": "2010-02-22 19:32:26", "calendarYear": "2009", "period": "FY", "revenue": 2613614000, "costOfRevenue": 1339668000, "grossProfit": 1273946000, "grossProfitRatio": 0.4874269881, "researchAndDevelopmentExpenses": 0, "generalAndAdministrativeExpenses": 698326000, "sellingAndMarketingExpenses": 0, "sellingGeneralAndAdministrativeExpenses": 698326000, "otherExpenses": 363425000, "operatingExpenses": 1061751000, "costAndExpenses": 2401419000, "interestIncome": 11121000, "interestExpense": 86330000, "depreciationAndAmortization": 221548000, "ebitda": 444864000, "ebitdaratio": 0.1702102912, "operatingIncome": 212195000, "operatingIncomeRatio": 0.0811883469, "totalOtherIncomeExpensesNet": -5253000, "incomeBeforeTax": 131733000, "incomeBeforeTaxRatio": 0.0504026226, "incomeTaxExpense": 48075000, "netIncome": 83658000, "netIncomeRatio": 0.0320085521, "eps": 1.5, "epsdiluted": 1.47, "weightedAverageShsOut": 55854000, "weightedAverageShsOutDil": 56814000, "link": "https://www.sec.gov/Archives/edgar/data/793733/000104746910001111/0001047469-10-001111-index.htm", "finalLink": "https://www.sec.gov/Archives/edgar/data/793733/000104746910001111/a2196556z10-k.htm", "calculatedOtherExpenses": 363425000, "calculatedOperatingExpenses": 1061751000, "calculatedNetInterest": -75209000, "calculatedOtherIncome": -5253000, "calculatedIncomeNonControlling": 0, "calculatedEbitda": 433743000}, {"date": "2008-12-31", "symbol": "SKYW", "reportedCurrency": "USD", "cik": "0000793733", "fillingDate": "2009-02-23", "acceptedDate": "2009-02-20 19:15:26", "calendarYear": "2008", "period": "FY", "revenue": 3496249000, "costOfRevenue": 2136207000, "grossProfit": 1360042000, "grossProfitRatio": 0.3890003258, "researchAndDevelopmentExpenses": 0, "generalAndAdministrativeExpenses": 724094000, "sellingAndMarketingExpenses": 0, "sellingGeneralAndAdministrativeExpenses": 724094000, "otherExpenses": 380717000, "operatingExpenses": 3241018000, "costAndExpenses": 3241018000, "interestIncome": 20776000, "interestExpense": 106064000, "depreciationAndAmortization": 220195000, "ebitda": 496202000, "ebitdaratio": 0.1419241021, "operatingIncome": 255231000, "operatingIncomeRatio": 0.0730013795, "totalOtherIncomeExpensesNet": 6240000, "incomeBeforeTax": 176183000, "incomeBeforeTaxRatio": 0.0503920058, "incomeTaxExpense": 63254000, "netIncome": 112929000, "netIncomeRatio": 0.032300045, "eps": 1.95, "epsdiluted": 1.93, "weightedAverageShsOut": 57790000, "weightedAverageShsOutDil": 58633000, "link": "https://www.sec.gov/Archives/edgar/data/793733/000104746909001647/0001047469-09-001647-index.htm", "finalLink": "https://www.sec.gov/Archives/edgar/data/793733/000104746909001647/a2190807z10-k.htm", "calculatedOtherExpenses": 380717000, "calculatedOperatingExpenses": 1104811000, "calculatedNetInterest": -85288000, "calculatedOtherIncome": 6240000, "calculatedIncomeNonControlling": 0, "calculatedEbitda": 475426000}, {"date": "2007-12-31", "symbol": "SKYW", "reportedCurrency": "USD", "cik": "0000793733", "fillingDate": "2008-02-27", "acceptedDate": "2008-02-26 19:11:42", "calendarYear": "2007", "period": "FY", "revenue": 3374332000, "costOfRevenue": 2672031000, "grossProfit": 702301000, "grossProfitRatio": 0.2081303796, "researchAndDevelopmentExpenses": 0, "generalAndAdministrativeExpenses": 148833000, "sellingAndMarketingExpenses": 0, "sellingGeneralAndAdministrativeExpenses": 148833000, "otherExpenses": 208944000, "operatingExpenses": 357777000, "costAndExpenses": 3029808000, "interestIncome": 31650000, "interestExpense": 93736000, "depreciationAndAmortization": 208944000, "ebitda": 553001000, "ebitdaratio": 0.1638845852, "operatingIncome": 344524000, "operatingIncomeRatio": 0.1021013937, "totalOtherIncomeExpensesNet": 467000, "incomeBeforeTax": 250321000, "incomeBeforeTaxRatio": 0.0741838681, "incomeTaxExpense": 91129000, "netIncome": 159192000, "netIncomeRatio": 0.0471773376, "eps": 2.54, "epsdiluted": 2.49, "weightedAverageShsOut": 62710000, "weightedAverageShsOutDil": 64044000, "link": "https://www.sec.gov/Archives/edgar/data/793733/000104746908001764/0001047469-08-001764-index.htm", "finalLink": "https://www.sec.gov/Archives/edgar/data/793733/000104746908001764/a2182899z10-k.htm", "calculatedOtherExpenses": 208944000, "calculatedOperatingExpenses": 357777000, "calculatedNetInterest": -62086000, "calculatedOtherIncome": -32117000, "calculatedIncomeNonControlling": 0, "calculatedEbitda": 553468000}, {"date": "2006-12-31", "symbol": "SKYW", "reportedCurrency": "USD", "cik": "0000793733", "fillingDate": "2007-03-01", "acceptedDate": "2007-02-28 20:57:14", "calendarYear": "2006", "period": "FY", "revenue": 3114656000, "costOfRevenue": 2439602000, "grossProfit": 675054000, "grossProfitRatio": 0.2167346892, "researchAndDevelopmentExpenses": 0, "generalAndAdministrativeExpenses": 146009000, "sellingAndMarketingExpenses": 0, "sellingGeneralAndAdministrativeExpenses": 146009000, "otherExpenses": 189885000, "operatingExpenses": 335894000, "costAndExpenses": 2775496000, "interestIncome": 19953000, "interestExpense": 100217000, "depreciationAndAmortization": 216410000, "ebitda": 556654000, "ebitdaratio": 0.1787208603, "operatingIncome": 339160000, "operatingIncomeRatio": 0.10889164, "totalOtherIncomeExpensesNet": -1084000, "incomeBeforeTax": 240027000, "incomeBeforeTaxRatio": 0.0770637271, "incomeTaxExpense": 94221000, "netIncome": 145806000, "netIncomeRatio": 0.0468128744, "eps": 2.33, "epsdiluted": 2.3, "weightedAverageShsOut": 62474000, "weightedAverageShsOutDil": 63382000, "link": "https://www.sec.gov/Archives/edgar/data/793733/000110465907015112/0001104659-07-015112-index.htm", "finalLink": "https://www.sec.gov/Archives/edgar/data/793733/000110465907015112/a07-5838_110k.htm", "calculatedOtherExpenses": 189885000, "calculatedOperatingExpenses": 335894000, "calculatedNetInterest": -80264000, "calculatedOtherIncome": -18869000, "calculatedIncomeNonControlling": 0, "calculatedEbitda": 555570000}, {"date": "2005-12-31", "symbol": "SKYW", "reportedCurrency": "USD", "cik": "0000793733", "fillingDate": "2006-03-14", "acceptedDate": "2006-03-14 17:21:24", "calendarYear": "2005", "period": "FY", "revenue": 1964048000, "costOfRevenue": 1537713000, "grossProfit": 426335000, "grossProfitRatio": 0.2170695421, "researchAndDevelopmentExpenses": 0, "generalAndAdministrativeExpenses": 90652000, "sellingAndMarketingExpenses": 0, "sellingGeneralAndAdministrativeExpenses": 90652000, "otherExpenses": 115275000, "operatingExpenses": 205927000, "costAndExpenses": 1743640000, "interestIncome": 12943000, "interestExpense": 41177000, "depreciationAndAmortization": 115275000, "ebitda": 336078000, "ebitdaratio": 0.1711149626, "operatingIncome": 220408000, "operatingIncomeRatio": 0.1122212899, "totalOtherIncomeExpensesNet": -395000, "incomeBeforeTax": 179626000, "incomeBeforeTaxRatio": 0.0914570316, "incomeTaxExpense": 67359000, "netIncome": 112267000, "netIncomeRatio": 0.0571610266, "eps": 1.94, "epsdiluted": 1.9, "weightedAverageShsOut": 57851000, "weightedAverageShsOutDil": 58933000, "link": "https://www.sec.gov/Archives/edgar/data/793733/000110465906016557/0001104659-06-016557-index.htm", "finalLink": "https://www.sec.gov/Archives/edgar/data/793733/000110465906016557/a06-2947_110k.htm", "calculatedOtherExpenses": 115275000, "calculatedOperatingExpenses": 205927000, "calculatedNetInterest": -28234000, "calculatedOtherIncome": -12548000, "calculatedIncomeNonControlling": 0, "calculatedEbitda": 335683000}, {"date": "2004-12-31", "symbol": "SKYW", "reportedCurrency": "USD", "cik": "0000793733", "fillingDate": "2005-03-10", "acceptedDate": "2005-03-10 17:23:15", "calendarYear": "2004", "period": "FY", "revenue": 1156044000, "costOfRevenue": 871607000, "grossProfit": 284437000, "grossProfitRatio": 0.2460434032, "researchAndDevelopmentExpenses": 0, "generalAndAdministrativeExpenses": 58236000, "sellingAndMarketingExpenses": 4608000, "sellingGeneralAndAdministrativeExpenses": 62844000, "otherExpenses": 76817000, "operatingExpenses": 139661000, "costAndExpenses": 1011268000, "interestIncome": 10050000, "interestExpense": 8189000, "depreciationAndAmortization": 76817000, "ebitda": 221593000, "ebitdaratio": 0.1916821505, "operatingIncome": 144776000, "operatingIncomeRatio": 0.1252339876, "totalOtherIncomeExpensesNet": -8189000, "incomeBeforeTax": 136587000, "incomeBeforeTaxRatio": 0.1181503472, "incomeTaxExpense": 54635000, "netIncome": 81952000, "netIncomeRatio": 0.0708900353, "eps": 1.42, "epsdiluted": 1.4, "weightedAverageShsOut": 57858000, "weightedAverageShsOutDil": 58350000, "link": "https://www.sec.gov/Archives/edgar/data/793733/000104746905006092/0001047469-05-006092-index.htm", "finalLink": "https://www.sec.gov/Archives/edgar/data/793733/000104746905006092/a2153217z10-k.htm", "calculatedOtherExpenses": 76817000, "calculatedOperatingExpenses": 139661000, "calculatedNetInterest": 1861000, "calculatedOtherIncome": -10050000, "calculatedIncomeNonControlling": 0, "calculatedEbitda": 221593000}, {"date": "2003-12-31", "symbol": "SKYW", "reportedCurrency": "USD", "cik": "0000793733", "fillingDate": "2004-03-11", "acceptedDate": "2004-03-11 17:21:08", "calendarYear": "2003", "period": "FY", "revenue": 888026000, "costOfRevenue": 570498000, "grossProfit": 317528000, "grossProfitRatio": 0.3575661073, "researchAndDevelopmentExpenses": 0, "generalAndAdministrativeExpenses": 50800000, "sellingAndMarketingExpenses": 83829000, "sellingGeneralAndAdministrativeExpenses": 134629000, "otherExpenses": 74419000, "operatingExpenses": 209048000, "costAndExpenses": 779546000, "interestIncome": 10492000, "interestExpense": -1413000, "depreciationAndAmortization": 74419000, "ebitda": 182493000, "ebitdaratio": 0.2055041181, "operatingIncome": 108480000, "operatingIncomeRatio": 0.1221585854, "totalOtherIncomeExpensesNet": 406000, "incomeBeforeTax": 109487000, "incomeBeforeTaxRatio": 0.1232925613, "incomeTaxExpense": 42700000, "netIncome": 66787000, "netIncomeRatio": 0.0752083835, "eps": 1.16, "epsdiluted": 1.15, "weightedAverageShsOut": 57745000, "weightedAverageShsOutDil": 58127000, "link": "https://www.sec.gov/Archives/edgar/data/793733/000104746904007527/0001047469-04-007527-index.htm", "finalLink": "https://www.sec.gov/Archives/edgar/data/793733/000104746904007527/a2130585z10-k.htm", "calculatedOtherExpenses": 74419000, "calculatedOperatingExpenses": 209048000, "calculatedNetInterest": 11905000, "calculatedOtherIncome": -10898000, "calculatedIncomeNonControlling": 0, "calculatedEbitda": 182899000}, {"date": "2002-12-31", "symbol": "SKYW", "reportedCurrency": "USD", "cik": "0000793733", "fillingDate": "2003-03-31", "acceptedDate": "2003-03-31 08:06:22", "calendarYear": "2002", "period": "FY", "revenue": 774447000, "costOfRevenue": 470522000, "grossProfit": 303925000, "grossProfitRatio": 0.3924413162, "researchAndDevelopmentExpenses": 0, "generalAndAdministrativeExpenses": 45487000, "sellingAndMarketingExpenses": 82786000, "sellingGeneralAndAdministrativeExpenses": 128273000, "otherExpenses": 56097000, "operatingExpenses": 184370000, "costAndExpenses": 654892000, "interestIncome": 12383000, "interestExpense": -18799000, "depreciationAndAmortization": 57535000, "ebitda": 175652000, "ebitdaratio": 0.2268095815, "operatingIncome": 119555000, "operatingIncomeRatio": 0.1543746699, "totalOtherIncomeExpensesNet": 1438000, "incomeBeforeTax": 128327000, "incomeBeforeTaxRatio": 0.1657014618, "incomeTaxExpense": 50050000, "netIncome": 86866000, "netIncomeRatio": 0.1121651966, "eps": 1.52, "epsdiluted": 1.51, "weightedAverageShsOut": 57229000, "weightedAverageShsOutDil": 57551000, "link": "https://www.sec.gov/Archives/edgar/data/793733/000091205703000160/0000912057-03-000160-index.htm", "finalLink": "https://www.sec.gov/Archives/edgar/data/793733/000091205703000160/a2107186z10-k.htm", "calculatedOtherExpenses": 56097000, "calculatedOperatingExpenses": 184370000, "calculatedNetInterest": 31182000, "calculatedOtherIncome": -22410000, "calculatedIncomeNonControlling": -8589000, "calculatedEbitda": 177090000}, {"date": "2001-12-31", "symbol": "SKYW", "reportedCurrency": "USD", "cik": "0000793733", "fillingDate": "2002-04-01", "acceptedDate": "2002-04-01 00:00:00", "calendarYear": "2001", "period": "FY", "revenue": 601865000, "costOfRevenue": 437750000, "grossProfit": 164115000, "grossProfitRatio": 0.2726774277, "researchAndDevelopmentExpenses": 0, "generalAndAdministrativeExpenses": 35097000, "sellingAndMarketingExpenses": 25747000, "sellingGeneralAndAdministrativeExpenses": 60844000, "otherExpenses": 45888000, "operatingExpenses": 106732000, "costAndExpenses": 544482000, "interestIncome": 17249000, "interestExpense": -33611000, "depreciationAndAmortization": 45888000, "ebitda": 95090000, "ebitdaratio": 0.1579922408, "operatingIncome": 57383000, "operatingIncomeRatio": 0.0953419787, "totalOtherIncomeExpensesNet": 8181000, "incomeBeforeTax": 82813000, "incomeBeforeTaxRatio": 0.1375939787, "incomeTaxExpense": 32297000, "netIncome": 50516000, "netIncomeRatio": 0.0839324433, "eps": 0.9, "epsdiluted": 0.88, "weightedAverageShsOut": 56365000, "weightedAverageShsOutDil": 57237000, "link": "https://www.sec.gov/Archives/edgar/data/793733/000095014902000608/0000950149-02-000608-index.htm", "finalLink": "https://www.sec.gov/Archives/edgar/data/793733/000095014902000608/f80339e10-k.txt", "calculatedOtherExpenses": 45888000, "calculatedOperatingExpenses": 106732000, "calculatedNetInterest": 50860000, "calculatedOtherIncome": -25430000, "calculatedIncomeNonControlling": 0, "calculatedEbitda": 103271000}, {"date": "2000-12-31", "symbol": "SKYW", "reportedCurrency": "USD", "cik": "0000793733", "fillingDate": "2001-06-29", "acceptedDate": "2001-06-29 00:00:00", "calendarYear": "2000", "period": "FY", "revenue": 474778000, "costOfRevenue": 304336000, "grossProfit": 170442000, "grossProfitRatio": 0.3589930452, "researchAndDevelopmentExpenses": 0, "generalAndAdministrativeExpenses": 55299000, "sellingAndMarketingExpenses": 0, "sellingGeneralAndAdministrativeExpenses": 55299000, "otherExpenses": 28463000, "operatingExpenses": 83762000, "costAndExpenses": 388098000, "interestIncome": 0, "interestExpense": -6467000, "depreciationAndAmortization": 28463000, "ebitda": 114834000, "ebitdaratio": 0.2418688313, "operatingIncome": 86680000, "operatingIncomeRatio": 0.1825695378, "totalOtherIncomeExpensesNet": 309000, "incomeBeforeTax": 92838000, "incomeBeforeTaxRatio": 0.1955398102, "incomeTaxExpense": 35734000, "netIncome": 57106000, "netIncomeRatio": 0.1202793727, "eps": 1.16, "epsdiluted": 1.14, "weightedAverageShsOut": 49126000, "weightedAverageShsOutDil": 49922000, "link": "https://www.sec.gov/Archives/edgar/data/793733/000095014901500988/0000950149-01-500988-index.htm", "finalLink": "https://www.sec.gov/Archives/edgar/data/793733/000095014901500988/f73812e10-k.txt", "calculatedOtherExpenses": 28463000, "calculatedOperatingExpenses": 83762000, "calculatedNetInterest": 6467000, "calculatedOtherIncome": -309000, "calculatedIncomeNonControlling": -2000, "calculatedEbitda": 115143000}, {"date": "1999-03-31", "symbol": "SKYW", "reportedCurrency": "USD", "cik": "0000793733", "fillingDate": "1999-06-28", "acceptedDate": "1999-06-28 00:00:00", "calendarYear": "1999", "period": "FY", "revenue": 388600000, "costOfRevenue": 248200000, "grossProfit": 140400000, "grossProfitRatio": 0.3612969635, "researchAndDevelopmentExpenses": 0, "generalAndAdministrativeExpenses": 51900000, "sellingAndMarketingExpenses": 0, "sellingGeneralAndAdministrativeExpenses": 51900000, "otherExpenses": 24200000, "operatingExpenses": 76100000, "costAndExpenses": 324300000, "interestIncome": 0, "interestExpense": -5200000, "depreciationAndAmortization": 24200000, "ebitda": 88100000, "ebitdaratio": 0.2267112712, "operatingIncome": 64300000, "operatingIncomeRatio": 0.1654657746, "totalOtherIncomeExpensesNet": 400000, "incomeBeforeTax": 69900000, "incomeBeforeTaxRatio": 0.1798764797, "incomeTaxExpense": 27300000, "netIncome": 41800000, "netIncomeRatio": 0.1075656202, "eps": 0.86, "epsdiluted": 0.84, "weightedAverageShsOut": 48398000, "weightedAverageShsOutDil": 49574000, "link": "https://www.sec.gov/Archives/edgar/data/793733/000095014999001198/0000950149-99-001198-index.html", "finalLink": "https://www.sec.gov/Archives/edgar/data/793733/000095014999001198/", "calculatedOtherExpenses": 24200000, "calculatedOperatingExpenses": 76100000, "calculatedNetInterest": 5200000, "calculatedOtherIncome": 400000, "calculatedIncomeNonControlling": 800000, "calculatedEbitda": 88500000}, {"date": "1998-03-31", "symbol": "SKYW", "reportedCurrency": "USD", "cik": "0000793733", "fillingDate": "1998-06-26", "acceptedDate": "1998-06-26 00:00:00", "calendarYear": "1998", "period": "FY", "revenue": 297100000, "costOfRevenue": 198400000, "grossProfit": 98700000, "grossProfitRatio": 0.3322113766, "researchAndDevelopmentExpenses": 0, "generalAndAdministrativeExpenses": 40500000, "sellingAndMarketingExpenses": 0, "sellingGeneralAndAdministrativeExpenses": 40500000, "otherExpenses": 24200000, "operatingExpenses": 64700000, "costAndExpenses": 263100000, "interestIncome": 0, "interestExpense": -2000000, "depreciationAndAmortization": 24200000, "ebitda": 57800000, "ebitdaratio": 0.1945472905, "operatingIncome": 34000000, "operatingIncomeRatio": 0.1144395826, "totalOtherIncomeExpensesNet": 400000, "incomeBeforeTax": 35600000, "incomeBeforeTaxRatio": 0.1198249748, "incomeTaxExpense": 13700000, "netIncome": 21900000, "netIncomeRatio": 0.0737125547, "eps": 0.53, "epsdiluted": 0.52, "weightedAverageShsOut": 41598000, "weightedAverageShsOutDil": 42336000, "link": "https://www.sec.gov/Archives/edgar/data/793733/000095014998001221/0000950149-98-001221-index.html", "finalLink": "https://www.sec.gov/Archives/edgar/data/793733/", "calculatedOtherExpenses": 24200000, "calculatedOperatingExpenses": 64700000, "calculatedNetInterest": 2000000, "calculatedOtherIncome": -400000, "calculatedIncomeNonControlling": 0, "calculatedEbitda": 58200000}, {"date": "1997-03-31", "symbol": "SKYW", "reportedCurrency": "USD", "cik": "0000793733", "fillingDate": "1997-06-25", "acceptedDate": "1997-06-25 00:00:00", "calendarYear": "1997", "period": "FY", "revenue": 283300000, "costOfRevenue": 205100000, "grossProfit": 78200000, "grossProfitRatio": 0.2760324744, "researchAndDevelopmentExpenses": 0, "generalAndAdministrativeExpenses": 42200000, "sellingAndMarketingExpenses": 0, "sellingGeneralAndAdministrativeExpenses": 42200000, "otherExpenses": 20500000, "operatingExpenses": 62700000, "costAndExpenses": 267800000, "interestIncome": 0, "interestExpense": -2200000, "depreciationAndAmortization": 20500000, "ebitda": 34900000, "ebitdaratio": 0.1231909636, "operatingIncome": 15500000, "operatingIncomeRatio": 0.0547123191, "totalOtherIncomeExpensesNet": 1100000, "incomeBeforeTax": 16600000, "incomeBeforeTaxRatio": 0.0585951288, "incomeTaxExpense": 6500000, "netIncome": 10100000, "netIncomeRatio": 0.0356512531, "eps": 0.25, "epsdiluted": 0.25, "weightedAverageShsOut": 40400000, "weightedAverageShsOutDil": 40400000, "link": "https://www.sec.gov/Archives/edgar/data/793733/000095014997001279/0000950149-97-001279-index.html", "finalLink": "https://www.sec.gov/Archives/edgar/data/793733/", "calculatedOtherExpenses": 20500000, "calculatedOperatingExpenses": 62700000, "calculatedNetInterest": 2200000, "calculatedOtherIncome": -1100000, "calculatedIncomeNonControlling": 0, "calculatedEbitda": 36000000}, {"date": "1996-03-31", "symbol": "SKYW", "reportedCurrency": "USD", "cik": "0000793733", "fillingDate": "1996-07-01", "acceptedDate": "1996-07-01 00:00:00", "calendarYear": "1996", "period": "FY", "revenue": 251700000, "costOfRevenue": 185200000, "grossProfit": 66500000, "grossProfitRatio": 0.2642034168, "researchAndDevelopmentExpenses": 0, "generalAndAdministrativeExpenses": 37900000, "sellingAndMarketingExpenses": 0, "sellingGeneralAndAdministrativeExpenses": 37900000, "otherExpenses": 16600000, "operatingExpenses": 54500000, "costAndExpenses": 239700000, "interestIncome": 0, "interestExpense": 10800000, "depreciationAndAmortization": 16600000, "ebitda": 34200000, "ebitdaratio": 0.1358760429, "operatingIncome": 12000000, "operatingIncomeRatio": 0.0476758045, "totalOtherIncomeExpensesNet": -5600000, "incomeBeforeTax": 6800000, "incomeBeforeTaxRatio": 0.0270162892, "incomeTaxExpense": 2400000, "netIncome": 4400000, "netIncomeRatio": 0.0174811283, "eps": 0.11, "epsdiluted": 0.11, "weightedAverageShsOut": 40000000, "weightedAverageShsOutDil": 40000000, "link": "https://www.sec.gov/Archives/edgar/data/793733/000095014996000817/0000950149-96-000817-index.html", "finalLink": "https://www.sec.gov/Archives/edgar/data/793733/", "calculatedOtherExpenses": 16600000, "calculatedOperatingExpenses": 54500000, "calculatedNetInterest": -10800000, "calculatedOtherIncome": 5600000, "calculatedIncomeNonControlling": 0, "calculatedEbitda": 28600000}, {"date": "1995-03-31", "symbol": "SKYW", "reportedCurrency": "USD", "cik": "0000793733", "fillingDate": "1995-06-29", "acceptedDate": "1995-06-29 00:00:00", "calendarYear": "1995", "period": "FY", "revenue": 225400000, "costOfRevenue": 159800000, "grossProfit": 65600000, "grossProfitRatio": 0.2910381544, "researchAndDevelopmentExpenses": 0, "generalAndAdministrativeExpenses": 32000000, "sellingAndMarketingExpenses": 0, "sellingGeneralAndAdministrativeExpenses": 32000000, "otherExpenses": 13200000, "operatingExpenses": 45200000, "costAndExpenses": 205000000, "interestIncome": 0, "interestExpense": -2000000, "depreciationAndAmortization": 13200000, "ebitda": 33400000, "ebitdaratio": 0.1481810115, "operatingIncome": 20400000, "operatingIncomeRatio": 0.0905057675, "totalOtherIncomeExpensesNet": 200000, "incomeBeforeTax": 22200000, "incomeBeforeTaxRatio": 0.0984915705, "incomeTaxExpense": 8500000, "netIncome": 13700000, "netIncomeRatio": 0.0607808341, "eps": 0.31, "epsdiluted": 0.3, "weightedAverageShsOut": 44446384, "weightedAverageShsOutDil": 45333333, "link": "https://www.sec.gov/Archives/edgar/data/793733/000095014995000385/0000950149-95-000385-index.html", "finalLink": "https://www.sec.gov/Archives/edgar/data/793733/", "calculatedOtherExpenses": 13200000, "calculatedOperatingExpenses": 45200000, "calculatedNetInterest": 2000000, "calculatedOtherIncome": -200000, "calculatedIncomeNonControlling": 0, "calculatedEbitda": 33600000}, {"date": "1994-03-31", "symbol": "SKYW", "reportedCurrency": "USD", "cik": "0000793733", "fillingDate": "1994-03-31", "acceptedDate": "1994-03-31 00:00:00", "calendarYear": "1994", "period": "FY", "revenue": 188000000, "costOfRevenue": 124800000, "grossProfit": 63200000, "grossProfitRatio": 0.3361702128, "researchAndDevelopmentExpenses": 0, "generalAndAdministrativeExpenses": 0, "sellingAndMarketingExpenses": 0, "sellingGeneralAndAdministrativeExpenses": 28800000, "otherExpenses": 9700000, "operatingExpenses": 38500000, "costAndExpenses": 163300000, "interestIncome": 0, "interestExpense": -200000, "depreciationAndAmortization": 9700000, "ebitda": 33300000, "ebitdaratio": 0.1771276596, "operatingIncome": 24700000, "operatingIncomeRatio": 0.1313829787, "totalOtherIncomeExpensesNet": 1100000, "incomeBeforeTax": 23800000, "incomeBeforeTaxRatio": 0.1265957447, "incomeTaxExpense": 9400000, "netIncome": 14400000, "netIncomeRatio": 0.0765957447, "eps": 0.37, "epsdiluted": 0.36, "weightedAverageShsOut": 38918919, "weightedAverageShsOutDil": 40000000, "link": null, "finalLink": null, "calculatedOtherExpenses": 9700000, "calculatedOperatingExpenses": 38500000, "calculatedNetInterest": 200000, "calculatedOtherIncome": -1100000, "calculatedIncomeNonControlling": 0, "calculatedEbitda": 34400000}, {"date": "1993-03-31", "symbol": "SKYW", "reportedCurrency": "USD", "cik": "0000793733", "fillingDate": "1993-03-31", "acceptedDate": "1993-03-31 00:00:00", "calendarYear": "1993", "period": "FY", "revenue": 146800000, "costOfRevenue": 95500000, "grossProfit": 51300000, "grossProfitRatio": 0.3494550409, "researchAndDevelopmentExpenses": 0, "generalAndAdministrativeExpenses": 0, "sellingAndMarketingExpenses": 0, "sellingGeneralAndAdministrativeExpenses": 24000000, "otherExpenses": 7500000, "operatingExpenses": 31500000, "costAndExpenses": 127000000, "interestIncome": 0, "interestExpense": 17200000, "depreciationAndAmortization": 7500000, "ebitda": 35200000, "ebitdaratio": 0.2397820163, "operatingIncome": 19800000, "operatingIncomeRatio": 0.1348773842, "totalOtherIncomeExpensesNet": -7900000, "incomeBeforeTax": 10500000, "incomeBeforeTaxRatio": 0.0715258856, "incomeTaxExpense": 3800000, "netIncome": 6700000, "netIncomeRatio": 0.045640327, "eps": 0.22, "epsdiluted": 0.22, "weightedAverageShsOut": 30454545, "weightedAverageShsOutDil": 30454545, "link": null, "finalLink": null, "calculatedOtherExpenses": 7500000, "calculatedOperatingExpenses": 31500000, "calculatedNetInterest": -17200000, "calculatedOtherIncome": 7900000, "calculatedIncomeNonControlling": 0, "calculatedEbitda": 27300000}, {"date": "1992-03-31", "symbol": "SKYW", "reportedCurrency": "USD", "cik": "0000793733", "fillingDate": "1992-03-31", "acceptedDate": "1992-03-31 00:00:00", "calendarYear": "1992", "period": "FY", "revenue": 125300000, "costOfRevenue": 88600000, "grossProfit": 36700000, "grossProfitRatio": 0.2928970471, "researchAndDevelopmentExpenses": 0, "generalAndAdministrativeExpenses": 0, "sellingAndMarketingExpenses": 0, "sellingGeneralAndAdministrativeExpenses": 25900000, "otherExpenses": 7000000, "operatingExpenses": 32900000, "costAndExpenses": 121500000, "interestIncome": 0, "interestExpense": 700000, "depreciationAndAmortization": 7000000, "ebitda": 10100000, "ebitdaratio": 0.0806065443, "operatingIncome": 3800000, "operatingIncomeRatio": 0.0303272147, "totalOtherIncomeExpensesNet": 700000, "incomeBeforeTax": 3100000, "incomeBeforeTaxRatio": 0.0247406225, "incomeTaxExpense": 1100000, "netIncome": 2000000, "netIncomeRatio": 0.0159616919, "eps": 0.07, "epsdiluted": 0.07, "weightedAverageShsOut": 28571429, "weightedAverageShsOutDil": 28571429, "link": null, "finalLink": null, "calculatedOtherExpenses": 7000000, "calculatedOperatingExpenses": 32900000, "calculatedNetInterest": -700000, "calculatedOtherIncome": 0, "calculatedIncomeNonControlling": 0, "calculatedEbitda": 10800000}, {"date": "1991-03-31", "symbol": "SKYW", "reportedCurrency": "USD", "cik": "0000793733", "fillingDate": "1991-03-31", "acceptedDate": "1991-03-31 00:00:00", "calendarYear": "1991", "period": "FY", "revenue": 113300000, "costOfRevenue": 81500000, "grossProfit": 31800000, "grossProfitRatio": 0.2806707855, "researchAndDevelopmentExpenses": 0, "generalAndAdministrativeExpenses": 0, "sellingAndMarketingExpenses": 0, "sellingGeneralAndAdministrativeExpenses": 21700000, "otherExpenses": 6300000, "operatingExpenses": 28000000, "costAndExpenses": 109500000, "interestIncome": 0, "interestExpense": -500000, "depreciationAndAmortization": 6300000, "ebitda": 9200000, "ebitdaratio": 0.081200353, "operatingIncome": 3800000, "operatingIncomeRatio": 0.0335392763, "totalOtherIncomeExpensesNet": 900000, "incomeBeforeTax": 3400000, "incomeBeforeTaxRatio": 0.0300088261, "incomeTaxExpense": 1400000, "netIncome": 2000000, "netIncomeRatio": 0.0176522507, "eps": 0.07, "epsdiluted": 0.07, "weightedAverageShsOut": 28571429, "weightedAverageShsOutDil": 28571429, "link": null, "finalLink": null, "calculatedOtherExpenses": 6300000, "calculatedOperatingExpenses": 28000000, "calculatedNetInterest": 500000, "calculatedOtherIncome": -900000, "calculatedIncomeNonControlling": 0, "calculatedEbitda": 10100000}, {"date": "1990-03-31", "symbol": "SKYW", "reportedCurrency": "USD", "cik": "0000793733", "fillingDate": "1990-03-31", "acceptedDate": "1990-03-31 00:00:00", "calendarYear": "1990", "period": "FY", "revenue": 99700000, "costOfRevenue": 68900000, "grossProfit": 30800000, "grossProfitRatio": 0.3089267803, "researchAndDevelopmentExpenses": 0, "generalAndAdministrativeExpenses": 0, "sellingAndMarketingExpenses": 0, "sellingGeneralAndAdministrativeExpenses": 18900000, "otherExpenses": 5400000, "operatingExpenses": 24300000, "costAndExpenses": 93200000, "interestIncome": 0, "interestExpense": -3800000, "depreciationAndAmortization": 5400000, "ebitda": 9400000, "ebitdaratio": 0.0942828485, "operatingIncome": 6500000, "operatingIncomeRatio": 0.0651955868, "totalOtherIncomeExpensesNet": 2500000, "incomeBeforeTax": 7800000, "incomeBeforeTaxRatio": 0.0782347041, "incomeTaxExpense": 3100000, "netIncome": 4700000, "netIncomeRatio": 0.0471414243, "eps": 0.16, "epsdiluted": 0.16, "weightedAverageShsOut": 29375000, "weightedAverageShsOutDil": 29375000, "link": null, "finalLink": null, "calculatedOtherExpenses": 5400000, "calculatedOperatingExpenses": 24300000, "calculatedNetInterest": 3800000, "calculatedOtherIncome": -2500000, "calculatedIncomeNonControlling": 0, "calculatedEbitda": 11900000}, {"date": "1989-03-31", "symbol": "SKYW", "reportedCurrency": "USD", "cik": "0000793733", "fillingDate": "1989-03-31", "acceptedDate": "1989-03-31 00:00:00", "calendarYear": "1989", "period": "FY", "revenue": 84200000, "costOfRevenue": 57700000, "grossProfit": 26500000, "grossProfitRatio": 0.3147268409, "researchAndDevelopmentExpenses": 0, "generalAndAdministrativeExpenses": 0, "sellingAndMarketingExpenses": 0, "sellingGeneralAndAdministrativeExpenses": 13800000, "otherExpenses": 6500000, "operatingExpenses": 20300000, "costAndExpenses": 78000000, "interestIncome": 0, "interestExpense": -900000, "depreciationAndAmortization": 6500000, "ebitda": 11300000, "ebitdaratio": 0.1342042755, "operatingIncome": 6200000, "operatingIncomeRatio": 0.0736342043, "totalOtherIncomeExpensesNet": 1400000, "incomeBeforeTax": 5700000, "incomeBeforeTaxRatio": 0.067695962, "incomeTaxExpense": 1900000, "netIncome": 3800000, "netIncomeRatio": 0.0451306413, "eps": 0.13, "epsdiluted": 0.13, "weightedAverageShsOut": 29230769, "weightedAverageShsOutDil": 29230769, "link": null, "finalLink": null, "calculatedOtherExpenses": 6500000, "calculatedOperatingExpenses": 20300000, "calculatedNetInterest": 900000, "calculatedOtherIncome": -1400000, "calculatedIncomeNonControlling": 0, "calculatedEbitda": 12700000}, {"date": "1988-03-31", "symbol": "SKYW", "reportedCurrency": "USD", "cik": "0000793733", "fillingDate": "1988-03-31", "acceptedDate": "1988-03-31 00:00:00", "calendarYear": "1988", "period": "FY", "revenue": 68900000, "costOfRevenue": 41000000, "grossProfit": 27900000, "grossProfitRatio": 0.404934688, "researchAndDevelopmentExpenses": 0, "generalAndAdministrativeExpenses": 0, "sellingAndMarketingExpenses": 0, "sellingGeneralAndAdministrativeExpenses": 24500000, "otherExpenses": 5900000, "operatingExpenses": 30400000, "costAndExpenses": 71400000, "interestIncome": 0, "interestExpense": 2000000, "depreciationAndAmortization": 5900000, "ebitda": 3600000, "ebitdaratio": 0.0522496372, "operatingIncome": -2500000, "operatingIncomeRatio": -0.0362844702, "totalOtherIncomeExpensesNet": -200000, "incomeBeforeTax": -4300000, "incomeBeforeTaxRatio": -0.0624092888, "incomeTaxExpense": -1500000, "netIncome": -2800000, "netIncomeRatio": -0.0406386067, "eps": -0.11, "epsdiluted": -0.11, "weightedAverageShsOut": 25454545, "weightedAverageShsOutDil": 25454545, "link": null, "finalLink": null, "calculatedOtherExpenses": 5900000, "calculatedOperatingExpenses": 30400000, "calculatedNetInterest": -2000000, "calculatedOtherIncome": 200000, "calculatedIncomeNonControlling": 0, "calculatedEbitda": 3400000}, {"date": "1987-03-31", "symbol": "SKYW", "reportedCurrency": "USD", "cik": "0000793733", "fillingDate": "1987-03-31", "acceptedDate": "1987-03-31 00:00:00", "calendarYear": "1987", "period": "FY", "revenue": 56000000, "costOfRevenue": 29000000, "grossProfit": 27000000, "grossProfitRatio": 0.4821428571, "researchAndDevelopmentExpenses": 0, "generalAndAdministrativeExpenses": 0, "sellingAndMarketingExpenses": 0, "sellingGeneralAndAdministrativeExpenses": 19000000, "otherExpenses": 3400000, "operatingExpenses": 22400000, "costAndExpenses": 51400000, "interestIncome": 0, "interestExpense": 1000000, "depreciationAndAmortization": 3400000, "ebitda": 8300000, "ebitdaratio": 0.1482142857, "operatingIncome": 4600000, "operatingIncomeRatio": 0.0821428571, "totalOtherIncomeExpensesNet": -300000, "incomeBeforeTax": 3900000, "incomeBeforeTaxRatio": 0.0696428571, "incomeTaxExpense": 800000, "netIncome": 3100000, "netIncomeRatio": 0.0553571429, "eps": 0.14, "epsdiluted": 0.14, "weightedAverageShsOut": 22142857, "weightedAverageShsOutDil": 22142857, "link": null, "finalLink": null, "calculatedOtherExpenses": 3400000, "calculatedOperatingExpenses": 22400000, "calculatedNetInterest": -1000000, "calculatedOtherIncome": 300000, "calculatedIncomeNonControlling": 0, "calculatedEbitda": 8000000}, {"date": "1986-03-31", "symbol": "SKYW", "reportedCurrency": "USD", "cik": "0000793733", "fillingDate": "1986-03-31", "acceptedDate": "1986-03-31 00:00:00", "calendarYear": "1986", "period": "FY", "revenue": 49200000, "costOfRevenue": 27800000, "grossProfit": 21400000, "grossProfitRatio": 0.4349593496, "researchAndDevelopmentExpenses": 0, "generalAndAdministrativeExpenses": 0, "sellingAndMarketingExpenses": 0, "sellingGeneralAndAdministrativeExpenses": 12700000, "otherExpenses": 3300000, "operatingExpenses": 16000000, "costAndExpenses": 43800000, "interestIncome": 0, "interestExpense": 1900000, "depreciationAndAmortization": 3300000, "ebitda": 9100000, "ebitdaratio": 0.1849593496, "operatingIncome": 5400000, "operatingIncomeRatio": 0.1097560976, "totalOtherIncomeExpensesNet": -400000, "incomeBeforeTax": 3900000, "incomeBeforeTaxRatio": 0.0792682927, "incomeTaxExpense": 1500000, "netIncome": 2400000, "netIncomeRatio": 0.0487804878, "eps": 0.15, "epsdiluted": 0.15, "weightedAverageShsOut": 16000000, "weightedAverageShsOutDil": 16000000, "link": null, "finalLink": null, "calculatedOtherExpenses": 3300000, "calculatedOperatingExpenses": 16000000, "calculatedNetInterest": -1900000, "calculatedOtherIncome": 400000, "calculatedIncomeNonControlling": 0, "calculatedEbitda": 8700000}]}