{"originalCurrency": "USD", "convertedCurrency": "USD", "report": [{"date": "2023-12-30", "symbol": "SLAB", "reportedCurrency": "USD", "cik": "0001038074", "fillingDate": "2024-02-20", "acceptedDate": "2024-02-20 16:20:48", "calendarYear": "2023", "period": "FY", "revenue": 782258000, "costOfRevenue": 321672000, "grossProfit": 460586000, "grossProfitRatio": 0.5887903991, "researchAndDevelopmentExpenses": 337744000, "generalAndAdministrativeExpenses": 0, "sellingAndMarketingExpenses": 0, "sellingGeneralAndAdministrativeExpenses": 146996000, "otherExpenses": 0, "operatingExpenses": 484740000, "costAndExpenses": 806412000, "interestIncome": 19165000, "interestExpense": 5554000, "depreciationAndAmortization": 51081000, "ebitda": 26927000, "ebitdaratio": 0.0344221472, "operatingIncome": -24154000, "operatingIncomeRatio": -0.0308772809, "totalOtherIncomeExpensesNet": 13611000, "incomeBeforeTax": -10543000, "incomeBeforeTaxRatio": -0.0134776506, "incomeTaxExpense": 7943000, "netIncome": -34516000, "netIncomeRatio": -0.04412355, "eps": -1.09, "epsdiluted": -1.09, "weightedAverageShsOut": 31804000, "weightedAverageShsOutDil": 31804000, "link": "https://www.sec.gov/Archives/edgar/data/1038074/000110465924025535/0001104659-24-025535-index.htm", "finalLink": "https://www.sec.gov/Archives/edgar/data/1038074/000110465924025535/slab-20231230x10k.htm", "calculatedOtherExpenses": 0, "calculatedOperatingExpenses": 484740000, "calculatedNetInterest": 13611000, "calculatedOtherIncome": 0, "calculatedIncomeNonControlling": 16030000, "calculatedEbitda": 26927000}, {"date": "2022-12-31", "symbol": "SLAB", "reportedCurrency": "USD", "cik": "0001038074", "fillingDate": "2023-02-01", "acceptedDate": "2023-02-01 16:14:32", "calendarYear": "2022", "period": "FY", "revenue": 1024106000, "costOfRevenue": 381549000, "grossProfit": 642557000, "grossProfitRatio": 0.6274321213, "researchAndDevelopmentExpenses": 332326000, "generalAndAdministrativeExpenses": 0, "sellingAndMarketingExpenses": 0, "sellingGeneralAndAdministrativeExpenses": 190971000, "otherExpenses": 0, "operatingExpenses": 523297000, "costAndExpenses": 904846000, "interestIncome": 13915000, "interestExpense": 6723000, "depreciationAndAmortization": 70510000, "ebitda": 189770000, "ebitdaratio": 0.1853030839, "operatingIncome": 119260000, "operatingIncomeRatio": 0.1164527891, "totalOtherIncomeExpensesNet": 7192000, "incomeBeforeTax": 126452000, "incomeBeforeTaxRatio": 0.1234754996, "incomeTaxExpense": 38450000, "netIncome": 91402000, "netIncomeRatio": 0.0892505268, "eps": 2.61, "epsdiluted": 2.54, "weightedAverageShsOut": 35086000, "weightedAverageShsOutDil": 36042000, "link": "https://www.sec.gov/Archives/edgar/data/1038074/000110465923009254/0001104659-23-009254-index.htm", "finalLink": "https://www.sec.gov/Archives/edgar/data/1038074/000110465923009254/slab-20221231x10k.htm", "calculatedOtherExpenses": 0, "calculatedOperatingExpenses": 523297000, "calculatedNetInterest": 7192000, "calculatedOtherIncome": 0, "calculatedIncomeNonControlling": -3400000, "calculatedEbitda": 189770000}, {"date": "2021-12-31", "symbol": "SLAB", "reportedCurrency": "USD", "cik": "0001038074", "fillingDate": "2022-02-02", "acceptedDate": "2022-02-02 17:22:19", "calendarYear": "2021", "period": "FY", "revenue": 720860000, "costOfRevenue": 295468000, "grossProfit": 425392000, "grossProfitRatio": 0.5901173598, "researchAndDevelopmentExpenses": 273208000, "generalAndAdministrativeExpenses": 0, "sellingAndMarketingExpenses": 0, "sellingGeneralAndAdministrativeExpenses": 185022000, "otherExpenses": 0, "operatingExpenses": 458230000, "costAndExpenses": 753698000, "interestIncome": 5696000, "interestExpense": 31033000, "depreciationAndAmortization": 62556000, "ebitda": 35414000, "ebitdaratio": 0.0491274311, "operatingIncome": -27142000, "operatingIncomeRatio": -0.0376522487, "totalOtherIncomeExpensesNet": -31033000, "incomeBeforeTax": -58175000, "incomeBeforeTaxRatio": -0.0807022168, "incomeTaxExpense": 13427000, "netIncome": -71602000, "netIncomeRatio": -0.0993285798, "eps": -1.67, "epsdiluted": -1.67, "weightedAverageShsOut": 42830000, "weightedAverageShsOutDil": 42830000, "link": "https://www.sec.gov/Archives/edgar/data/1038074/000110465922010931/0001104659-22-010931-index.htm", "finalLink": "https://www.sec.gov/Archives/edgar/data/1038074/000110465922010931/slab-20220101x10k.htm", "calculatedOtherExpenses": -5696000, "calculatedOperatingExpenses": 452534000, "calculatedNetInterest": -25337000, "calculatedOtherIncome": -5696000, "calculatedIncomeNonControlling": 0, "calculatedEbitda": 35414000}, {"date": "2020-12-31", "symbol": "SLAB", "reportedCurrency": "USD", "cik": "0001038074", "fillingDate": "2021-02-03", "acceptedDate": "2021-02-03 17:02:57", "calendarYear": "2020", "period": "FY", "revenue": 886677000, "costOfRevenue": 359151000, "grossProfit": 527526000, "grossProfitRatio": 0.5949472017, "researchAndDevelopmentExpenses": 287887000, "generalAndAdministrativeExpenses": 0, "sellingAndMarketingExpenses": 0, "sellingGeneralAndAdministrativeExpenses": 201339000, "otherExpenses": 0, "operatingExpenses": 489226000, "costAndExpenses": 848377000, "interestIncome": 11143000, "interestExpense": 34142000, "depreciationAndAmortization": 73656000, "ebitda": 111956000, "ebitdaratio": 0.1262646939, "operatingIncome": 38300000, "operatingIncomeRatio": 0.0431949853, "totalOtherIncomeExpensesNet": -22999000, "incomeBeforeTax": 15301000, "incomeBeforeTaxRatio": 0.0172565658, "incomeTaxExpense": 2770000, "netIncome": 12531000, "netIncomeRatio": 0.0141325421, "eps": 0.29, "epsdiluted": 0.28, "weightedAverageShsOut": 43775000, "weightedAverageShsOutDil": 44372000, "link": "https://www.sec.gov/Archives/edgar/data/1038074/000110465921011613/0001104659-21-011613-index.htm", "finalLink": "https://www.sec.gov/Archives/edgar/data/1038074/000110465921011613/slab-20210102x10k.htm", "calculatedOtherExpenses": 0, "calculatedOperatingExpenses": 489226000, "calculatedNetInterest": -22999000, "calculatedOtherIncome": 0, "calculatedIncomeNonControlling": 0, "calculatedEbitda": 111956000}, {"date": "2019-12-28", "symbol": "SLAB", "reportedCurrency": "USD", "cik": "0001038074", "fillingDate": "2020-01-29", "acceptedDate": "2020-01-29 12:00:20", "calendarYear": "2019", "period": "FY", "revenue": 837554000, "costOfRevenue": 327270000, "grossProfit": 510284000, "grossProfitRatio": 0.609255045, "researchAndDevelopmentExpenses": 257150000, "generalAndAdministrativeExpenses": 0, "sellingAndMarketingExpenses": 0, "sellingGeneralAndAdministrativeExpenses": 196437000, "otherExpenses": 0, "operatingExpenses": 453587000, "costAndExpenses": 780857000, "interestIncome": 13185000, "interestExpense": 20233000, "depreciationAndAmortization": 69652000, "ebitda": 126349000, "ebitdaratio": 0.1508547509, "operatingIncome": 56697000, "operatingIncomeRatio": 0.0676935457, "totalOtherIncomeExpensesNet": -7048000, "incomeBeforeTax": 49649000, "incomeBeforeTaxRatio": 0.0592785659, "incomeTaxExpense": 30384000, "netIncome": 19265000, "netIncomeRatio": 0.023001502, "eps": 0.44, "epsdiluted": 0.44, "weightedAverageShsOut": 43346000, "weightedAverageShsOutDil": 44290000, "link": "https://www.sec.gov/Archives/edgar/data/1038074/000110465920007928/0001104659-20-007928-index.htm", "finalLink": "https://www.sec.gov/Archives/edgar/data/1038074/000110465920007928/slab-20191228x10kc9cad4.htm", "calculatedOtherExpenses": 0, "calculatedOperatingExpenses": 453587000, "calculatedNetInterest": -7048000, "calculatedOtherIncome": 0, "calculatedIncomeNonControlling": 0, "calculatedEbitda": 126349000}, {"date": "2018-12-29", "symbol": "SLAB", "reportedCurrency": "USD", "cik": "0001038074", "fillingDate": "2019-01-30", "acceptedDate": "2019-01-30 17:02:58", "calendarYear": "2018", "period": "FY", "revenue": 868267000, "costOfRevenue": 346868000, "grossProfit": 521399000, "grossProfitRatio": 0.6005053745, "researchAndDevelopmentExpenses": 238347000, "generalAndAdministrativeExpenses": 0, "sellingAndMarketingExpenses": 0, "sellingGeneralAndAdministrativeExpenses": 197844000, "otherExpenses": 0, "operatingExpenses": 436191000, "costAndExpenses": 783059000, "interestIncome": 6647000, "interestExpense": 19694000, "depreciationAndAmortization": 60014000, "ebitda": 151869000, "ebitdaratio": 0.1749104826, "operatingIncome": 85208000, "operatingIncomeRatio": 0.0981357117, "totalOtherIncomeExpensesNet": -13047000, "incomeBeforeTax": 72161000, "incomeBeforeTaxRatio": 0.0831092279, "incomeTaxExpense": -11430000, "netIncome": 83591000, "netIncomeRatio": 0.0962733813, "eps": 1.94, "epsdiluted": 1.9, "weightedAverageShsOut": 43159000, "weightedAverageShsOutDil": 44044000, "link": "https://www.sec.gov/Archives/edgar/data/1038074/000104746919000300/0001047469-19-000300-index.htm", "finalLink": "https://www.sec.gov/Archives/edgar/data/1038074/000104746919000300/a2237475z10-k.htm", "calculatedOtherExpenses": 0, "calculatedOperatingExpenses": 436191000, "calculatedNetInterest": -13047000, "calculatedOtherIncome": 0, "calculatedIncomeNonControlling": 0, "calculatedEbitda": 145222000}, {"date": "2017-12-30", "symbol": "SLAB", "reportedCurrency": "USD", "cik": "0001038074", "fillingDate": "2018-01-31", "acceptedDate": "2018-01-31 13:41:38", "calendarYear": "2017", "period": "FY", "revenue": 768867000, "costOfRevenue": 314676000, "grossProfit": 454191000, "grossProfitRatio": 0.5907276551, "researchAndDevelopmentExpenses": 209491000, "generalAndAdministrativeExpenses": 158326000, "sellingAndMarketingExpenses": 1400000, "sellingGeneralAndAdministrativeExpenses": 159726000, "otherExpenses": 0, "operatingExpenses": 369217000, "costAndExpenses": 683893000, "interestIncome": 6057000, "interestExpense": 14128000, "depreciationAndAmortization": 42012000, "ebitda": 133043000, "ebitdaratio": 0.1730377295, "operatingIncome": 84974000, "operatingIncomeRatio": 0.1105184642, "totalOtherIncomeExpensesNet": -8071000, "incomeBeforeTax": 76903000, "incomeBeforeTaxRatio": 0.1000212, "incomeTaxExpense": 29811000, "netIncome": 47092000, "netIncomeRatio": 0.0612485644, "eps": 1.11, "epsdiluted": 1.09, "weightedAverageShsOut": 42446000, "weightedAverageShsOutDil": 43332000, "link": "https://www.sec.gov/Archives/edgar/data/1038074/000104746918000522/0001047469-18-000522-index.htm", "finalLink": "https://www.sec.gov/Archives/edgar/data/1038074/000104746918000522/a2233960z10-k.htm", "calculatedOtherExpenses": 0, "calculatedOperatingExpenses": 369217000, "calculatedNetInterest": -8071000, "calculatedOtherIncome": 0, "calculatedIncomeNonControlling": 0, "calculatedEbitda": 126986000}, {"date": "2016-12-31", "symbol": "SLAB", "reportedCurrency": "USD", "cik": "0001038074", "fillingDate": "2017-02-01", "acceptedDate": "2017-02-01 14:24:56", "calendarYear": "2016", "period": "FY", "revenue": 697626000, "costOfRevenue": 276122000, "grossProfit": 421504000, "grossProfitRatio": 0.6041976647, "researchAndDevelopmentExpenses": 199744000, "generalAndAdministrativeExpenses": 153883000, "sellingAndMarketingExpenses": 1600000, "sellingGeneralAndAdministrativeExpenses": 155483000, "otherExpenses": -485000, "operatingExpenses": 355227000, "costAndExpenses": 631349000, "interestIncome": 1291000, "interestExpense": 2587000, "depreciationAndAmortization": 40931000, "ebitda": 108014000, "ebitdaratio": 0.1548308119, "operatingIncome": 66277000, "operatingIncomeRatio": 0.0950036266, "totalOtherIncomeExpensesNet": -485000, "incomeBeforeTax": 64496000, "incomeBeforeTaxRatio": 0.0924506827, "incomeTaxExpense": 3002000, "netIncome": 61494000, "netIncomeRatio": 0.0881475174, "eps": 1.47, "epsdiluted": 1.45, "weightedAverageShsOut": 41713000, "weightedAverageShsOutDil": 42376000, "link": "https://www.sec.gov/Archives/edgar/data/1038074/000104746917000461/0001047469-17-000461-index.htm", "finalLink": "https://www.sec.gov/Archives/edgar/data/1038074/000104746917000461/a2230770z10-k.htm", "calculatedOtherExpenses": 0, "calculatedOperatingExpenses": 355227000, "calculatedNetInterest": -1296000, "calculatedOtherIncome": -485000, "calculatedIncomeNonControlling": 0, "calculatedEbitda": 107208000}, {"date": "2015-12-31", "symbol": "SLAB", "reportedCurrency": "USD", "cik": "0001038074", "fillingDate": "2016-02-05", "acceptedDate": "2016-02-05 15:34:39", "calendarYear": "2015", "period": "FY", "revenue": 644826000, "costOfRevenue": 264056000, "grossProfit": 380770000, "grossProfitRatio": 0.590500383, "researchAndDevelopmentExpenses": 188050000, "generalAndAdministrativeExpenses": 158686000, "sellingAndMarketingExpenses": 1800000, "sellingGeneralAndAdministrativeExpenses": 160486000, "otherExpenses": 127000, "operatingExpenses": 348536000, "costAndExpenses": 612592000, "interestIncome": 730000, "interestExpense": 2828000, "depreciationAndAmortization": 41648000, "ebitda": 74739000, "ebitdaratio": 0.1159056862, "operatingIncome": 32234000, "operatingIncomeRatio": 0.0499886791, "totalOtherIncomeExpensesNet": 127000, "incomeBeforeTax": 30263000, "incomeBeforeTaxRatio": 0.0469320406, "incomeTaxExpense": 677000, "netIncome": 29586000, "netIncomeRatio": 0.045882145, "eps": 0.7, "epsdiluted": 0.69, "weightedAverageShsOut": 42309000, "weightedAverageShsOutDil": 42945000, "link": "https://www.sec.gov/Archives/edgar/data/1038074/000104746916010039/0001047469-16-010039-index.htm", "finalLink": "https://www.sec.gov/Archives/edgar/data/1038074/000104746916010039/a2227220z10-k.htm", "calculatedOtherExpenses": 0, "calculatedOperatingExpenses": 348536000, "calculatedNetInterest": -2098000, "calculatedOtherIncome": 127000, "calculatedIncomeNonControlling": 0, "calculatedEbitda": 73882000}, {"date": "2014-12-31", "symbol": "SLAB", "reportedCurrency": "USD", "cik": "0001038074", "fillingDate": "2015-02-06", "acceptedDate": "2015-02-06 12:14:17", "calendarYear": "2014", "period": "FY", "revenue": 620704000, "costOfRevenue": 242153000, "grossProfit": 378551000, "grossProfitRatio": 0.6098736274, "researchAndDevelopmentExpenses": 172985000, "generalAndAdministrativeExpenses": 152445000, "sellingAndMarketingExpenses": 1700000, "sellingGeneralAndAdministrativeExpenses": 154145000, "otherExpenses": -234000, "operatingExpenses": 327130000, "costAndExpenses": 569283000, "interestIncome": 1007000, "interestExpense": 3154000, "depreciationAndAmortization": 30484000, "ebitda": 82678000, "ebitdaratio": 0.133200366, "operatingIncome": 51421000, "operatingIncomeRatio": 0.0828430298, "totalOtherIncomeExpensesNet": -234000, "incomeBeforeTax": 49040000, "incomeBeforeTaxRatio": 0.0790070629, "incomeTaxExpense": 11019000, "netIncome": 38021000, "netIncomeRatio": 0.0612546399, "eps": 0.88, "epsdiluted": 0.87, "weightedAverageShsOut": 42970000, "weightedAverageShsOutDil": 43793000, "link": "https://www.sec.gov/Archives/edgar/data/1038074/000104746915000641/0001047469-15-000641-index.htm", "finalLink": "https://www.sec.gov/Archives/edgar/data/1038074/000104746915000641/a2222910z10-k.htm", "calculatedOtherExpenses": 0, "calculatedOperatingExpenses": 327130000, "calculatedNetInterest": -2147000, "calculatedOtherIncome": -234000, "calculatedIncomeNonControlling": 0, "calculatedEbitda": 81905000}, {"date": "2013-12-28", "symbol": "SLAB", "reportedCurrency": "USD", "cik": "0001038074", "fillingDate": "2014-01-31", "acceptedDate": "2014-01-31 14:53:22", "calendarYear": "2013", "period": "FY", "revenue": 580087000, "costOfRevenue": 227183000, "grossProfit": 352904000, "grossProfitRatio": 0.6083639178, "researchAndDevelopmentExpenses": 157799000, "generalAndAdministrativeExpenses": 128795000, "sellingAndMarketingExpenses": 2000000, "sellingGeneralAndAdministrativeExpenses": 130795000, "otherExpenses": 157000, "operatingExpenses": 288594000, "costAndExpenses": 515777000, "interestIncome": 853000, "interestExpense": 3293000, "depreciationAndAmortization": 29402000, "ebitda": 94722000, "ebitdaratio": 0.1632892997, "operatingIncome": 64310000, "operatingIncomeRatio": 0.1108626809, "totalOtherIncomeExpensesNet": 157000, "incomeBeforeTax": 62027000, "incomeBeforeTaxRatio": 0.1069270644, "incomeTaxExpense": 12208000, "netIncome": 49819000, "netIncomeRatio": 0.0858819453, "eps": 1.17, "epsdiluted": 1.14, "weightedAverageShsOut": 42715000, "weightedAverageShsOutDil": 43537000, "link": "https://www.sec.gov/Archives/edgar/data/1038074/000104746914000500/0001047469-14-000500-index.htm", "finalLink": "https://www.sec.gov/Archives/edgar/data/1038074/000104746914000500/a2218058z10-k.htm", "calculatedOtherExpenses": 0, "calculatedOperatingExpenses": 288594000, "calculatedNetInterest": -2440000, "calculatedOtherIncome": 157000, "calculatedIncomeNonControlling": 0, "calculatedEbitda": 93712000}, {"date": "2012-12-29", "symbol": "SLAB", "reportedCurrency": "USD", "cik": "0001038074", "fillingDate": "2013-02-01", "acceptedDate": "2013-02-01 13:09:11", "calendarYear": "2012", "period": "FY", "revenue": 563294000, "costOfRevenue": 225277000, "grossProfit": 338017000, "grossProfitRatio": 0.600072076, "researchAndDevelopmentExpenses": 137952000, "generalAndAdministrativeExpenses": 112690000, "sellingAndMarketingExpenses": 1700000, "sellingGeneralAndAdministrativeExpenses": 114390000, "otherExpenses": 484000, "operatingExpenses": 252342000, "costAndExpenses": 477619000, "interestIncome": 1338000, "interestExpense": 1149000, "depreciationAndAmortization": 27775000, "ebitda": 115272000, "ebitdaratio": 0.2046391405, "operatingIncome": 85675000, "operatingIncomeRatio": 0.1520964186, "totalOtherIncomeExpensesNet": 484000, "incomeBeforeTax": 86348000, "incomeBeforeTaxRatio": 0.1532911765, "incomeTaxExpense": 22800000, "netIncome": 63548000, "netIncomeRatio": 0.1128149776, "eps": 1.51, "epsdiluted": 1.47, "weightedAverageShsOut": 42136000, "weightedAverageShsOutDil": 43106000, "link": "https://www.sec.gov/Archives/edgar/data/1038074/000104746913000608/0001047469-13-000608-index.htm", "finalLink": "https://www.sec.gov/Archives/edgar/data/1038074/000104746913000608/a2212597z10-k.htm", "calculatedOtherExpenses": 0, "calculatedOperatingExpenses": 252342000, "calculatedNetInterest": 189000, "calculatedOtherIncome": 484000, "calculatedIncomeNonControlling": 0, "calculatedEbitda": 113450000}, {"date": "2011-12-31", "symbol": "SLAB", "reportedCurrency": "USD", "cik": "0001038074", "fillingDate": "2012-02-15", "acceptedDate": "2012-02-15 16:00:23", "calendarYear": "2011", "period": "FY", "revenue": 491625000, "costOfRevenue": 193179000, "grossProfit": 298446000, "grossProfitRatio": 0.6070602593, "researchAndDevelopmentExpenses": 135953000, "generalAndAdministrativeExpenses": 0, "sellingAndMarketingExpenses": 0, "sellingGeneralAndAdministrativeExpenses": 112419000, "otherExpenses": 0, "operatingExpenses": 248372000, "costAndExpenses": 441551000, "interestIncome": 1859000, "interestExpense": 37000, "depreciationAndAmortization": 24600000, "ebitda": 76533000, "ebitdaratio": 0.1556735317, "operatingIncome": 50074000, "operatingIncomeRatio": 0.1018540554, "totalOtherIncomeExpensesNet": 444000, "incomeBeforeTax": 52340000, "incomeBeforeTaxRatio": 0.1064632596, "incomeTaxExpense": 16868000, "netIncome": 35472000, "netIncomeRatio": 0.0721525553, "eps": 0.82, "epsdiluted": 0.79, "weightedAverageShsOut": 43421000, "weightedAverageShsOutDil": 44832000, "link": "https://www.sec.gov/Archives/edgar/data/1038074/000104746912001075/0001047469-12-001075-index.htm", "finalLink": "https://www.sec.gov/Archives/edgar/data/1038074/000104746912001075/a2207135z10-k.htm", "calculatedOtherExpenses": 0, "calculatedOperatingExpenses": 248372000, "calculatedNetInterest": 1822000, "calculatedOtherIncome": 444000, "calculatedIncomeNonControlling": 0, "calculatedEbitda": 74674000}, {"date": "2010-12-31", "symbol": "SLAB", "reportedCurrency": "USD", "cik": "0001038074", "fillingDate": "2011-02-10", "acceptedDate": "2011-02-10 15:42:03", "calendarYear": "2010", "period": "FY", "revenue": 493341000, "costOfRevenue": 169097000, "grossProfit": 324244000, "grossProfitRatio": 0.6572411375, "researchAndDevelopmentExpenses": 123821000, "generalAndAdministrativeExpenses": 0, "sellingAndMarketingExpenses": 0, "sellingGeneralAndAdministrativeExpenses": 113752000, "otherExpenses": 0, "operatingExpenses": 237573000, "costAndExpenses": 406670000, "interestIncome": 2318000, "interestExpense": 77000, "depreciationAndAmortization": 19291000, "ebitda": 108280000, "ebitdaratio": 0.2194830756, "operatingIncome": 86671000, "operatingIncomeRatio": 0.1756817293, "totalOtherIncomeExpensesNet": -1253000, "incomeBeforeTax": 87659000, "incomeBeforeTaxRatio": 0.1776844009, "incomeTaxExpense": 14417000, "netIncome": 73242000, "netIncomeRatio": 0.1484612063, "eps": 1.63, "epsdiluted": 1.57, "weightedAverageShsOut": 44845000, "weightedAverageShsOutDil": 46742000, "link": "https://www.sec.gov/Archives/edgar/data/1038074/000104746911000733/0001047469-11-000733-index.htm", "finalLink": "https://www.sec.gov/Archives/edgar/data/1038074/000104746911000733/a2201799z10-k.htm", "calculatedOtherExpenses": 0, "calculatedOperatingExpenses": 237573000, "calculatedNetInterest": 2241000, "calculatedOtherIncome": -1253000, "calculatedIncomeNonControlling": 0, "calculatedEbitda": 105962000}, {"date": "2009-12-31", "symbol": "SLAB", "reportedCurrency": "USD", "cik": "0001038074", "fillingDate": "2010-02-10", "acceptedDate": "2010-02-10 17:09:25", "calendarYear": "2009", "period": "FY", "revenue": 441020000, "costOfRevenue": 161267000, "grossProfit": 279753000, "grossProfitRatio": 0.6343317763, "researchAndDevelopmentExpenses": 104394000, "generalAndAdministrativeExpenses": 0, "sellingAndMarketingExpenses": 0, "sellingGeneralAndAdministrativeExpenses": 108848000, "otherExpenses": 0, "operatingExpenses": 213242000, "costAndExpenses": 374509000, "interestIncome": 2725000, "interestExpense": 180000, "depreciationAndAmortization": 19729000, "ebitda": 69236000, "ebitdaratio": 0.1569906127, "operatingIncome": 66511000, "operatingIncomeRatio": 0.1508117546, "totalOtherIncomeExpensesNet": -90000, "incomeBeforeTax": 68966000, "incomeBeforeTaxRatio": 0.1563783955, "incomeTaxExpense": -4126000, "netIncome": 73092000, "netIncomeRatio": 0.1657339803, "eps": 1.62, "epsdiluted": 1.57, "weightedAverageShsOut": 45023000, "weightedAverageShsOutDil": 46542000, "link": "https://www.sec.gov/Archives/edgar/data/1038074/000104746910000705/0001047469-10-000705-index.htm", "finalLink": "https://www.sec.gov/Archives/edgar/data/1038074/000104746910000705/a2196357z10-k.htm", "calculatedOtherExpenses": 0, "calculatedOperatingExpenses": 213242000, "calculatedNetInterest": 2545000, "calculatedOtherIncome": -90000, "calculatedIncomeNonControlling": 0, "calculatedEbitda": 86240000}, {"date": "2008-12-31", "symbol": "SLAB", "reportedCurrency": "USD", "cik": "0001038074", "fillingDate": "2009-02-11", "acceptedDate": "2009-02-11 17:06:54", "calendarYear": "2008", "period": "FY", "revenue": 415630000, "costOfRevenue": 159845000, "grossProfit": 255785000, "grossProfitRatio": 0.6154151529, "researchAndDevelopmentExpenses": 101205000, "generalAndAdministrativeExpenses": 0, "sellingAndMarketingExpenses": 0, "sellingGeneralAndAdministrativeExpenses": 100674000, "otherExpenses": 0, "operatingExpenses": 201879000, "costAndExpenses": 361724000, "interestIncome": 10449000, "interestExpense": 11596000, "depreciationAndAmortization": 18624000, "ebitda": 83336000, "ebitdaratio": 0.2005052571, "operatingIncome": 43656000, "operatingIncomeRatio": 0.1050357289, "totalOtherIncomeExpensesNet": -10806000, "incomeBeforeTax": 53116000, "incomeBeforeTaxRatio": 0.1277963573, "incomeTaxExpense": 20181000, "netIncome": 32935000, "netIncomeRatio": 0.079241152, "eps": 0.68, "epsdiluted": 0.67, "weightedAverageShsOut": 48109000, "weightedAverageShsOutDil": 48989000, "link": "https://www.sec.gov/Archives/edgar/data/1038074/000104746909000964/0001047469-09-000964-index.htm", "finalLink": "https://www.sec.gov/Archives/edgar/data/1038074/000104746909000964/a2190504z10-k.htm", "calculatedOtherExpenses": 10250000, "calculatedOperatingExpenses": 212129000, "calculatedNetInterest": -1147000, "calculatedOtherIncome": 10607000, "calculatedIncomeNonControlling": 0, "calculatedEbitda": 62280000}, {"date": "2007-12-29", "symbol": "SLAB", "reportedCurrency": "USD", "cik": "0001038074", "fillingDate": "2008-02-07", "acceptedDate": "2008-02-07 14:46:41", "calendarYear": "2007", "period": "FY", "revenue": 337461000, "costOfRevenue": 130225000, "grossProfit": 207236000, "grossProfitRatio": 0.6141035557, "researchAndDevelopmentExpenses": 89320000, "generalAndAdministrativeExpenses": 0, "sellingAndMarketingExpenses": 0, "sellingGeneralAndAdministrativeExpenses": 94819000, "otherExpenses": 0, "operatingExpenses": 184139000, "costAndExpenses": 314364000, "interestIncome": 24525000, "interestExpense": -188108000, "depreciationAndAmortization": 16085000, "ebitda": 39651000, "ebitdaratio": 0.117498022, "operatingIncome": 23097000, "operatingIncomeRatio": 0.0684434646, "totalOtherIncomeExpensesNet": -469000, "incomeBeforeTax": 46525000, "incomeBeforeTaxRatio": 0.1378677832, "incomeTaxExpense": 6838000, "netIncome": 204836000, "netIncomeRatio": 0.6069916227, "eps": 3.74, "epsdiluted": 3.64, "weightedAverageShsOut": 54826000, "weightedAverageShsOutDil": 56321000, "link": "https://www.sec.gov/Archives/edgar/data/1038074/000104746908000932/0001047469-08-000932-index.htm", "finalLink": "https://www.sec.gov/Archives/edgar/data/1038074/000104746908000932/a2182469z10-k.htm", "calculatedOtherExpenses": 0, "calculatedOperatingExpenses": 184139000, "calculatedNetInterest": 212633000, "calculatedOtherIncome": -189205000, "calculatedIncomeNonControlling": -165149000, "calculatedEbitda": 39182000}, {"date": "2006-12-30", "symbol": "SLAB", "reportedCurrency": "USD", "cik": "0001038074", "fillingDate": "2007-02-07", "acceptedDate": "2007-02-07 15:23:21", "calendarYear": "2006", "period": "FY", "revenue": 464597000, "costOfRevenue": 208217000, "grossProfit": 256380000, "grossProfitRatio": 0.5518330941, "researchAndDevelopmentExpenses": 121707000, "generalAndAdministrativeExpenses": 0, "sellingAndMarketingExpenses": 0, "sellingGeneralAndAdministrativeExpenses": 102358000, "otherExpenses": 0, "operatingExpenses": 224065000, "costAndExpenses": 432282000, "interestIncome": 0, "interestExpense": -7961000, "depreciationAndAmortization": 21232000, "ebitda": 56003000, "ebitdaratio": 0.120541028, "operatingIncome": 29115000, "operatingIncomeRatio": 0.0626672148, "totalOtherIncomeExpensesNet": -2456000, "incomeBeforeTax": 42732000, "incomeBeforeTaxRatio": 0.0919764871, "incomeTaxExpense": 11574000, "netIncome": 31158000, "netIncomeRatio": 0.0670645742, "eps": 0.56, "epsdiluted": 0.54, "weightedAverageShsOut": 55346000, "weightedAverageShsOutDil": 57201000, "link": "https://www.sec.gov/Archives/edgar/data/1038074/000110465907007988/0001104659-07-007988-index.htm", "finalLink": "https://www.sec.gov/Archives/edgar/data/1038074/000110465907007988/a07-3601_110k.htm", "calculatedOtherExpenses": 3200000, "calculatedOperatingExpenses": 227265000, "calculatedNetInterest": 7961000, "calculatedOtherIncome": 5656000, "calculatedIncomeNonControlling": 0, "calculatedEbitda": 50347000}, {"date": "2005-12-31", "symbol": "SLAB", "reportedCurrency": "USD", "cik": "0001038074", "fillingDate": "2006-02-09", "acceptedDate": "2006-02-09 13:02:20", "calendarYear": "2005", "period": "FY", "revenue": 425689000, "costOfRevenue": 193904000, "grossProfit": 231785000, "grossProfitRatio": 0.5444937501, "researchAndDevelopmentExpenses": 101222000, "generalAndAdministrativeExpenses": 0, "sellingAndMarketingExpenses": 0, "sellingGeneralAndAdministrativeExpenses": 72553000, "otherExpenses": 0, "operatingExpenses": 173775000, "costAndExpenses": 367679000, "interestIncome": 8285000, "interestExpense": -7299000, "depreciationAndAmortization": 20530000, "ebitda": 78872000, "ebitdaratio": 0.1852808036, "operatingIncome": 58010000, "operatingIncomeRatio": 0.1362731948, "totalOtherIncomeExpensesNet": -332000, "incomeBeforeTax": 65641000, "incomeBeforeTaxRatio": 0.1541994273, "incomeTaxExpense": 18135000, "netIncome": 47506000, "netIncomeRatio": 0.1115979036, "eps": 0.33, "epsdiluted": 0.32, "weightedAverageShsOut": 53129000, "weightedAverageShsOutDil": 55244000, "link": "https://www.sec.gov/Archives/edgar/data/1038074/000110465906007281/0001104659-06-007281-index.htm", "finalLink": "https://www.sec.gov/Archives/edgar/data/1038074/000110465906007281/a06-3099_110k.htm", "calculatedOtherExpenses": 0, "calculatedOperatingExpenses": 173775000, "calculatedNetInterest": 15584000, "calculatedOtherIncome": -7953000, "calculatedIncomeNonControlling": 0, "calculatedEbitda": 78540000}, {"date": "2004-12-31", "symbol": "SLAB", "reportedCurrency": "USD", "cik": "0001038074", "fillingDate": "2005-02-15", "acceptedDate": "2005-02-14 17:47:16", "calendarYear": "2004", "period": "FY", "revenue": 456225000, "costOfRevenue": 206230000, "grossProfit": 249995000, "grossProfitRatio": 0.547964272, "researchAndDevelopmentExpenses": 74917000, "generalAndAdministrativeExpenses": 0, "sellingAndMarketingExpenses": 0, "sellingGeneralAndAdministrativeExpenses": 64156000, "otherExpenses": 4237000, "operatingExpenses": 143310000, "costAndExpenses": 349540000, "interestIncome": 1368000, "interestExpense": -7039000, "depreciationAndAmortization": 23743000, "ebitda": 128280000, "ebitdaratio": 0.2811770508, "operatingIncome": 106685000, "operatingIncomeRatio": 0.2338429503, "totalOtherIncomeExpensesNet": 2148000, "incomeBeforeTax": 111576000, "incomeBeforeTaxRatio": 0.2445635377, "incomeTaxExpense": 34883000, "netIncome": 76693000, "netIncomeRatio": 0.1681034577, "eps": 0.62, "epsdiluted": 0.58, "weightedAverageShsOut": 51124000, "weightedAverageShsOutDil": 54930000, "link": "https://www.sec.gov/Archives/edgar/data/1038074/000110465905006514/0001104659-05-006514-index.htm", "finalLink": "https://www.sec.gov/Archives/edgar/data/1038074/000110465905006514/a05-2357_110k.htm", "calculatedOtherExpenses": 4237000, "calculatedOperatingExpenses": 143310000, "calculatedNetInterest": 8407000, "calculatedOtherIncome": -3516000, "calculatedIncomeNonControlling": 0, "calculatedEbitda": 130428000}, {"date": "2003-12-31", "symbol": "SLAB", "reportedCurrency": "USD", "cik": "0001038074", "fillingDate": "2004-01-27", "acceptedDate": "2004-01-26 20:28:51", "calendarYear": "2003", "period": "FY", "revenue": 325305000, "costOfRevenue": 162173000, "grossProfit": 163132000, "grossProfitRatio": 0.5014740013, "researchAndDevelopmentExpenses": 48296000, "generalAndAdministrativeExpenses": 0, "sellingAndMarketingExpenses": 0, "sellingGeneralAndAdministrativeExpenses": 42836000, "otherExpenses": 4986000, "operatingExpenses": 96118000, "costAndExpenses": 258291000, "interestIncome": 1368000, "interestExpense": 2955000, "depreciationAndAmortization": 24155000, "ebitda": 93306000, "ebitdaratio": 0.2868262092, "operatingIncome": 65414000, "operatingIncomeRatio": 0.2010851355, "totalOtherIncomeExpensesNet": -2137000, "incomeBeforeTax": 66196000, "incomeBeforeTaxRatio": 0.2034890334, "incomeTaxExpense": 21480000, "netIncome": 44716000, "netIncomeRatio": 0.1374586926, "eps": 0.92, "epsdiluted": 0.86, "weightedAverageShsOut": 48850000, "weightedAverageShsOutDil": 52288000, "link": "https://www.sec.gov/Archives/edgar/data/1038074/000110465904001731/0001104659-04-001731-index.htm", "finalLink": "https://www.sec.gov/Archives/edgar/data/1038074/000110465904001731/a04-1490_110k.htm", "calculatedOtherExpenses": 6586000, "calculatedOperatingExpenses": 97718000, "calculatedNetInterest": -1587000, "calculatedOtherIncome": 2369000, "calculatedIncomeNonControlling": 0, "calculatedEbitda": 89569000}, {"date": "2002-12-28", "symbol": "SLAB", "reportedCurrency": "USD", "cik": "0001038074", "fillingDate": "2003-01-22", "acceptedDate": "2003-01-22 17:14:30", "calendarYear": "2002", "period": "FY", "revenue": 182016000, "costOfRevenue": 79939000, "grossProfit": 102077000, "grossProfitRatio": 0.5608133351, "researchAndDevelopmentExpenses": 32001000, "generalAndAdministrativeExpenses": 0, "sellingAndMarketingExpenses": 0, "sellingGeneralAndAdministrativeExpenses": 33877000, "otherExpenses": 5173000, "operatingExpenses": 71051000, "costAndExpenses": 150990000, "interestIncome": 0, "interestExpense": 403000, "depreciationAndAmortization": 17587000, "ebitda": 49297000, "ebitdaratio": 0.2708388274, "operatingIncome": 31026000, "operatingIncomeRatio": 0.1704575422, "totalOtherIncomeExpensesNet": -684000, "incomeBeforeTax": 31307000, "incomeBeforeTaxRatio": 0.1720013625, "incomeTaxExpense": 10590000, "netIncome": 20717000, "netIncomeRatio": 0.1138196642, "eps": 0.44, "epsdiluted": 0.41, "weightedAverageShsOut": 47419000, "weightedAverageShsOutDil": 50811000, "link": "https://www.sec.gov/Archives/edgar/data/1038074/000104746903002158/0001047469-03-002158-index.htm", "finalLink": "https://www.sec.gov/Archives/edgar/data/1038074/000104746903002158/a2101147z10-k.txt", "calculatedOtherExpenses": 5173000, "calculatedOperatingExpenses": 71051000, "calculatedNetInterest": -403000, "calculatedOtherIncome": 684000, "calculatedIncomeNonControlling": 0, "calculatedEbitda": 48613000}, {"date": "2001-12-29", "symbol": "SLAB", "reportedCurrency": "USD", "cik": "0001038074", "fillingDate": "2002-01-22", "acceptedDate": "2002-01-22 00:00:00", "calendarYear": "2001", "period": "FY", "revenue": 74065000, "costOfRevenue": 31930000, "grossProfit": 42135000, "grossProfitRatio": 0.5688921893, "researchAndDevelopmentExpenses": 28978000, "generalAndAdministrativeExpenses": 0, "sellingAndMarketingExpenses": 0, "sellingGeneralAndAdministrativeExpenses": 20056000, "otherExpenses": 44348000, "operatingExpenses": 93382000, "costAndExpenses": 125312000, "interestIncome": 0, "interestExpense": 32014000, "depreciationAndAmortization": 18174000, "ebitda": 1812000, "ebitdaratio": 0.024464997, "operatingIncome": -51247000, "operatingIncomeRatio": -0.6919192601, "totalOtherIncomeExpensesNet": -34885000, "incomeBeforeTax": -48376000, "incomeBeforeTaxRatio": -0.6531560116, "incomeTaxExpense": -2803000, "netIncome": -45573000, "netIncomeRatio": -0.6153108756, "eps": -0.99, "epsdiluted": -0.99, "weightedAverageShsOut": 45914000, "weightedAverageShsOutDil": 45914000, "link": "https://www.sec.gov/Archives/edgar/data/1038074/000091205702002177/0000912057-02-002177-index.htm", "finalLink": "https://www.sec.gov/Archives/edgar/data/1038074/000091205702002177/a2068073z10-k405.txt", "calculatedOtherExpenses": 44348000, "calculatedOperatingExpenses": 93382000, "calculatedNetInterest": -32014000, "calculatedOtherIncome": 34885000, "calculatedIncomeNonControlling": 0, "calculatedEbitda": -33073000}, {"date": "2000-12-30", "symbol": "SLAB", "reportedCurrency": "USD", "cik": "0001038074", "fillingDate": "2001-01-22", "acceptedDate": "2001-01-22 00:00:00", "calendarYear": "2000", "period": "FY", "revenue": 103103000, "costOfRevenue": 28835000, "grossProfit": 74268000, "grossProfitRatio": 0.7203282155, "researchAndDevelopmentExpenses": 19419000, "generalAndAdministrativeExpenses": 0, "sellingAndMarketingExpenses": 0, "sellingGeneralAndAdministrativeExpenses": 17648000, "otherExpenses": 13834000, "operatingExpenses": 50901000, "costAndExpenses": 79736000, "interestIncome": 0, "interestExpense": -2088000, "depreciationAndAmortization": 13834000, "ebitda": 37595000, "ebitdaratio": 0.3646353646, "operatingIncome": 23367000, "operatingIncomeRatio": 0.2266374402, "totalOtherIncomeExpensesNet": -394000, "incomeBeforeTax": 25849000, "incomeBeforeTaxRatio": 0.2507104546, "incomeTaxExpense": 11832000, "netIncome": 14017000, "netIncomeRatio": 0.1359514272, "eps": 0.37, "epsdiluted": 0.29, "weightedAverageShsOut": 38326000, "weightedAverageShsOutDil": 48788000, "link": "https://www.sec.gov/Archives/edgar/data/1038074/000091205701002379/0000912057-01-002379-index.htm", "finalLink": "https://www.sec.gov/Archives/edgar/data/1038074/000091205701002379/a2035857z10-k.txt", "calculatedOtherExpenses": 13834000, "calculatedOperatingExpenses": 50901000, "calculatedNetInterest": 2088000, "calculatedOtherIncome": 394000, "calculatedIncomeNonControlling": 0, "calculatedEbitda": 37201000}, {"date": "1999-12-31", "symbol": "SLAB", "reportedCurrency": "USD", "cik": "0001038074", "fillingDate": "1999-12-31", "acceptedDate": "1999-12-31 00:00:00", "calendarYear": "1999", "period": "FY", "revenue": 46900000, "costOfRevenue": 13600000, "grossProfit": 33300000, "grossProfitRatio": 0.710021322, "researchAndDevelopmentExpenses": 8300000, "generalAndAdministrativeExpenses": 0, "sellingAndMarketingExpenses": 0, "sellingGeneralAndAdministrativeExpenses": 7200000, "otherExpenses": 3100000, "operatingExpenses": 18600000, "costAndExpenses": 32200000, "interestIncome": 0, "interestExpense": 400000, "depreciationAndAmortization": 3100000, "ebitda": 17800000, "ebitdaratio": 0.3795309168, "operatingIncome": 14700000, "operatingIncomeRatio": 0.3134328358, "totalOtherIncomeExpensesNet": -400000, "incomeBeforeTax": 14300000, "incomeBeforeTaxRatio": 0.3049040512, "incomeTaxExpense": 3300000, "netIncome": 11000000, "netIncomeRatio": 0.2345415778, "eps": 0.73, "epsdiluted": 0.25, "weightedAverageShsOut": 15152000, "weightedAverageShsOutDil": 43657000, "link": null, "finalLink": null, "calculatedOtherExpenses": 3100000, "calculatedOperatingExpenses": 18600000, "calculatedNetInterest": -400000, "calculatedOtherIncome": 0, "calculatedIncomeNonControlling": 0, "calculatedEbitda": 17800000}]}