{"originalCurrency": "CAD", "convertedCurrency": "CAD", "report": [{"date": "2023-12-31", "symbol": "SLF", "reportedCurrency": "CAD", "cik": "0001097362", "fillingDate": "2023-12-31", "acceptedDate": "2023-12-30 19:00:00", "calendarYear": "2023", "period": "FY", "revenue": 32656000000, "costOfRevenue": 0, "grossProfit": 32656000000, "grossProfitRatio": 1, "researchAndDevelopmentExpenses": 0, "generalAndAdministrativeExpenses": 0, "sellingAndMarketingExpenses": 0, "sellingGeneralAndAdministrativeExpenses": 9997000000, "otherExpenses": -28852000000, "operatingExpenses": -28852000000, "costAndExpenses": 28726000000, "interestIncome": -4328000000, "interestExpense": 552000000, "depreciationAndAmortization": 598000000, "ebitda": 3804000000, "ebitdaratio": 0.1164870162, "operatingIncome": 3804000000, "operatingIncomeRatio": 0.1164870162, "totalOtherIncomeExpensesNet": 126000000, "incomeBeforeTax": 3930000000, "incomeBeforeTaxRatio": 0.1203454189, "incomeTaxExpense": 461000000, "netIncome": 3343000000, "netIncomeRatio": 0.1023701617, "eps": 5.27, "epsdiluted": 5.26, "weightedAverageShsOut": 586000000, "weightedAverageShsOutDil": 589000000, "link": null, "finalLink": null, "calculatedOtherExpenses": 18855000000, "calculatedOperatingExpenses": 28852000000, "calculatedNetInterest": -4880000000, "calculatedOtherIncome": 5006000000, "calculatedIncomeNonControlling": 126000000, "calculatedEbitda": 4402000000}, {"date": "2022-12-31", "symbol": "SLF", "reportedCurrency": "CAD", "cik": "0001097362", "fillingDate": "2022-12-31", "acceptedDate": "2022-12-30 19:00:00", "calendarYear": "2022", "period": "FY", "revenue": 23207000000, "costOfRevenue": 0, "grossProfit": 23207000000, "grossProfitRatio": 1, "researchAndDevelopmentExpenses": 0, "generalAndAdministrativeExpenses": 5107000000, "sellingAndMarketingExpenses": 0, "sellingGeneralAndAdministrativeExpenses": 5107000000, "otherExpenses": -24002000000, "operatingExpenses": -18895000000, "costAndExpenses": 19284000000, "interestIncome": 5863000000, "interestExpense": 445000000, "depreciationAndAmortization": 528000000, "ebitda": 4840000000, "ebitdaratio": 0.2085577627, "operatingIncome": 4312000000, "operatingIncomeRatio": 0.1858060068, "totalOtherIncomeExpensesNet": -389000000, "incomeBeforeTax": 3923000000, "incomeBeforeTaxRatio": 0.169043823, "incomeTaxExpense": 621000000, "netIncome": 3024000000, "netIncomeRatio": 0.1303055113, "eps": 4.9, "epsdiluted": 4.89, "weightedAverageShsOut": 586000000, "weightedAverageShsOutDil": 589000000, "link": "", "finalLink": "", "calculatedOtherExpenses": 13788000000, "calculatedOperatingExpenses": 18895000000, "calculatedNetInterest": 5418000000, "calculatedOtherIncome": -5807000000, "calculatedIncomeNonControlling": 278000000, "calculatedEbitda": 4840000000}, {"date": "2021-12-31", "symbol": "SLF", "reportedCurrency": "CAD", "cik": "0001097362", "fillingDate": "2021-12-31", "acceptedDate": "2021-12-31 00:00:00", "calendarYear": "2021", "period": "FY", "revenue": 35690000000, "costOfRevenue": 0, "grossProfit": 35690000000, "grossProfitRatio": 1, "researchAndDevelopmentExpenses": 0, "generalAndAdministrativeExpenses": 5102000000, "sellingAndMarketingExpenses": 0, "sellingGeneralAndAdministrativeExpenses": 5102000000, "otherExpenses": -36238000000, "operatingExpenses": -31136000000, "costAndExpenses": 30593000000, "interestIncome": 5308000000, "interestExpense": 327000000, "depreciationAndAmortization": 438000000, "ebitda": 4992000000, "ebitdaratio": 0.1398711124, "operatingIncome": 4554000000, "operatingIncomeRatio": 0.1275987672, "totalOtherIncomeExpensesNet": 543000000, "incomeBeforeTax": 5097000000, "incomeBeforeTaxRatio": 0.1428131129, "incomeTaxExpense": 727000000, "netIncome": 4370000000, "netIncomeRatio": 0.1224432614, "eps": 6.73, "epsdiluted": 6.68, "weightedAverageShsOut": 586000000, "weightedAverageShsOutDil": 590000000, "link": null, "finalLink": null, "calculatedOtherExpenses": 26034000000, "calculatedOperatingExpenses": 31136000000, "calculatedNetInterest": 4981000000, "calculatedOtherIncome": -4438000000, "calculatedIncomeNonControlling": 0, "calculatedEbitda": 4992000000}, {"date": "2020-12-31", "symbol": "SLF", "reportedCurrency": "CAD", "cik": "0001097362", "fillingDate": "2020-12-31", "acceptedDate": "2020-12-31 00:00:00", "calendarYear": "2020", "period": "FY", "revenue": 43337000000, "costOfRevenue": 0, "grossProfit": 43337000000, "grossProfitRatio": 1, "researchAndDevelopmentExpenses": 0, "generalAndAdministrativeExpenses": 4445000000, "sellingAndMarketingExpenses": 0, "sellingGeneralAndAdministrativeExpenses": 4445000000, "otherExpenses": -44506000000, "operatingExpenses": -40061000000, "costAndExpenses": 40050000000, "interestIncome": 5407000000, "interestExpense": 355000000, "depreciationAndAmortization": 406000000, "ebitda": 3682000000, "ebitdaratio": 0.0849620417, "operatingIncome": 3276000000, "operatingIncomeRatio": 0.0755936036, "totalOtherIncomeExpensesNet": 11000000, "incomeBeforeTax": 3287000000, "incomeBeforeTaxRatio": 0.0758474283, "incomeTaxExpense": 495000000, "netIncome": 2781000000, "netIncomeRatio": 0.0641714932, "eps": 4.11, "epsdiluted": 4.08, "weightedAverageShsOut": 585000000, "weightedAverageShsOutDil": 589000000, "link": null, "finalLink": null, "calculatedOtherExpenses": 35616000000, "calculatedOperatingExpenses": 40061000000, "calculatedNetInterest": 5052000000, "calculatedOtherIncome": -5041000000, "calculatedIncomeNonControlling": 11000000, "calculatedEbitda": 3682000000}, {"date": "2019-12-31", "symbol": "SLF", "reportedCurrency": "CAD", "cik": "0001097362", "fillingDate": "2019-12-31", "acceptedDate": "2019-12-31 00:00:00", "calendarYear": "2019", "period": "FY", "revenue": 39679000000, "costOfRevenue": 0, "grossProfit": 39679000000, "grossProfitRatio": 1, "researchAndDevelopmentExpenses": 0, "generalAndAdministrativeExpenses": 4090000000, "sellingAndMarketingExpenses": 0, "sellingGeneralAndAdministrativeExpenses": 4090000000, "otherExpenses": -40540000000, "operatingExpenses": -36450000000, "costAndExpenses": 36446000000, "interestIncome": 5855000000, "interestExpense": 333000000, "depreciationAndAmortization": 378000000, "ebitda": 3607000000, "ebitdaratio": 0.0909045087, "operatingIncome": 3229000000, "operatingIncomeRatio": 0.0813780589, "totalOtherIncomeExpensesNet": 4000000, "incomeBeforeTax": 3233000000, "incomeBeforeTaxRatio": 0.0814788679, "incomeTaxExpense": 286000000, "netIncome": 2943000000, "netIncomeRatio": 0.074170216, "eps": 4.42, "epsdiluted": 4.39, "weightedAverageShsOut": 592000000, "weightedAverageShsOutDil": 597000000, "link": null, "finalLink": null, "calculatedOtherExpenses": 32360000000, "calculatedOperatingExpenses": 36450000000, "calculatedNetInterest": 5522000000, "calculatedOtherIncome": -5518000000, "calculatedIncomeNonControlling": 4000000, "calculatedEbitda": 3607000000}, {"date": "2018-12-31", "symbol": "SLF", "reportedCurrency": "CAD", "cik": "0001097362", "fillingDate": "2019-02-15", "acceptedDate": "2019-02-14 19:30:40", "calendarYear": "2018", "period": "FY", "revenue": 26997000000, "costOfRevenue": 0, "grossProfit": 26997000000, "grossProfitRatio": 1, "researchAndDevelopmentExpenses": 0, "generalAndAdministrativeExpenses": 3707000000, "sellingAndMarketingExpenses": 0, "sellingGeneralAndAdministrativeExpenses": 3707000000, "otherExpenses": -26888000000, "operatingExpenses": -23181000000, "costAndExpenses": 23486000000, "interestIncome": 5641000000, "interestExpense": 305000000, "depreciationAndAmortization": 226000000, "ebitda": 4042000000, "ebitdaratio": 0.1497203393, "operatingIncome": 3816000000, "operatingIncomeRatio": 0.1413490388, "totalOtherIncomeExpensesNet": -305000000, "incomeBeforeTax": 3511000000, "incomeBeforeTaxRatio": 0.1300514872, "incomeTaxExpense": 597000000, "netIncome": 2914000000, "netIncomeRatio": 0.107937919, "eps": 4.81, "epsdiluted": 4.77, "weightedAverageShsOut": 606000000, "weightedAverageShsOutDil": 611000000, "link": "https://www.sec.gov/Archives/edgar/data/1097362/000119312519041325/0001193125-19-041325-index.html", "finalLink": "https://www.sec.gov/Archives/edgar/data/1097362/000119312519041325/d676358d40f.htm", "calculatedOtherExpenses": 19474000000, "calculatedOperatingExpenses": 23181000000, "calculatedNetInterest": 5336000000, "calculatedOtherIncome": -5641000000, "calculatedIncomeNonControlling": 0, "calculatedEbitda": 4042000000}, {"date": "2017-12-31", "symbol": "SLF", "reportedCurrency": "CAD", "cik": "0001097362", "fillingDate": "2018-02-16", "acceptedDate": "2018-02-15 18:29:58", "calendarYear": "2017", "period": "FY", "revenue": 29334000000, "costOfRevenue": 0, "grossProfit": 29334000000, "grossProfitRatio": 1, "researchAndDevelopmentExpenses": 0, "generalAndAdministrativeExpenses": 3672000000, "sellingAndMarketingExpenses": 0, "sellingGeneralAndAdministrativeExpenses": 3672000000, "otherExpenses": -29914000000, "operatingExpenses": -26242000000, "costAndExpenses": 26545000000, "interestIncome": 5413000000, "interestExpense": 303000000, "depreciationAndAmortization": 209000000, "ebitda": 3301000000, "ebitdaratio": 0.1125315334, "operatingIncome": 3092000000, "operatingIncomeRatio": 0.1054066953, "totalOtherIncomeExpensesNet": -303000000, "incomeBeforeTax": 2789000000, "incomeBeforeTaxRatio": 0.0950773846, "incomeTaxExpense": 302000000, "netIncome": 2487000000, "netIncomeRatio": 0.084782164, "eps": 3.51, "epsdiluted": 3.49, "weightedAverageShsOut": 613000000, "weightedAverageShsOutDil": 615759312, "link": "https://www.sec.gov/Archives/edgar/data/1097362/000119312518047494/0001193125-18-047494-index.html", "finalLink": "https://www.sec.gov/Archives/edgar/data/1097362/000119312518047494/d464993d40f.htm", "calculatedOtherExpenses": 22570000000, "calculatedOperatingExpenses": 26242000000, "calculatedNetInterest": 5110000000, "calculatedOtherIncome": -5413000000, "calculatedIncomeNonControlling": 0, "calculatedEbitda": 3301000000}, {"date": "2016-12-31", "symbol": "SLF", "reportedCurrency": "CAD", "cik": "0001097362", "fillingDate": "2017-02-16", "acceptedDate": "2017-02-16 17:16:09", "calendarYear": "2016", "period": "FY", "revenue": 28573000000, "costOfRevenue": 0, "grossProfit": 28573000000, "grossProfitRatio": 1, "researchAndDevelopmentExpenses": 0, "generalAndAdministrativeExpenses": 3394000000, "sellingAndMarketingExpenses": 0, "sellingGeneralAndAdministrativeExpenses": 3394000000, "otherExpenses": -28206000000, "operatingExpenses": -24812000000, "costAndExpenses": 25128000000, "interestIncome": 5489000000, "interestExpense": 316000000, "depreciationAndAmortization": 203000000, "ebitda": 3964000000, "ebitdaratio": 0.1387323697, "operatingIncome": 3761000000, "operatingIncomeRatio": 0.1316277605, "totalOtherIncomeExpensesNet": -316000000, "incomeBeforeTax": 3445000000, "incomeBeforeTaxRatio": 0.1205683687, "incomeTaxExpense": 619000000, "netIncome": 2826000000, "netIncomeRatio": 0.0989045602, "eps": 4.05, "epsdiluted": 4.03, "weightedAverageShsOut": 613000000, "weightedAverageShsOutDil": 619000000, "link": "https://www.sec.gov/Archives/edgar/data/1097362/000119312517046840/0001193125-17-046840-index.html", "finalLink": "https://www.sec.gov/Archives/edgar/data/1097362/000119312517046840/d287687d40f.htm", "calculatedOtherExpenses": 21418000000, "calculatedOperatingExpenses": 24812000000, "calculatedNetInterest": 5173000000, "calculatedOtherIncome": -5489000000, "calculatedIncomeNonControlling": 0, "calculatedEbitda": 3964000000}, {"date": "2015-12-31", "symbol": "SLF", "reportedCurrency": "CAD", "cik": "0001097362", "fillingDate": "2016-02-11", "acceptedDate": "2016-02-11 16:54:00", "calendarYear": "2015", "period": "FY", "revenue": 19274000000, "costOfRevenue": 0, "grossProfit": 19274000000, "grossProfitRatio": 1, "researchAndDevelopmentExpenses": 0, "generalAndAdministrativeExpenses": 2841000000, "sellingAndMarketingExpenses": 0, "sellingGeneralAndAdministrativeExpenses": 2841000000, "otherExpenses": -18894000000, "operatingExpenses": -16053000000, "costAndExpenses": 16375000000, "interestIncome": 5288000000, "interestExpense": 322000000, "depreciationAndAmortization": 166000000, "ebitda": 3387000000, "ebitdaratio": 0.1757289613, "operatingIncome": 3221000000, "operatingIncomeRatio": 0.1671163225, "totalOtherIncomeExpensesNet": -322000000, "incomeBeforeTax": 2899000000, "incomeBeforeTaxRatio": 0.1504098786, "incomeTaxExpense": 599000000, "netIncome": 2300000000, "netIncomeRatio": 0.1193317422, "eps": 3.57, "epsdiluted": 3.55, "weightedAverageShsOut": 612000000, "weightedAverageShsOutDil": 615492958, "link": "https://www.sec.gov/Archives/edgar/data/1097362/000119312516460007/0001193125-16-460007-index.html", "finalLink": "https://www.sec.gov/Archives/edgar/data/1097362/000119312516460007/d22463d40f.htm", "calculatedOtherExpenses": 13212000000, "calculatedOperatingExpenses": 16053000000, "calculatedNetInterest": 4966000000, "calculatedOtherIncome": -5288000000, "calculatedIncomeNonControlling": 0, "calculatedEbitda": 3387000000}, {"date": "2014-12-31", "symbol": "SLF", "reportedCurrency": "CAD", "cik": "0001097362", "fillingDate": "2015-02-12", "acceptedDate": "2015-02-11 19:00:00", "calendarYear": "2014", "period": "FY", "revenue": 25764000000, "costOfRevenue": 0, "grossProfit": 25764000000, "grossProfitRatio": 1, "researchAndDevelopmentExpenses": 0, "generalAndAdministrativeExpenses": 2624000000, "sellingAndMarketingExpenses": 0, "sellingGeneralAndAdministrativeExpenses": 2624000000, "otherExpenses": -25679000000, "operatingExpenses": -23055000000, "costAndExpenses": 23391000000, "interestIncome": 4941000000, "interestExpense": 336000000, "depreciationAndAmortization": 150000000, "ebitda": 2859000000, "ebitdaratio": 0.1109687937, "operatingIncome": 2709000000, "operatingIncomeRatio": 0.1051467163, "totalOtherIncomeExpensesNet": -336000000, "incomeBeforeTax": 2373000000, "incomeBeforeTaxRatio": 0.0921052632, "incomeTaxExpense": 491000000, "netIncome": 1882000000, "netIncomeRatio": 0.0730476634, "eps": 2.88, "epsdiluted": 2.86, "weightedAverageShsOut": 611000000, "weightedAverageShsOutDil": 619000000, "link": "https://www.sec.gov/Archives/edgar/data/1097362/000119312515046877/d825035dex2.htm", "finalLink": "https://www.sec.gov/Archives/edgar/data/1097362/000119312515046877/d825035dex2.htm", "calculatedOtherExpenses": 20431000000, "calculatedOperatingExpenses": 23055000000, "calculatedNetInterest": 4605000000, "calculatedOtherIncome": -4941000000, "calculatedIncomeNonControlling": 0, "calculatedEbitda": 2859000000}, {"date": "2013-12-31", "symbol": "SLF", "reportedCurrency": "CAD", "cik": "0001097362", "fillingDate": "2014-02-13", "acceptedDate": "2014-02-12 19:00:00", "calendarYear": "2013", "period": "FY", "revenue": 13874000000, "costOfRevenue": 0, "grossProfit": 13874000000, "grossProfitRatio": 1, "researchAndDevelopmentExpenses": 0, "generalAndAdministrativeExpenses": 2372000000, "sellingAndMarketingExpenses": 0, "sellingGeneralAndAdministrativeExpenses": 2372000000, "otherExpenses": -14555000000, "operatingExpenses": -12183000000, "costAndExpenses": 11782000000, "interestIncome": 4929000000, "interestExpense": 353000000, "depreciationAndAmortization": 123000000, "ebitda": 1814000000, "ebitdaratio": 0.130748162, "operatingIncome": 1691000000, "operatingIncomeRatio": 0.1218826582, "totalOtherIncomeExpensesNet": 401000000, "incomeBeforeTax": 2092000000, "incomeBeforeTaxRatio": 0.1507856422, "incomeTaxExpense": 283000000, "netIncome": 1055000000, "netIncomeRatio": 0.0760415165, "eps": 1.56, "epsdiluted": 1.55, "weightedAverageShsOut": 604000000, "weightedAverageShsOutDil": 614000000, "link": "https://www.sec.gov/Archives/edgar/data/1097362/000119312514051368/d661801dex2.htm", "finalLink": "https://www.sec.gov/Archives/edgar/data/1097362/000119312514051368/d661801dex2.htm", "calculatedOtherExpenses": 9811000000, "calculatedOperatingExpenses": 12183000000, "calculatedNetInterest": 4576000000, "calculatedOtherIncome": -4175000000, "calculatedIncomeNonControlling": 754000000, "calculatedEbitda": 1814000000}, {"date": "2012-12-31", "symbol": "SLF", "reportedCurrency": "CAD", "cik": "0001097362", "fillingDate": "2013-02-14", "acceptedDate": "2013-02-14 17:29:23", "calendarYear": "2012", "period": "FY", "revenue": 17559000000, "costOfRevenue": 0, "grossProfit": 17559000000, "grossProfitRatio": 1, "researchAndDevelopmentExpenses": 0, "generalAndAdministrativeExpenses": 1909000000, "sellingAndMarketingExpenses": 0, "sellingGeneralAndAdministrativeExpenses": 1909000000, "otherExpenses": -17210000000, "operatingExpenses": -15301000000, "costAndExpenses": 15848000000, "interestIncome": 4430000000, "interestExpense": 367000000, "depreciationAndAmortization": 116000000, "ebitda": 2374000000, "ebitdaratio": 0.1352013213, "operatingIncome": 2258000000, "operatingIncomeRatio": 0.1285950225, "totalOtherIncomeExpensesNet": -547000000, "incomeBeforeTax": 1711000000, "incomeBeforeTaxRatio": 0.0974429068, "incomeTaxExpense": 210000000, "netIncome": 1681000000, "netIncomeRatio": 0.0957343812, "eps": 2.62, "epsdiluted": 2.59, "weightedAverageShsOut": 593000000, "weightedAverageShsOutDil": 604000000, "link": "https://www.sec.gov/Archives/edgar/data/1097362/000119312513060813/0001193125-13-060813-index.html", "finalLink": "https://www.sec.gov/Archives/edgar/data/1097362/000119312513060813/d460430d40f.htm", "calculatedOtherExpenses": 13392000000, "calculatedOperatingExpenses": 15301000000, "calculatedNetInterest": 4063000000, "calculatedOtherIncome": -4610000000, "calculatedIncomeNonControlling": -180000000, "calculatedEbitda": 2374000000}, {"date": "2011-12-31", "symbol": "SLF", "reportedCurrency": "CAD", "cik": "0001097362", "fillingDate": "2012-02-16", "acceptedDate": "2012-02-16 16:46:39", "calendarYear": "2011", "period": "FY", "revenue": 22581000000, "costOfRevenue": 0, "grossProfit": 22581000000, "grossProfitRatio": 1, "researchAndDevelopmentExpenses": 0, "generalAndAdministrativeExpenses": 1874000000, "sellingAndMarketingExpenses": 1545000000, "sellingGeneralAndAdministrativeExpenses": 3419000000, "otherExpenses": -26206000000, "operatingExpenses": -22787000000, "costAndExpenses": 23212000000, "interestIncome": 0, "interestExpense": 434000000, "depreciationAndAmortization": 46000000, "ebitda": -160000000, "ebitdaratio": -0.0070856029, "operatingIncome": -206000000, "operatingIncomeRatio": -0.0091227138, "totalOtherIncomeExpensesNet": -425000000, "incomeBeforeTax": -631000000, "incomeBeforeTaxRatio": -0.0279438466, "incomeTaxExpense": -447000000, "netIncome": -193000000, "netIncomeRatio": -0.0085470085, "eps": -0.33, "epsdiluted": -0.33, "weightedAverageShsOut": 579000000, "weightedAverageShsOutDil": 580000000, "link": "https://www.sec.gov/Archives/edgar/data/1097362/000119312512065426/0001193125-12-065426-index.html", "finalLink": "https://www.sec.gov/Archives/edgar/data/1097362/000119312512065426/d273215d40f.htm", "calculatedOtherExpenses": 19368000000, "calculatedOperatingExpenses": 22787000000, "calculatedNetInterest": -434000000, "calculatedOtherIncome": 9000000, "calculatedIncomeNonControlling": 9000000, "calculatedEbitda": -160000000}, {"date": "2010-12-31", "symbol": "SLF", "reportedCurrency": "CAD", "cik": "0001097362", "fillingDate": "2011-02-17", "acceptedDate": "2011-02-16 19:00:00", "calendarYear": "2010", "period": "FY", "revenue": 24640000000, "costOfRevenue": 0, "grossProfit": 24640000000, "grossProfitRatio": 1, "researchAndDevelopmentExpenses": 0, "generalAndAdministrativeExpenses": 3404000000, "sellingAndMarketingExpenses": 1591000000, "sellingGeneralAndAdministrativeExpenses": 4995000000, "otherExpenses": -27139000000, "operatingExpenses": -22144000000, "costAndExpenses": 22561000000, "interestIncome": 0, "interestExpense": 440000000, "depreciationAndAmortization": 93000000, "ebitda": 2589000000, "ebitdaratio": 0.1050730519, "operatingIncome": 2496000000, "operatingIncomeRatio": 0.1012987013, "totalOtherIncomeExpensesNet": -417000000, "incomeBeforeTax": 2079000000, "incomeBeforeTaxRatio": 0.084375, "incomeTaxExpense": 371000000, "netIncome": 1685000000, "netIncomeRatio": 0.0683847403, "eps": 2.48, "epsdiluted": 2.39, "weightedAverageShsOut": 568000000, "weightedAverageShsOutDil": 611000000, "link": "https://www.sec.gov/Archives/edgar/data/1097362/000119312511039177/dex2.htm", "finalLink": "https://www.sec.gov/Archives/edgar/data/1097362/000119312511039177/dex2.htm", "calculatedOtherExpenses": 17149000000, "calculatedOperatingExpenses": 22144000000, "calculatedNetInterest": -440000000, "calculatedOtherIncome": 23000000, "calculatedIncomeNonControlling": 23000000, "calculatedEbitda": 2589000000}, {"date": "2009-12-31", "symbol": "SLF", "reportedCurrency": "CAD", "cik": "0001097362", "fillingDate": "2010-02-11", "acceptedDate": "2010-02-11 16:25:46", "calendarYear": "2009", "period": "FY", "revenue": 27572000000, "costOfRevenue": 0, "grossProfit": 27572000000, "grossProfitRatio": 1, "researchAndDevelopmentExpenses": 0, "generalAndAdministrativeExpenses": 3176000000, "sellingAndMarketingExpenses": 1662000000, "sellingGeneralAndAdministrativeExpenses": 4838000000, "otherExpenses": -31936000000, "operatingExpenses": -27098000000, "costAndExpenses": 27477000000, "interestIncome": 0, "interestExpense": 403000000, "depreciationAndAmortization": 0, "ebitda": 474000000, "ebitdaratio": 0.0171913535, "operatingIncome": 474000000, "operatingIncomeRatio": 0.0171913535, "totalOtherIncomeExpensesNet": -379000000, "incomeBeforeTax": 95000000, "incomeBeforeTaxRatio": 0.0034455244, "incomeTaxExpense": -542000000, "netIncome": 613000000, "netIncomeRatio": 0.0222326998, "eps": 0.95, "epsdiluted": 0.94, "weightedAverageShsOut": 561000000, "weightedAverageShsOutDil": 562000000, "link": "https://www.sec.gov/Archives/edgar/data/1097362/000095012310011556/0000950123-10-011556-index.html", "finalLink": "https://www.sec.gov/Archives/edgar/data/1097362/000095012310011556/o59424e40vf.htm", "calculatedOtherExpenses": 22260000000, "calculatedOperatingExpenses": 27098000000, "calculatedNetInterest": -403000000, "calculatedOtherIncome": 24000000, "calculatedIncomeNonControlling": 24000000, "calculatedEbitda": 474000000}, {"date": "2008-12-31", "symbol": "SLF", "reportedCurrency": "CAD", "cik": "0001097362", "fillingDate": "2009-02-13", "acceptedDate": "2009-02-13 16:46:31", "calendarYear": "2008", "period": "FY", "revenue": 15563000000, "costOfRevenue": 0, "grossProfit": 15563000000, "grossProfitRatio": 1, "researchAndDevelopmentExpenses": 0, "generalAndAdministrativeExpenses": 1789000000, "sellingAndMarketingExpenses": -1545000000, "sellingGeneralAndAdministrativeExpenses": 244000000, "otherExpenses": -14929000000, "operatingExpenses": -14685000000, "costAndExpenses": 15026000000, "interestIncome": 0, "interestExpense": 366000000, "depreciationAndAmortization": 63000000, "ebitda": 941000000, "ebitdaratio": 0.0604639208, "operatingIncome": 878000000, "operatingIncomeRatio": 0.0564158581, "totalOtherIncomeExpensesNet": -341000000, "incomeBeforeTax": 537000000, "incomeBeforeTaxRatio": 0.0345049155, "incomeTaxExpense": -343000000, "netIncome": 855000000, "netIncomeRatio": 0.054937994, "eps": 1.4, "epsdiluted": 1.37, "weightedAverageShsOut": 561000000, "weightedAverageShsOutDil": 562000000, "link": "https://www.sec.gov/Archives/edgar/data/1097362/000090956709000138/0000909567-09-000138-index.html", "finalLink": "https://www.sec.gov/Archives/edgar/data/1097362/000090956709000138/o53436e40vf.htm", "calculatedOtherExpenses": 14441000000, "calculatedOperatingExpenses": 14685000000, "calculatedNetInterest": -366000000, "calculatedOtherIncome": 25000000, "calculatedIncomeNonControlling": 25000000, "calculatedEbitda": 941000000}, {"date": "2007-12-31", "symbol": "SLF", "reportedCurrency": "CAD", "cik": "0001097362", "fillingDate": "2008-02-14", "acceptedDate": "2008-02-13 19:00:00", "calendarYear": "2007", "period": "FY", "revenue": 21188000000, "costOfRevenue": 0, "grossProfit": 21188000000, "grossProfitRatio": 1, "researchAndDevelopmentExpenses": 0, "generalAndAdministrativeExpenses": 1886061450, "sellingAndMarketingExpenses": 0, "sellingGeneralAndAdministrativeExpenses": 1886061450, "otherExpenses": -19913061450, "operatingExpenses": -18027000000, "costAndExpenses": 18341000000, "interestIncome": 0, "interestExpense": 349000000, "depreciationAndAmortization": -32000000, "ebitda": 3129000000, "ebitdaratio": 0.1476779309, "operatingIncome": 3161000000, "operatingIncomeRatio": 0.1491882197, "totalOtherIncomeExpensesNet": 3212000000, "incomeBeforeTax": 2847000000, "incomeBeforeTaxRatio": 0.1343685105, "incomeTaxExpense": 522000000, "netIncome": 2290000000, "netIncomeRatio": 0.1080800453, "eps": 3.9, "epsdiluted": 3.85, "weightedAverageShsOut": 569000000, "weightedAverageShsOutDil": 572000000, "link": "https://www.sec.gov/Archives/edgar/data/1097362/000090956708000143/o39251exv99w2.htm", "finalLink": "https://www.sec.gov/Archives/edgar/data/1097362/000090956708000143/o39251exv99w2.htm", "calculatedOtherExpenses": 16140938550, "calculatedOperatingExpenses": 18027000000, "calculatedNetInterest": -349000000, "calculatedOtherIncome": 35000000, "calculatedIncomeNonControlling": 35000000, "calculatedEbitda": 3129000000}, {"date": "2006-12-31", "symbol": "SLF", "reportedCurrency": "CAD", "cik": "0001097362", "fillingDate": "2007-02-08", "acceptedDate": "2007-02-07 19:00:00", "calendarYear": "2006", "period": "FY", "revenue": 24287000000, "costOfRevenue": 0, "grossProfit": 24287000000, "grossProfitRatio": 1, "researchAndDevelopmentExpenses": 0, "generalAndAdministrativeExpenses": 0, "sellingAndMarketingExpenses": 0, "sellingGeneralAndAdministrativeExpenses": 0, "otherExpenses": -21431000000, "operatingExpenses": -21431000000, "costAndExpenses": 21727000000, "interestIncome": 0, "interestExpense": 323000000, "depreciationAndAmortization": -621000000, "ebitda": 2235000000, "ebitdaratio": 0.0920245399, "operatingIncome": 2856000000, "operatingIncomeRatio": 0.1175937744, "totalOtherIncomeExpensesNet": 3014000000, "incomeBeforeTax": 2560000000, "incomeBeforeTaxRatio": 0.1054061844, "incomeTaxExpense": 389000000, "netIncome": 2144000000, "netIncomeRatio": 0.0882776794, "eps": 3.62, "epsdiluted": 3.58, "weightedAverageShsOut": 577000000, "weightedAverageShsOutDil": 580000000, "link": "https://www.sec.gov/Archives/edgar/data/1097362/000090956707000136/o34598exv99w1.htm", "finalLink": "https://www.sec.gov/Archives/edgar/data/1097362/000090956707000136/o34598exv99w1.htm", "calculatedOtherExpenses": 21431000000, "calculatedOperatingExpenses": 21431000000, "calculatedNetInterest": -323000000, "calculatedOtherIncome": 27000000, "calculatedIncomeNonControlling": 27000000, "calculatedEbitda": 2235000000}, {"date": "2005-12-31", "symbol": "SLF", "reportedCurrency": "CAD", "cik": "0001097362", "fillingDate": "2006-02-13", "acceptedDate": "2006-02-12 19:00:00", "calendarYear": "2005", "period": "FY", "revenue": 21918000000, "costOfRevenue": 0, "grossProfit": 21918000000, "grossProfitRatio": 1, "researchAndDevelopmentExpenses": 0, "generalAndAdministrativeExpenses": 1733534600, "sellingAndMarketingExpenses": 0, "sellingGeneralAndAdministrativeExpenses": 1733534600, "otherExpenses": -20971534600, "operatingExpenses": -19238000000, "costAndExpenses": 19488000000, "interestIncome": 0, "interestExpense": 273000000, "depreciationAndAmortization": -472000000, "ebitda": 2208000000, "ebitdaratio": 0.1007391185, "operatingIncome": 2680000000, "operatingIncomeRatio": 0.1222739301, "totalOtherIncomeExpensesNet": 2899000000, "incomeBeforeTax": 2430000000, "incomeBeforeTaxRatio": 0.1108677799, "incomeTaxExpense": 531000000, "netIncome": 1876000000, "netIncomeRatio": 0.0855917511, "eps": 3.14, "epsdiluted": 3.12, "weightedAverageShsOut": 587000000, "weightedAverageShsOutDil": 590000000, "link": "https://www.sec.gov/Archives/edgar/data/1097362/000090956706000184/o30127exv99w1.htm", "finalLink": "https://www.sec.gov/Archives/edgar/data/1097362/000090956706000184/o30127exv99w1.htm", "calculatedOtherExpenses": 17504465400, "calculatedOperatingExpenses": 19238000000, "calculatedNetInterest": -273000000, "calculatedOtherIncome": 23000000, "calculatedIncomeNonControlling": 23000000, "calculatedEbitda": 2208000000}, {"date": "2004-12-31", "symbol": "SLF", "reportedCurrency": "CAD", "cik": "0001097362", "fillingDate": "2005-02-14", "acceptedDate": "2005-02-14 16:40:05", "calendarYear": "2004", "period": "FY", "revenue": 21748000000, "costOfRevenue": 0, "grossProfit": 21748000000, "grossProfitRatio": 1, "researchAndDevelopmentExpenses": 0, "generalAndAdministrativeExpenses": 1555198700, "sellingAndMarketingExpenses": 0, "sellingGeneralAndAdministrativeExpenses": 1555198700, "otherExpenses": -21121198700, "operatingExpenses": -19566000000, "costAndExpenses": 19681000000, "interestIncome": 0, "interestExpense": 195000000, "depreciationAndAmortization": -297000000, "ebitda": 1885000000, "ebitdaratio": 0.0866746367, "operatingIncome": 2182000000, "operatingIncomeRatio": 0.1003310649, "totalOtherIncomeExpensesNet": 2903000000, "incomeBeforeTax": 2067000000, "incomeBeforeTaxRatio": 0.0950432224, "incomeTaxExpense": 293000000, "netIncome": 1694000000, "netIncomeRatio": 0.07789222, "eps": 2.81, "epsdiluted": 2.79, "weightedAverageShsOut": 599000000, "weightedAverageShsOutDil": 602000000, "link": "https://www.sec.gov/Archives/edgar/data/1097362/000090956705000390/0000909567-05-000390-index.html", "finalLink": "https://www.sec.gov/Archives/edgar/data/1097362/000090956705000390/t15448e40vf.htm", "calculatedOtherExpenses": 18010801300, "calculatedOperatingExpenses": 19566000000, "calculatedNetInterest": -195000000, "calculatedOtherIncome": 80000000, "calculatedIncomeNonControlling": 80000000, "calculatedEbitda": 1885000000}, {"date": "2003-12-31", "symbol": "SLF", "reportedCurrency": "CAD", "cik": "0001097362", "fillingDate": "2004-02-17", "acceptedDate": "2004-02-17 13:33:02", "calendarYear": "2003", "period": "FY", "revenue": 16413000000, "costOfRevenue": 0, "grossProfit": 16413000000, "grossProfitRatio": 1, "researchAndDevelopmentExpenses": 0, "generalAndAdministrativeExpenses": 3097523250, "sellingAndMarketingExpenses": 0, "sellingGeneralAndAdministrativeExpenses": 3097523250, "otherExpenses": -18058523250, "operatingExpenses": -14961000000, "costAndExpenses": 14896000000, "interestIncome": 0, "interestExpense": 0, "depreciationAndAmortization": -98000000, "ebitda": 1354000000, "ebitdaratio": 0.0824955828, "operatingIncome": 1452000000, "operatingIncomeRatio": 0.0884664595, "totalOtherIncomeExpensesNet": 3053000000, "incomeBeforeTax": 1517000000, "incomeBeforeTaxRatio": 0.0924267349, "incomeTaxExpense": 307000000, "netIncome": 1145000000, "netIncomeRatio": 0.0697617742, "eps": 2.15, "epsdiluted": 2.15, "weightedAverageShsOut": 608000000, "weightedAverageShsOutDil": 608000000, "link": "https://www.sec.gov/Archives/edgar/data/1097362/000090956704000219/0000909567-04-000219-index.html", "finalLink": "https://www.sec.gov/Archives/edgar/data/1097362/000090956704000219/t11936e40vf.htm", "calculatedOtherExpenses": 11863476750, "calculatedOperatingExpenses": 14961000000, "calculatedNetInterest": 0, "calculatedOtherIncome": 65000000, "calculatedIncomeNonControlling": 65000000, "calculatedEbitda": 1354000000}, {"date": "2002-12-31", "symbol": "SLF", "reportedCurrency": "CAD", "cik": "0001097362", "fillingDate": "2003-02-14", "acceptedDate": "2003-02-14 15:00:22", "calendarYear": "2002", "period": "FY", "revenue": 14223000000, "costOfRevenue": 0, "grossProfit": 14223000000, "grossProfitRatio": 1, "researchAndDevelopmentExpenses": 0, "generalAndAdministrativeExpenses": 2789926800, "sellingAndMarketingExpenses": 0, "sellingGeneralAndAdministrativeExpenses": 2789926800, "otherExpenses": -16885926800, "operatingExpenses": -14096000000, "costAndExpenses": 13947000000, "interestIncome": 0, "interestExpense": 0, "depreciationAndAmortization": 193000000, "ebitda": 320000000, "ebitdaratio": 0.0224987696, "operatingIncome": 127000000, "operatingIncomeRatio": 0.0089291992, "totalOtherIncomeExpensesNet": 3258000000, "incomeBeforeTax": 276000000, "incomeBeforeTaxRatio": 0.0194051888, "incomeTaxExpense": -250000000, "netIncome": 377000000, "netIncomeRatio": 0.0265063629, "eps": 0.69, "epsdiluted": 0.69, "weightedAverageShsOut": 546376812, "weightedAverageShsOutDil": 546376812, "link": "https://www.sec.gov/Archives/edgar/data/1097362/000090956703000155/0000909567-03-000155-index.html", "finalLink": "https://www.sec.gov/Archives/edgar/data/1097362/000090956703000155/t08911e40vf.htm", "calculatedOtherExpenses": 11306073200, "calculatedOperatingExpenses": 14096000000, "calculatedNetInterest": 0, "calculatedOtherIncome": 149000000, "calculatedIncomeNonControlling": 149000000, "calculatedEbitda": 320000000}, {"date": "2001-12-31", "symbol": "SLF", "reportedCurrency": "CAD", "cik": "0001097362", "fillingDate": "2002-02-14", "acceptedDate": "2002-02-14 00:00:00", "calendarYear": "2001", "period": "FY", "revenue": 11607000000, "costOfRevenue": 0, "grossProfit": 11607000000, "grossProfitRatio": 1, "researchAndDevelopmentExpenses": 0, "generalAndAdministrativeExpenses": 2517365100, "sellingAndMarketingExpenses": 0, "sellingGeneralAndAdministrativeExpenses": 2517365100, "otherExpenses": -12988365100, "operatingExpenses": -10471000000, "costAndExpenses": 10303000000, "interestIncome": 0, "interestExpense": 0, "depreciationAndAmortization": -316000000, "ebitda": 820000000, "ebitdaratio": 0.0706470233, "operatingIncome": 1136000000, "operatingIncomeRatio": 0.0978719738, "totalOtherIncomeExpensesNet": 3205000000, "incomeBeforeTax": 1304000000, "incomeBeforeTaxRatio": 0.1123459981, "incomeTaxExpense": 340000000, "netIncome": 796000000, "netIncomeRatio": 0.0685793056, "eps": 1.88, "epsdiluted": 1.87, "weightedAverageShsOut": 423404255, "weightedAverageShsOutDil": 425668449, "link": "https://www.sec.gov/Archives/edgar/data/1097362/999999999702009630/9999999997-02-009630-index.html", "finalLink": "https://www.sec.gov/Archives/edgar/data/1097362/999999999702009630/9999999997-02-009630.paper", "calculatedOtherExpenses": 7953634900, "calculatedOperatingExpenses": 10471000000, "calculatedNetInterest": 0, "calculatedOtherIncome": 168000000, "calculatedIncomeNonControlling": 168000000, "calculatedEbitda": 820000000}, {"date": "2000-12-31", "symbol": "SLF", "reportedCurrency": "CAD", "cik": "0001097362", "fillingDate": "2000-12-31", "acceptedDate": "2000-12-30 19:00:00", "calendarYear": "2000", "period": "FY", "revenue": 16206000000, "costOfRevenue": 0, "grossProfit": 16206000000, "grossProfitRatio": 1, "researchAndDevelopmentExpenses": 0, "generalAndAdministrativeExpenses": 2503850670, "sellingAndMarketingExpenses": 0, "sellingGeneralAndAdministrativeExpenses": 2503850670, "otherExpenses": -17369850670, "operatingExpenses": -14866000000, "costAndExpenses": 15025000000, "interestIncome": 0, "interestExpense": 159000000, "depreciationAndAmortization": -260000000, "ebitda": 1080000000, "ebitdaratio": 0.0666419845, "operatingIncome": 1340000000, "operatingIncomeRatio": 0.0826854252, "totalOtherIncomeExpensesNet": 3317000000, "incomeBeforeTax": 1181000000, "incomeBeforeTaxRatio": 0.0728742441, "incomeTaxExpense": 379000000, "netIncome": 802000000, "netIncomeRatio": 0.049487844, "eps": 2.1, "epsdiluted": 2.09, "weightedAverageShsOut": 421000000, "weightedAverageShsOutDil": 421000000, "link": "", "finalLink": "", "calculatedOtherExpenses": 12362149330, "calculatedOperatingExpenses": 14866000000, "calculatedNetInterest": -159000000, "calculatedOtherIncome": 0, "calculatedIncomeNonControlling": 0, "calculatedEbitda": 1080000000}, {"date": "1999-12-31", "symbol": "SLF", "reportedCurrency": "CAD", "cik": "0001097362", "fillingDate": "1999-12-31", "acceptedDate": "1999-12-30 19:00:00", "calendarYear": "1999", "period": "FY", "revenue": 14749000000, "costOfRevenue": 0, "grossProfit": 14749000000, "grossProfitRatio": 1, "researchAndDevelopmentExpenses": 0, "generalAndAdministrativeExpenses": 0, "sellingAndMarketingExpenses": 0, "sellingGeneralAndAdministrativeExpenses": 0, "otherExpenses": -14082000000, "operatingExpenses": -14082000000, "costAndExpenses": 13980000000, "interestIncome": 0, "interestExpense": 85000000, "depreciationAndAmortization": -368000000, "ebitda": 299000000, "ebitdaratio": 0.0202725609, "operatingIncome": 667000000, "operatingIncomeRatio": 0.045223405, "totalOtherIncomeExpensesNet": 7296000000, "incomeBeforeTax": 769000000, "incomeBeforeTaxRatio": 0.0521391281, "incomeTaxExpense": 418000000, "netIncome": 164000000, "netIncomeRatio": 0.0111193979, "eps": 0.41, "epsdiluted": 0.41, "weightedAverageShsOut": 400000000, "weightedAverageShsOutDil": 400000000, "link": "", "finalLink": "", "calculatedOtherExpenses": 14082000000, "calculatedOperatingExpenses": 14082000000, "calculatedNetInterest": -85000000, "calculatedOtherIncome": 187000000, "calculatedIncomeNonControlling": 187000000, "calculatedEbitda": 299000000}, {"date": "1998-12-31", "symbol": "SLF", "reportedCurrency": "CAD", "cik": "0001097362", "fillingDate": "1998-12-31", "acceptedDate": "1998-12-30 19:00:00", "calendarYear": "1998", "period": "FY", "revenue": 7582000000, "costOfRevenue": 0, "grossProfit": 7582000000, "grossProfitRatio": 1, "researchAndDevelopmentExpenses": 0, "generalAndAdministrativeExpenses": 0, "sellingAndMarketingExpenses": 0, "sellingGeneralAndAdministrativeExpenses": 0, "otherExpenses": -7112000000, "operatingExpenses": -7112000000, "costAndExpenses": 6428000000, "interestIncome": 0, "interestExpense": 106000000, "depreciationAndAmortization": -355000000, "ebitda": 115000000, "ebitdaratio": 0.015167502, "operatingIncome": 470000000, "operatingIncomeRatio": 0.0619889211, "totalOtherIncomeExpensesNet": -56000000, "incomeBeforeTax": 1154000000, "incomeBeforeTaxRatio": 0.1522025851, "incomeTaxExpense": 310000000, "netIncome": 54000000, "netIncomeRatio": 0.0071221314, "eps": 0.14, "epsdiluted": 0.14, "weightedAverageShsOut": 400000000, "weightedAverageShsOutDil": 400000000, "link": "", "finalLink": "", "calculatedOtherExpenses": 7112000000, "calculatedOperatingExpenses": 7112000000, "calculatedNetInterest": -106000000, "calculatedOtherIncome": 790000000, "calculatedIncomeNonControlling": 790000000, "calculatedEbitda": 115000000}]}