{"originalCurrency": "USD", "convertedCurrency": "USD", "report": [{"date": "2023-12-31", "symbol": "SLG", "reportedCurrency": "USD", "cik": "0001040971", "fillingDate": "2024-02-23", "acceptedDate": "2024-02-23 16:06:40", "calendarYear": "2023", "period": "FY", "revenue": 913710000, "costOfRevenue": 615555000, "grossProfit": 298155000, "grossProfitRatio": 0.3263125062, "researchAndDevelopmentExpenses": 0, "generalAndAdministrativeExpenses": 0, "sellingAndMarketingExpenses": 0, "sellingGeneralAndAdministrativeExpenses": 111389000, "otherExpenses": -247050000, "operatingExpenses": 247050000, "costAndExpenses": 862605000, "interestIncome": 3034000, "interestExpense": 144951000, "depreciationAndAmortization": 247810000, "ebitda": 298915000, "ebitdaratio": 0.3271442799, "operatingIncome": 51105000, "operatingIncomeRatio": 0.055931313, "totalOtherIncomeExpensesNet": -650442000, "incomeBeforeTax": -599337000, "incomeBeforeTaxRatio": -0.6559378796, "incomeTaxExpense": -42033000, "netIncome": -557304000, "netIncomeRatio": -0.6099353186, "eps": -8.73, "epsdiluted": -8.73, "weightedAverageShsOut": 63809000, "weightedAverageShsOutDil": 63809000, "link": "https://www.sec.gov/Archives/edgar/data/1040971/000104097124000010/0001040971-24-000010-index.htm", "finalLink": "https://www.sec.gov/Archives/edgar/data/1040971/000104097124000010/slg-20231231.htm", "calculatedOtherExpenses": 135661000, "calculatedOperatingExpenses": 247050000, "calculatedNetInterest": -141917000, "calculatedOtherIncome": -508525000, "calculatedIncomeNonControlling": 0, "calculatedEbitda": 298915000}, {"date": "2022-12-31", "symbol": "SLG", "reportedCurrency": "USD", "cik": "0001040971", "fillingDate": "2023-02-17", "acceptedDate": "2023-02-16 18:05:34", "calendarYear": "2022", "period": "FY", "revenue": 826739000, "costOfRevenue": 339234000, "grossProfit": 487505000, "grossProfitRatio": 0.589672194, "researchAndDevelopmentExpenses": 0, "generalAndAdministrativeExpenses": 0, "sellingAndMarketingExpenses": 0, "sellingGeneralAndAdministrativeExpenses": 93798000, "otherExpenses": 215306000, "operatingExpenses": 309104000, "costAndExpenses": 648338000, "interestIncome": 986000, "interestExpense": 89473000, "depreciationAndAmortization": 215306000, "ebitda": 327932000, "ebitdaratio": 0.396657228, "operatingIncome": 112626000, "operatingIncomeRatio": 0.136229209, "totalOtherIncomeExpensesNet": -188929000, "incomeBeforeTax": -76303000, "incomeBeforeTaxRatio": -0.0922939404, "incomeTaxExpense": 89473000, "netIncome": -165776000, "netIncomeRatio": -0.2005179386, "eps": -2.59, "epsdiluted": -2.59, "weightedAverageShsOut": 63917000, "weightedAverageShsOutDil": 63917000, "link": "https://www.sec.gov/Archives/edgar/data/1040971/000104097123000009/0001040971-23-000009-index.htm", "finalLink": "https://www.sec.gov/Archives/edgar/data/1040971/000104097123000009/slg-20221231.htm", "calculatedOtherExpenses": 281081000, "calculatedOperatingExpenses": 374879000, "calculatedNetInterest": -88487000, "calculatedOtherIncome": -100442000, "calculatedIncomeNonControlling": 0, "calculatedEbitda": 327932000}, {"date": "2021-12-31", "symbol": "SLG", "reportedCurrency": "USD", "cik": "0001040971", "fillingDate": "2022-02-18", "acceptedDate": "2022-02-18 16:07:30", "calendarYear": "2021", "period": "FY", "revenue": 843991000, "costOfRevenue": 346542000, "grossProfit": 497449000, "grossProfitRatio": 0.5894008348, "researchAndDevelopmentExpenses": 0, "generalAndAdministrativeExpenses": 0, "sellingAndMarketingExpenses": 0, "sellingGeneralAndAdministrativeExpenses": 94912000, "otherExpenses": 240663000, "operatingExpenses": 335575000, "costAndExpenses": 682117000, "interestIncome": 1389000, "interestExpense": 70891000, "depreciationAndAmortization": 216869000, "ebitda": 311917000, "ebitdaratio": 0.3695738462, "operatingIncome": 95048000, "operatingIncomeRatio": 0.1126173146, "totalOtherIncomeExpensesNet": 385584000, "incomeBeforeTax": 480632000, "incomeBeforeTaxRatio": 0.5694752669, "incomeTaxExpense": 39062000, "netIncome": 457059000, "netIncomeRatio": 0.5415448743, "eps": 6.78, "epsdiluted": 6.7, "weightedAverageShsOut": 63788087, "weightedAverageShsOutDil": 68667769, "link": "https://www.sec.gov/Archives/edgar/data/1040971/000104097122000014/0001040971-22-000014-index.htm", "finalLink": "https://www.sec.gov/Archives/edgar/data/1040971/000104097122000014/slg-20211231.htm", "calculatedOtherExpenses": 307489000, "calculatedOperatingExpenses": 402401000, "calculatedNetInterest": -69502000, "calculatedOtherIncome": 455086000, "calculatedIncomeNonControlling": -15489000, "calculatedEbitda": 311917000}, {"date": "2020-12-31", "symbol": "SLG", "reportedCurrency": "USD", "cik": "0001040971", "fillingDate": "2021-02-26", "acceptedDate": "2021-02-26 17:00:54", "calendarYear": "2020", "period": "FY", "revenue": 1052744000, "costOfRevenue": 388558000, "grossProfit": 664186000, "grossProfitRatio": 0.6309093189, "researchAndDevelopmentExpenses": 0, "generalAndAdministrativeExpenses": 0, "sellingAndMarketingExpenses": 0, "sellingGeneralAndAdministrativeExpenses": 91826000, "otherExpenses": 374122000, "operatingExpenses": 465948000, "costAndExpenses": 854506000, "interestIncome": 2179000, "interestExpense": 116679000, "depreciationAndAmortization": 313668000, "ebitda": 474917000, "ebitdaratio": 0.4511229701, "operatingIncome": 161249000, "operatingIncomeRatio": 0.1531701914, "totalOtherIncomeExpensesNet": 253509000, "incomeBeforeTax": 414758000, "incomeBeforeTaxRatio": 0.3939780231, "incomeTaxExpense": 126440000, "netIncome": 379802000, "netIncomeRatio": 0.3607733694, "eps": 5.18, "epsdiluted": 5.16, "weightedAverageShsOut": 68401860, "weightedAverageShsOutDil": 72824525, "link": "https://www.sec.gov/Archives/edgar/data/1040971/000104097121000007/0001040971-21-000007-index.htm", "finalLink": "https://www.sec.gov/Archives/edgar/data/1040971/000104097121000007/slg-20201231.htm", "calculatedOtherExpenses": 411111000, "calculatedOperatingExpenses": 502937000, "calculatedNetInterest": -114500000, "calculatedOtherIncome": 368009000, "calculatedIncomeNonControlling": -91484000, "calculatedEbitda": 474917000}, {"date": "2019-12-31", "symbol": "SLG", "reportedCurrency": "USD", "cik": "0001040971", "fillingDate": "2020-02-28", "acceptedDate": "2020-02-28 17:11:36", "calendarYear": "2019", "period": "FY", "revenue": 1238995000, "costOfRevenue": 458628000, "grossProfit": 780367000, "grossProfitRatio": 0.6298386999, "researchAndDevelopmentExpenses": 0, "generalAndAdministrativeExpenses": 0, "sellingAndMarketingExpenses": 100875000, "sellingGeneralAndAdministrativeExpenses": 100875000, "otherExpenses": 279405000, "operatingExpenses": 380280000, "costAndExpenses": 838908000, "interestIncome": 4124000, "interestExpense": 190521000, "depreciationAndAmortization": 272358000, "ebitda": 626274000, "ebitdaratio": 0.5054693522, "operatingIncome": 353916000, "operatingIncomeRatio": 0.2856476418, "totalOtherIncomeExpensesNet": -62429000, "incomeBeforeTax": 291487000, "incomeBeforeTaxRatio": 0.2352608364, "incomeTaxExpense": 166145000, "netIncome": 125342000, "netIncomeRatio": 0.1011642501, "eps": 1.63, "epsdiluted": 1.63, "weightedAverageShsOut": 77057686, "weightedAverageShsOutDil": 77057686, "link": "https://www.sec.gov/Archives/edgar/data/1040971/000104097120000006/0001040971-20-000006-index.htm", "finalLink": "https://www.sec.gov/Archives/edgar/data/1040971/000104097120000006/a19q4slg10kdoc.htm", "calculatedOtherExpenses": 325576000, "calculatedOperatingExpenses": 426451000, "calculatedNetInterest": -186397000, "calculatedOtherIncome": 123968000, "calculatedIncomeNonControlling": 0, "calculatedEbitda": 626274000}, {"date": "2018-12-31", "symbol": "SLG", "reportedCurrency": "USD", "cik": "0001040971", "fillingDate": "2019-02-27", "acceptedDate": "2019-02-26 20:45:25", "calendarYear": "2018", "period": "FY", "revenue": 1227392000, "costOfRevenue": 448663000, "grossProfit": 778729000, "grossProfitRatio": 0.634458266, "researchAndDevelopmentExpenses": 0, "generalAndAdministrativeExpenses": 0, "sellingAndMarketingExpenses": 92631000, "sellingGeneralAndAdministrativeExpenses": 92631000, "otherExpenses": 279507000, "operatingExpenses": 599681000, "costAndExpenses": 1048344000, "interestIncome": 1957000, "interestExpense": 210626000, "depreciationAndAmortization": 279507000, "ebitda": 456948000, "ebitdaratio": 0.3722918188, "operatingIncome": 668388000, "operatingIncomeRatio": 0.5445595213, "totalOtherIncomeExpensesNet": 312885000, "incomeBeforeTax": 270856000, "incomeBeforeTaxRatio": 0.220676035, "incomeTaxExpense": -186906000, "netIncome": 258646000, "netIncomeRatio": 0.2107281129, "eps": 2.99, "epsdiluted": 2.99, "weightedAverageShsOut": 86545569, "weightedAverageShsOutDil": 86545569, "link": "https://www.sec.gov/Archives/edgar/data/1040971/000104097119000007/0001040971-19-000007-index.htm", "finalLink": "https://www.sec.gov/Archives/edgar/data/1040971/000104097119000007/a18q4slg10kdoc.htm", "calculatedOtherExpenses": 17710000, "calculatedOperatingExpenses": 110341000, "calculatedNetInterest": -208669000, "calculatedOtherIncome": -188863000, "calculatedIncomeNonControlling": 199116000, "calculatedEbitda": 947895000}, {"date": "2017-12-31", "symbol": "SLG", "reportedCurrency": "USD", "cik": "0001040971", "fillingDate": "2018-02-23", "acceptedDate": "2018-02-23 17:24:53", "calendarYear": "2017", "period": "FY", "revenue": 1511473000, "costOfRevenue": 570918000, "grossProfit": 940555000, "grossProfitRatio": 0.6222770767, "researchAndDevelopmentExpenses": 0, "generalAndAdministrativeExpenses": 0, "sellingAndMarketingExpenses": 100498000, "sellingGeneralAndAdministrativeExpenses": 100498000, "otherExpenses": 403320000, "operatingExpenses": 503818000, "costAndExpenses": 1074736000, "interestIncome": 1584000, "interestExpense": 258629000, "depreciationAndAmortization": 403320000, "ebitda": 924074000, "ebitdaratio": 0.6113731439, "operatingIncome": 863783000, "operatingIncomeRatio": 0.5714842409, "totalOtherIncomeExpensesNet": -62125000, "incomeBeforeTax": 101069000, "incomeBeforeTaxRatio": 0.0668678832, "incomeTaxExpense": 345854000, "netIncome": 112775000, "netIncomeRatio": 0.0746126461, "eps": 0.9, "epsdiluted": 0.9, "weightedAverageShsOut": 95776216, "weightedAverageShsOutDil": 100471214, "link": "https://www.sec.gov/Archives/edgar/data/1040971/000104097118000006/0001040971-18-000006-index.htm", "finalLink": "https://www.sec.gov/Archives/edgar/data/1040971/000104097118000006/a17q4slg10kdoc.htm", "calculatedOtherExpenses": -23726000, "calculatedOperatingExpenses": 76772000, "calculatedNetInterest": -257045000, "calculatedOtherIncome": -505669000, "calculatedIncomeNonControlling": -357560000, "calculatedEbitda": 1267103000}, {"date": "2016-12-31", "symbol": "SLG", "reportedCurrency": "USD", "cik": "0001040971", "fillingDate": "2017-02-21", "acceptedDate": "2017-02-21 17:32:21", "calendarYear": "2016", "period": "FY", "revenue": 1863981000, "costOfRevenue": 594508000, "grossProfit": 1269473000, "grossProfitRatio": 0.6810546889, "researchAndDevelopmentExpenses": 0, "generalAndAdministrativeExpenses": 0, "sellingAndMarketingExpenses": 99759000, "sellingGeneralAndAdministrativeExpenses": 99759000, "otherExpenses": 821041000, "operatingExpenses": 920800000, "costAndExpenses": 1515308000, "interestIncome": 2796000, "interestExpense": 321199000, "depreciationAndAmortization": 821041000, "ebitda": 1157024000, "ebitdaratio": 0.6207273572, "operatingIncome": 348673000, "operatingIncomeRatio": 0.1870582372, "totalOtherIncomeExpensesNet": 276001000, "incomeBeforeTax": 278911000, "incomeBeforeTaxRatio": 0.14963189, "incomeTaxExpense": 350853000, "netIncome": 261131000, "netIncomeRatio": 0.1400931662, "eps": 2.41, "epsdiluted": 2.41, "weightedAverageShsOut": 97344454, "weightedAverageShsOutDil": 101907309, "link": "https://www.sec.gov/Archives/edgar/data/1040971/000104097117000005/0001040971-17-000005-index.htm", "finalLink": "https://www.sec.gov/Archives/edgar/data/1040971/000104097117000005/a16q4slg10kdoc.htm", "calculatedOtherExpenses": 821041000, "calculatedOperatingExpenses": 920800000, "calculatedNetInterest": -318403000, "calculatedOtherIncome": 248641000, "calculatedIncomeNonControlling": -333073000, "calculatedEbitda": 1169714000}, {"date": "2015-12-31", "symbol": "SLG", "reportedCurrency": "USD", "cik": "0001040971", "fillingDate": "2016-02-29", "acceptedDate": "2016-02-26 18:37:52", "calendarYear": "2015", "period": "FY", "revenue": 1662829000, "costOfRevenue": 567160000, "grossProfit": 1095669000, "grossProfitRatio": 0.658918626, "researchAndDevelopmentExpenses": 0, "generalAndAdministrativeExpenses": 0, "sellingAndMarketingExpenses": 94873000, "sellingGeneralAndAdministrativeExpenses": 94873000, "otherExpenses": 40078000, "operatingExpenses": 674986000, "costAndExpenses": 1242146000, "interestIncome": 2948000, "interestExpense": 326818000, "depreciationAndAmortization": 560887000, "ebitda": 952971000, "ebitdaratio": 0.5731022252, "operatingIncome": 1002345000, "operatingIncomeRatio": 0.6027949958, "totalOtherIncomeExpensesNet": 57471000, "incomeBeforeTax": 126936000, "incomeBeforeTaxRatio": 0.0763373744, "incomeTaxExpense": 158504000, "netIncome": 291051000, "netIncomeRatio": 0.1750336324, "eps": 2.79, "epsdiluted": 2.78, "weightedAverageShsOut": 96528271, "weightedAverageShsOutDil": 100792829, "link": "https://www.sec.gov/Archives/edgar/data/1040971/000104097116000016/0001040971-16-000016-index.htm", "finalLink": "https://www.sec.gov/Archives/edgar/data/1040971/000104097116000016/slg-20151231x10k.htm", "calculatedOtherExpenses": -1549000, "calculatedOperatingExpenses": 93324000, "calculatedNetInterest": -323870000, "calculatedOtherIncome": -551539000, "calculatedIncomeNonControlling": -322619000, "calculatedEbitda": 1563232000}, {"date": "2014-12-31", "symbol": "SLG", "reportedCurrency": "USD", "cik": "0001040971", "fillingDate": "2015-02-24", "acceptedDate": "2015-02-23 20:24:12", "calendarYear": "2014", "period": "FY", "revenue": 1519978000, "costOfRevenue": 532433000, "grossProfit": 987545000, "grossProfitRatio": 0.6497100616, "researchAndDevelopmentExpenses": 0, "generalAndAdministrativeExpenses": 0, "sellingAndMarketingExpenses": 92488000, "sellingGeneralAndAdministrativeExpenses": 92488000, "otherExpenses": 67446000, "operatingExpenses": 464098000, "costAndExpenses": 996531000, "interestIncome": 2498000, "interestExpense": 319898000, "depreciationAndAmortization": 371610000, "ebitda": 864788000, "ebitdaratio": 0.5689477085, "operatingIncome": 880522000, "operatingIncomeRatio": 0.5792991741, "totalOtherIncomeExpensesNet": 180059000, "incomeBeforeTax": 363729000, "incomeBeforeTaxRatio": 0.2392988583, "incomeTaxExpense": 152431000, "netIncome": 520806000, "netIncomeRatio": 0.3426404856, "eps": 5.4, "epsdiluted": 5.38, "weightedAverageShsOut": 93058519, "weightedAverageShsOutDil": 96869319, "link": "https://www.sec.gov/Archives/edgar/data/1040971/000104097115000003/0001040971-15-000003-index.htm", "finalLink": "https://www.sec.gov/Archives/edgar/data/1040971/000104097115000003/slg-20141231x10k.htm", "calculatedOtherExpenses": 14535000, "calculatedOperatingExpenses": 107023000, "calculatedNetInterest": -317400000, "calculatedOtherIncome": -199393000, "calculatedIncomeNonControlling": -309508000, "calculatedEbitda": 1252132000}, {"date": "2013-12-31", "symbol": "SLG", "reportedCurrency": "USD", "cik": "0001040971", "fillingDate": "2014-02-25", "acceptedDate": "2014-02-25 11:48:56", "calendarYear": "2013", "period": "FY", "revenue": 1469077000, "costOfRevenue": 552272000, "grossProfit": 916805000, "grossProfitRatio": 0.624068718, "researchAndDevelopmentExpenses": 0, "generalAndAdministrativeExpenses": 0, "sellingAndMarketingExpenses": 86192000, "sellingGeneralAndAdministrativeExpenses": 86192000, "otherExpenses": -2305000, "operatingExpenses": 426034000, "costAndExpenses": 978306000, "interestIncome": 2061000, "interestExpense": 332276000, "depreciationAndAmortization": 337692000, "ebitda": 853338000, "ebitdaratio": 0.5808667619, "operatingIncome": 818029000, "operatingIncomeRatio": 0.5568319428, "totalOtherIncomeExpensesNet": -11353000, "incomeBeforeTax": 132508000, "incomeBeforeTaxRatio": 0.0901981312, "incomeTaxExpense": 366662000, "netIncome": 137631000, "netIncomeRatio": 0.0936853548, "eps": 1.13, "epsdiluted": 1.13, "weightedAverageShsOut": 91418379, "weightedAverageShsOutDil": 91628255, "link": "https://www.sec.gov/Archives/edgar/data/1040971/000104097114000005/0001040971-14-000005-index.htm", "finalLink": "https://www.sec.gov/Archives/edgar/data/1040971/000104097114000005/slg-20131231x10k.htm", "calculatedOtherExpenses": 12584000, "calculatedOperatingExpenses": 98776000, "calculatedNetInterest": -330215000, "calculatedOtherIncome": -355306000, "calculatedIncomeNonControlling": -371785000, "calculatedEbitda": 1155721000}, {"date": "2012-12-31", "symbol": "SLG", "reportedCurrency": "USD", "cik": "0001040971", "fillingDate": "2013-02-27", "acceptedDate": "2013-02-27 17:03:31", "calendarYear": "2012", "period": "FY", "revenue": 1400255000, "costOfRevenue": 546655000, "grossProfit": 853600000, "grossProfitRatio": 0.6096032508, "researchAndDevelopmentExpenses": 0, "generalAndAdministrativeExpenses": 0, "sellingAndMarketingExpenses": 82840000, "sellingGeneralAndAdministrativeExpenses": 82840000, "otherExpenses": 332028000, "operatingExpenses": 414868000, "costAndExpenses": 961523000, "interestIncome": 1619000, "interestExpense": 332188000, "depreciationAndAmortization": 332028000, "ebitda": 778987000, "ebitdaratio": 0.5563179564, "operatingIncome": 834011000, "operatingIncomeRatio": 0.5956136561, "totalOtherIncomeExpensesNet": 105244000, "incomeBeforeTax": 193957000, "incomeBeforeTaxRatio": 0.1385154847, "incomeTaxExpense": 353691000, "netIncome": 198512000, "netIncomeRatio": 0.1417684636, "eps": 1.8, "epsdiluted": 1.79, "weightedAverageShsOut": 86786538, "weightedAverageShsOutDil": 90239771, "link": "https://www.sec.gov/Archives/edgar/data/1040971/000104746913001830/0001047469-13-001830-index.htm", "finalLink": "https://www.sec.gov/Archives/edgar/data/1040971/000104746913001830/a2213005z10-k.htm", "calculatedOtherExpenses": -63251000, "calculatedOperatingExpenses": 19589000, "calculatedNetInterest": -330569000, "calculatedOtherIncome": -309485000, "calculatedIncomeNonControlling": -358246000, "calculatedEbitda": 1166039000}, {"date": "2011-12-31", "symbol": "SLG", "reportedCurrency": "USD", "cik": "0001040971", "fillingDate": "2012-02-28", "acceptedDate": "2012-02-28 17:10:27", "calendarYear": "2011", "period": "FY", "revenue": 1263428000, "costOfRevenue": 438163000, "grossProfit": 825265000, "grossProfitRatio": 0.6531951168, "researchAndDevelopmentExpenses": 0, "generalAndAdministrativeExpenses": 118583000, "sellingAndMarketingExpenses": 0, "sellingGeneralAndAdministrativeExpenses": 118583000, "otherExpenses": 291463000, "operatingExpenses": 122818000, "costAndExpenses": 560981000, "interestIncome": 2004000, "interestExpense": 285917000, "depreciationAndAmortization": 292311000, "ebitda": 989044000, "ebitdaratio": 0.7828257724, "operatingIncome": 702447000, "operatingIncomeRatio": 0.5559849869, "totalOtherIncomeExpensesNet": -286597000, "incomeBeforeTax": 625257000, "incomeBeforeTaxRatio": 0.4948893012, "incomeTaxExpense": -237274000, "netIncome": 647410000, "netIncomeRatio": 0.5124233435, "eps": 7.59, "epsdiluted": 7.54, "weightedAverageShsOut": 81387096, "weightedAverageShsOutDil": 83798723, "link": "https://www.sec.gov/Archives/edgar/data/1040971/000104746912001784/0001047469-12-001784-index.htm", "finalLink": "https://www.sec.gov/Archives/edgar/data/1040971/000104746912001784/a2207424z10-k.htm", "calculatedOtherExpenses": 4235000, "calculatedOperatingExpenses": 122818000, "calculatedNetInterest": -283913000, "calculatedOtherIncome": 206723000, "calculatedIncomeNonControlling": 215121000, "calculatedEbitda": 994758000}, {"date": "2010-12-31", "symbol": "SLG", "reportedCurrency": "USD", "cik": "0001040971", "fillingDate": "2011-02-28", "acceptedDate": "2011-02-28 15:39:17", "calendarYear": "2010", "period": "FY", "revenue": 1138953000, "costOfRevenue": 378133000, "grossProfit": 760820000, "grossProfitRatio": 0.6679994697, "researchAndDevelopmentExpenses": 0, "generalAndAdministrativeExpenses": 119012000, "sellingAndMarketingExpenses": 0, "sellingGeneralAndAdministrativeExpenses": 119012000, "otherExpenses": 238821000, "operatingExpenses": 139513000, "costAndExpenses": 517646000, "interestIncome": 2146000, "interestExpense": 233647000, "depreciationAndAmortization": 240445000, "ebitda": 382486000, "ebitdaratio": 0.3358224615, "operatingIncome": 111132000, "operatingIncomeRatio": 0.0975738244, "totalOtherIncomeExpensesNet": 278918000, "incomeBeforeTax": 278251000, "incomeBeforeTaxRatio": 0.2443041987, "incomeTaxExpense": 120384000, "netIncome": 300575000, "netIncomeRatio": 0.2639046563, "eps": 3.57, "epsdiluted": 3.55, "weightedAverageShsOut": 75886602, "weightedAverageShsOutDil": 77499536, "link": "https://www.sec.gov/Archives/edgar/data/1040971/000104746911001531/0001047469-11-001531-index.htm", "finalLink": "https://www.sec.gov/Archives/edgar/data/1040971/000104746911001531/a2202105z10-k.htm", "calculatedOtherExpenses": 530676000, "calculatedOperatingExpenses": 649688000, "calculatedNetInterest": -231501000, "calculatedOtherIncome": 398620000, "calculatedIncomeNonControlling": -142708000, "calculatedEbitda": 351577000}, {"date": "2009-12-31", "symbol": "SLG", "reportedCurrency": "USD", "cik": "0001040971", "fillingDate": "2010-02-16", "acceptedDate": "2010-02-16 17:29:53", "calendarYear": "2009", "period": "FY", "revenue": 1010659000, "costOfRevenue": 217559000, "grossProfit": 793100000, "grossProfitRatio": 0.7847355043, "researchAndDevelopmentExpenses": 0, "generalAndAdministrativeExpenses": 105818000, "sellingAndMarketingExpenses": 0, "sellingGeneralAndAdministrativeExpenses": 105818000, "otherExpenses": 385002000, "operatingExpenses": 1176476000, "costAndExpenses": 1394035000, "interestIncome": 0, "interestExpense": 236300000, "depreciationAndAmortization": 234492000, "ebitda": -234890000, "ebitdaratio": -0.2324127129, "operatingIncome": -75743000, "operatingIncomeRatio": -0.0749441701, "totalOtherIncomeExpensesNet": 149280000, "incomeBeforeTax": 540, "incomeBeforeTaxRatio": 5.343e-07, "incomeTaxExpense": -377646000, "netIncome": 57544000, "netIncomeRatio": 0.0569371074, "eps": 0.56, "epsdiluted": 0.56, "weightedAverageShsOut": 67757803, "weightedAverageShsOutDil": 70001336, "link": "https://www.sec.gov/Archives/edgar/data/1040971/000104746910000912/0001047469-10-000912-index.htm", "finalLink": "https://www.sec.gov/Archives/edgar/data/1040971/000104746910000912/a2196347z10-k.htm", "calculatedOtherExpenses": 763025000, "calculatedOperatingExpenses": 868843000, "calculatedNetInterest": -236300000, "calculatedOtherIncome": 312043540, "calculatedIncomeNonControlling": 320102540, "calculatedEbitda": 158749000}, {"date": "2008-12-31", "symbol": "SLG", "reportedCurrency": "USD", "cik": "0001040971", "fillingDate": "2009-02-27", "acceptedDate": "2009-02-27 16:14:24", "calendarYear": "2008", "period": "FY", "revenue": 1116861000, "costOfRevenue": 229712000, "grossProfit": 887149000, "grossProfitRatio": 0.794323555, "researchAndDevelopmentExpenses": 0, "generalAndAdministrativeExpenses": 152380000, "sellingAndMarketingExpenses": -31494000, "sellingGeneralAndAdministrativeExpenses": 120886000, "otherExpenses": 351190000, "operatingExpenses": 625104000, "costAndExpenses": 625104000, "interestIncome": 0, "interestExpense": 281766000, "depreciationAndAmortization": 217624000, "ebitda": 709381000, "ebitdaratio": 0.6351560311, "operatingIncome": 491757000, "operatingIncomeRatio": 0.4403027772, "totalOtherIncomeExpensesNet": -11855000, "incomeBeforeTax": 409759000, "incomeBeforeTaxRatio": 0.3668845094, "incomeTaxExpense": 70143000, "netIncome": 409759000, "netIncomeRatio": 0.3668845094, "eps": 6.4, "epsdiluted": 6.38, "weightedAverageShsOut": 56351639, "weightedAverageShsOutDil": 58879864, "link": "https://www.sec.gov/Archives/edgar/data/1040971/000104746909001984/0001047469-09-001984-index.htm", "finalLink": "https://www.sec.gov/Archives/edgar/data/1040971/000104746909001984/a2191002z10-k.htm", "calculatedOtherExpenses": 274506000, "calculatedOperatingExpenses": 395392000, "calculatedNetInterest": -281766000, "calculatedOtherIncome": 199768000, "calculatedIncomeNonControlling": -70143000, "calculatedEbitda": 709381000}, {"date": "2007-12-31", "symbol": "SLG", "reportedCurrency": "USD", "cik": "0001040971", "fillingDate": "2008-02-27", "acceptedDate": "2008-02-27 17:30:57", "calendarYear": "2007", "period": "FY", "revenue": 1054523000, "costOfRevenue": 32389000, "grossProfit": 1022134000, "grossProfitRatio": 0.9692856391, "researchAndDevelopmentExpenses": 0, "generalAndAdministrativeExpenses": 0, "sellingAndMarketingExpenses": 0, "sellingGeneralAndAdministrativeExpenses": 105044000, "otherExpenses": 539851000, "operatingExpenses": 644895000, "costAndExpenses": 677284000, "interestIncome": 0, "interestExpense": 0, "depreciationAndAmortization": 204831000, "ebitda": 550561000, "ebitdaratio": 0.5220948239, "operatingIncome": 377239000, "operatingIncomeRatio": 0.3577342552, "totalOtherIncomeExpensesNet": 31509000, "incomeBeforeTax": 660410000, "incomeBeforeTaxRatio": 0.6262641972, "incomeTaxExpense": -283171000, "netIncome": 660410000, "netIncomeRatio": 0.6262641972, "eps": 11.22, "epsdiluted": 11.09, "weightedAverageShsOut": 57076488, "weightedAverageShsOutDil": 60130374, "link": "https://www.sec.gov/Archives/edgar/data/1040971/000110465908013434/0001104659-08-013434-index.htm", "finalLink": "https://www.sec.gov/Archives/edgar/data/1040971/000110465908013434/a08-2549_110k.htm", "calculatedOtherExpenses": 539851000, "calculatedOperatingExpenses": 644895000, "calculatedNetInterest": 0, "calculatedOtherIncome": 283171000, "calculatedIncomeNonControlling": 283171000, "calculatedEbitda": 582070000}, {"date": "2006-12-31", "symbol": "SLG", "reportedCurrency": "USD", "cik": "0001040971", "fillingDate": "2007-02-28", "acceptedDate": "2007-02-28 17:05:50", "calendarYear": "2006", "period": "FY", "revenue": 552277000, "costOfRevenue": 20150000, "grossProfit": 532127000, "grossProfitRatio": 0.9635146856, "researchAndDevelopmentExpenses": 0, "generalAndAdministrativeExpenses": 65741000, "sellingAndMarketingExpenses": 0, "sellingGeneralAndAdministrativeExpenses": 65741000, "otherExpenses": 280626000, "operatingExpenses": 346367000, "costAndExpenses": 366517000, "interestIncome": 0, "interestExpense": 0, "depreciationAndAmortization": 79510000, "ebitda": 265270000, "ebitdaratio": 0.4803205638, "operatingIncome": 185760000, "operatingIncomeRatio": 0.3363529533, "totalOtherIncomeExpensesNet": 98193000, "incomeBeforeTax": 220719000, "incomeBeforeTaxRatio": 0.3996527105, "incomeTaxExpense": 63234000, "netIncome": 220719000, "netIncomeRatio": 0.3996527105, "eps": 4.63, "epsdiluted": 4.51, "weightedAverageShsOut": 43328654, "weightedAverageShsOutDil": 47120021, "link": "https://www.sec.gov/Archives/edgar/data/1040971/000110465907015007/0001104659-07-015007-index.htm", "finalLink": "https://www.sec.gov/Archives/edgar/data/1040971/000110465907015007/a07-5521_110k.htm", "calculatedOtherExpenses": 280626000, "calculatedOperatingExpenses": 346367000, "calculatedNetInterest": 0, "calculatedOtherIncome": 34959000, "calculatedIncomeNonControlling": -63234000, "calculatedEbitda": 265270000}, {"date": "2005-12-31", "symbol": "SLG", "reportedCurrency": "USD", "cik": "0001040971", "fillingDate": "2006-03-16", "acceptedDate": "2006-03-15 17:37:00", "calendarYear": "2005", "period": "FY", "revenue": 440182000, "costOfRevenue": 19598000, "grossProfit": 420584000, "grossProfitRatio": 0.955477507, "researchAndDevelopmentExpenses": 0, "generalAndAdministrativeExpenses": 44215000, "sellingAndMarketingExpenses": 0, "sellingGeneralAndAdministrativeExpenses": 44215000, "otherExpenses": 229865000, "operatingExpenses": 274080000, "costAndExpenses": 293678000, "interestIncome": 0, "interestExpense": 0, "depreciationAndAmortization": 65108000, "ebitda": 200062000, "ebitdaratio": 0.4544983666, "operatingIncome": 146504000, "operatingIncomeRatio": 0.3328259674, "totalOtherIncomeExpensesNet": 11550000, "incomeBeforeTax": 157419000, "incomeBeforeTaxRatio": 0.3576225289, "incomeTaxExpense": -10915000, "netIncome": 157419000, "netIncomeRatio": 0.3576225289, "eps": 3.39, "epsdiluted": 3.29, "weightedAverageShsOut": 40608043, "weightedAverageShsOutDil": 44213825, "link": "https://www.sec.gov/Archives/edgar/data/1040971/000110465906016962/0001104659-06-016962-index.htm", "finalLink": "https://www.sec.gov/Archives/edgar/data/1040971/000110465906016962/a06-1960_110k.htm", "calculatedOtherExpenses": 229865000, "calculatedOperatingExpenses": 274080000, "calculatedNetInterest": 0, "calculatedOtherIncome": 10915000, "calculatedIncomeNonControlling": 10915000, "calculatedEbitda": 211612000}, {"date": "2004-12-31", "symbol": "SLG", "reportedCurrency": "USD", "cik": "0001040971", "fillingDate": "2005-03-15", "acceptedDate": "2005-03-15 16:03:41", "calendarYear": "2004", "period": "FY", "revenue": 348988000, "costOfRevenue": 16179000, "grossProfit": 332809000, "grossProfitRatio": 0.9536402398, "researchAndDevelopmentExpenses": 0, "generalAndAdministrativeExpenses": 30279000, "sellingAndMarketingExpenses": 0, "sellingGeneralAndAdministrativeExpenses": 30279000, "otherExpenses": 187054000, "operatingExpenses": 217333000, "costAndExpenses": 233512000, "interestIncome": 0, "interestExpense": 0, "depreciationAndAmortization": 59466000, "ebitda": 174942000, "ebitdaratio": 0.5012837118, "operatingIncome": 115476000, "operatingIncomeRatio": 0.3308881681, "totalOtherIncomeExpensesNet": 96308000, "incomeBeforeTax": 209430000, "incomeBeforeTaxRatio": 0.6001065939, "incomeTaxExpense": 2354000, "netIncome": 209430000, "netIncomeRatio": 0.6001065939, "eps": 5.07, "epsdiluted": 4.89, "weightedAverageShsOut": 38060384, "weightedAverageShsOutDil": 41856609, "link": "https://www.sec.gov/Archives/edgar/data/1040971/000110465905011116/0001104659-05-011116-index.htm", "finalLink": "https://www.sec.gov/Archives/edgar/data/1040971/000110465905011116/a05-4733_110k.htm", "calculatedOtherExpenses": 187054000, "calculatedOperatingExpenses": 217333000, "calculatedNetInterest": 0, "calculatedOtherIncome": 93954000, "calculatedIncomeNonControlling": -2354000, "calculatedEbitda": 174942000}, {"date": "2003-12-31", "symbol": "SLG", "reportedCurrency": "USD", "cik": "0001040971", "fillingDate": "2004-03-15", "acceptedDate": "2004-03-15 17:16:43", "calendarYear": "2003", "period": "FY", "revenue": 308957000, "costOfRevenue": 13562000, "grossProfit": 295395000, "grossProfitRatio": 0.9561039238, "researchAndDevelopmentExpenses": 0, "generalAndAdministrativeExpenses": 17131000, "sellingAndMarketingExpenses": 0, "sellingGeneralAndAdministrativeExpenses": 17131000, "otherExpenses": 172266000, "operatingExpenses": 189397000, "costAndExpenses": 202959000, "interestIncome": 0, "interestExpense": 0, "depreciationAndAmortization": 47282000, "ebitda": 153280000, "ebitdaratio": 0.4961208194, "operatingIncome": 105998000, "operatingIncomeRatio": 0.3430833417, "totalOtherIncomeExpensesNet": 24517000, "incomeBeforeTax": 98159000, "incomeBeforeTaxRatio": 0.3177108789, "incomeTaxExpense": 32356000, "netIncome": 98159000, "netIncomeRatio": 0.3177108789, "eps": 2.88, "epsdiluted": 2.74, "weightedAverageShsOut": 31350190, "weightedAverageShsOutDil": 37865083, "link": "https://www.sec.gov/Archives/edgar/data/1040971/000110465904007465/0001104659-04-007465-index.htm", "finalLink": "https://www.sec.gov/Archives/edgar/data/1040971/000110465904007465/a04-3127_110k.htm", "calculatedOtherExpenses": 172266000, "calculatedOperatingExpenses": 189397000, "calculatedNetInterest": 0, "calculatedOtherIncome": -7839000, "calculatedIncomeNonControlling": -32356000, "calculatedEbitda": 153280000}, {"date": "2002-12-31", "symbol": "SLG", "reportedCurrency": "USD", "cik": "0001040971", "fillingDate": "2003-03-26", "acceptedDate": "2003-03-26 16:31:34", "calendarYear": "2002", "period": "FY", "revenue": 246155000, "costOfRevenue": 12637000, "grossProfit": 233518000, "grossProfitRatio": 0.9486624281, "researchAndDevelopmentExpenses": 0, "generalAndAdministrativeExpenses": 13282000, "sellingAndMarketingExpenses": 0, "sellingGeneralAndAdministrativeExpenses": 13282000, "otherExpenses": 126217000, "operatingExpenses": 139499000, "costAndExpenses": 152136000, "interestIncome": 0, "interestExpense": 0, "depreciationAndAmortization": 39063000, "ebitda": 133082000, "ebitdaratio": 0.5406430907, "operatingIncome": 76038000, "operatingIncomeRatio": 0.308902927, "totalOtherIncomeExpensesNet": -4545000, "incomeBeforeTax": 71493000, "incomeBeforeTaxRatio": 0.2904389511, "incomeTaxExpense": 15143000, "netIncome": 74331000, "netIncomeRatio": 0.301968272, "eps": 2.2, "epsdiluted": 2.15, "weightedAverageShsOut": 29378718, "weightedAverageShsOutDil": 36714653, "link": "https://www.sec.gov/Archives/edgar/data/1040971/000110465903005012/0001104659-03-005012-index.htm", "finalLink": "https://www.sec.gov/Archives/edgar/data/1040971/000110465903005012/j8597_10k.htm", "calculatedOtherExpenses": 144198000, "calculatedOperatingExpenses": 157480000, "calculatedNetInterest": 0, "calculatedOtherIncome": -4545000, "calculatedIncomeNonControlling": -17981000, "calculatedEbitda": 115101000}, {"date": "2001-12-31", "symbol": "SLG", "reportedCurrency": "USD", "cik": "0001040971", "fillingDate": "2002-03-15", "acceptedDate": "2002-03-15 00:00:00", "calendarYear": "2001", "period": "FY", "revenue": 257685000, "costOfRevenue": 12579000, "grossProfit": 245106000, "grossProfitRatio": 0.9511845858, "researchAndDevelopmentExpenses": 0, "generalAndAdministrativeExpenses": 15374000, "sellingAndMarketingExpenses": 0, "sellingGeneralAndAdministrativeExpenses": 15374000, "otherExpenses": 127440000, "operatingExpenses": 142814000, "costAndExpenses": 155393000, "interestIncome": 0, "interestExpense": 0, "depreciationAndAmortization": 38336000, "ebitda": 135672000, "ebitdaratio": 0.5265032889, "operatingIncome": 63607000, "operatingIncomeRatio": 0.2468401343, "totalOtherIncomeExpensesNet": 4956000, "incomeBeforeTax": 63001000, "incomeBeforeTaxRatio": 0.2444884258, "incomeTaxExpense": 39291000, "netIncome": 63001000, "netIncomeRatio": 0.2444884258, "eps": 2.04, "epsdiluted": 2, "weightedAverageShsOut": 26227667, "weightedAverageShsOutDil": 28962853, "link": "https://www.sec.gov/Archives/edgar/data/1040971/000091205702009989/0000912057-02-009989-index.htm", "finalLink": "https://www.sec.gov/Archives/edgar/data/1040971/000091205702009989/a2073319z10-k.htm", "calculatedOtherExpenses": 166125000, "calculatedOperatingExpenses": 181499000, "calculatedNetInterest": 0, "calculatedOtherIncome": -606000, "calculatedIncomeNonControlling": -39291000, "calculatedEbitda": 101943000}, {"date": "2000-12-31", "symbol": "SLG", "reportedCurrency": "USD", "cik": "0001040971", "fillingDate": "2001-03-19", "acceptedDate": "2001-03-19 00:00:00", "calendarYear": "2000", "period": "FY", "revenue": 230323000, "costOfRevenue": 12660000, "grossProfit": 217663000, "grossProfitRatio": 0.9450337135, "researchAndDevelopmentExpenses": 0, "generalAndAdministrativeExpenses": 11561000, "sellingAndMarketingExpenses": 0, "sellingGeneralAndAdministrativeExpenses": 11561000, "otherExpenses": 116005000, "operatingExpenses": 127566000, "costAndExpenses": 140226000, "interestIncome": 0, "interestExpense": 0, "depreciationAndAmortization": 32511000, "ebitda": 122608000, "ebitdaratio": 0.5323306834, "operatingIncome": 90097000, "operatingIncomeRatio": 0.3911767388, "totalOtherIncomeExpensesNet": 0, "incomeBeforeTax": 0, "incomeBeforeTaxRatio": 0, "incomeTaxExpense": 3880000, "netIncome": 86217000, "netIncomeRatio": 0.3743308311, "eps": 3.23, "epsdiluted": 3.02, "weightedAverageShsOut": 23681952, "weightedAverageShsOutDil": 30915864, "link": "https://www.sec.gov/Archives/edgar/data/1040971/000091205701007714/0000912057-01-007714-index.htm", "finalLink": "https://www.sec.gov/Archives/edgar/data/1040971/000091205701007714/a2041396z10-k405.txt", "calculatedOtherExpenses": 116005000, "calculatedOperatingExpenses": 127566000, "calculatedNetInterest": 0, "calculatedOtherIncome": -90097000, "calculatedIncomeNonControlling": -90097000, "calculatedEbitda": 122608000}, {"date": "1999-12-31", "symbol": "SLG", "reportedCurrency": "USD", "cik": "0001040971", "fillingDate": "2000-03-16", "acceptedDate": "2000-03-16 00:00:00", "calendarYear": "1999", "period": "FY", "revenue": 206017000, "costOfRevenue": 12754000, "grossProfit": 193263000, "grossProfitRatio": 0.9380924875, "researchAndDevelopmentExpenses": 0, "generalAndAdministrativeExpenses": 22000, "sellingAndMarketingExpenses": 10900000, "sellingGeneralAndAdministrativeExpenses": 10922000, "otherExpenses": 105872000, "operatingExpenses": 116794000, "costAndExpenses": 129548000, "interestIncome": 0, "interestExpense": 0, "depreciationAndAmortization": 27260000, "ebitda": 103729000, "ebitdaratio": 0.5034972842, "operatingIncome": 76469000, "operatingIncomeRatio": 0.3711781067, "totalOtherIncomeExpensesNet": 0, "incomeBeforeTax": 0, "incomeBeforeTaxRatio": 0, "incomeTaxExpense": 33613000, "netIncome": 42856000, "netIncomeRatio": 0.2080216681, "eps": 1.41, "epsdiluted": 1.41, "weightedAverageShsOut": 23506084, "weightedAverageShsOutDil": 25923541, "link": "https://www.sec.gov/Archives/edgar/data/1040971/000091205700011919/0000912057-00-011919-index.html", "finalLink": "https://www.sec.gov/Archives/edgar/data/1040971/000091205700011919/", "calculatedOtherExpenses": 105872000, "calculatedOperatingExpenses": 116794000, "calculatedNetInterest": 0, "calculatedOtherIncome": -76469000, "calculatedIncomeNonControlling": -76469000, "calculatedEbitda": 103729000}, {"date": "1998-12-31", "symbol": "SLG", "reportedCurrency": "USD", "cik": "0001040971", "fillingDate": "1999-03-30", "acceptedDate": "1999-03-30 00:00:00", "calendarYear": "1998", "period": "FY", "revenue": 136972000, "costOfRevenue": 11082000, "grossProfit": 125890000, "grossProfitRatio": 0.9190929533, "researchAndDevelopmentExpenses": 0, "generalAndAdministrativeExpenses": 5760000, "sellingAndMarketingExpenses": 0, "sellingGeneralAndAdministrativeExpenses": 5760000, "otherExpenses": 74414000, "operatingExpenses": 80174000, "costAndExpenses": 91256000, "interestIncome": 0, "interestExpense": 0, "depreciationAndAmortization": 15404000, "ebitda": 61120000, "ebitdaratio": 0.4462225856, "operatingIncome": 45716000, "operatingIncomeRatio": 0.3337616447, "totalOtherIncomeExpensesNet": 0, "incomeBeforeTax": 0, "incomeBeforeTaxRatio": 0, "incomeTaxExpense": 16264000, "netIncome": 29452000, "netIncomeRatio": 0.2150220483, "eps": 1.22, "epsdiluted": 1.22, "weightedAverageShsOut": 19117154, "weightedAverageShsOutDil": 21517122, "link": "https://www.sec.gov/Archives/edgar/data/1040971/000104746999012337/0001047469-99-012337-index.html", "finalLink": "https://www.sec.gov/Archives/edgar/data/1040971/", "calculatedOtherExpenses": 74414000, "calculatedOperatingExpenses": 80174000, "calculatedNetInterest": 0, "calculatedOtherIncome": -45716000, "calculatedIncomeNonControlling": -45716000, "calculatedEbitda": 61120000}, {"date": "1997-12-31", "symbol": "SLG", "reportedCurrency": "USD", "cik": "0001040971", "fillingDate": "1998-03-31", "acceptedDate": "1998-03-31 00:00:00", "calendarYear": "1997", "period": "FY", "revenue": 32931000, "costOfRevenue": 0, "grossProfit": 32931000, "grossProfitRatio": 1, "researchAndDevelopmentExpenses": 0, "generalAndAdministrativeExpenses": 0, "sellingAndMarketingExpenses": 0, "sellingGeneralAndAdministrativeExpenses": 3137000, "otherExpenses": 17628000, "operatingExpenses": 20765000, "costAndExpenses": 20765000, "interestIncome": 0, "interestExpense": 0, "depreciationAndAmortization": 3626000, "ebitda": 15792000, "ebitdaratio": 0.4795481461, "operatingIncome": 12166000, "operatingIncomeRatio": 0.3694391303, "totalOtherIncomeExpensesNet": 0, "incomeBeforeTax": 0, "incomeBeforeTaxRatio": 0, "incomeTaxExpense": -15071000, "netIncome": 27237000, "netIncomeRatio": 0.8270930127, "eps": 0.31, "epsdiluted": 0.31, "weightedAverageShsOut": 11943484, "weightedAverageShsOutDil": 11943484, "link": "https://www.sec.gov/Archives/edgar/data/1040971/000100547798001006/0001005477-98-001006-index.html", "finalLink": "https://www.sec.gov/Archives/edgar/data/1040971/", "calculatedOtherExpenses": 17628000, "calculatedOperatingExpenses": 20765000, "calculatedNetInterest": 0, "calculatedOtherIncome": -12166000, "calculatedIncomeNonControlling": -12166000, "calculatedEbitda": 15792000}]}