{"originalCurrency": "USD", "convertedCurrency": "USD", "report": [{"date": "2023-12-31", "symbol": "SLGN", "reportedCurrency": "USD", "cik": "0000849869", "fillingDate": "2024-02-29", "acceptedDate": "2024-02-29 12:33:49", "calendarYear": "2023", "period": "FY", "revenue": 5988205000, "costOfRevenue": 4995647000, "grossProfit": 992558000, "grossProfitRatio": 0.1657521745, "researchAndDevelopmentExpenses": 0, "generalAndAdministrativeExpenses": 388710000, "sellingAndMarketingExpenses": -4333000, "sellingGeneralAndAdministrativeExpenses": 384377000, "otherExpenses": -4400000, "operatingExpenses": 384377000, "costAndExpenses": 5380024000, "interestIncome": 0, "interestExpense": 173315000, "depreciationAndAmortization": 263233000, "ebitda": 871414000, "ebitdaratio": 0.1455217382, "operatingIncome": 608181000, "operatingIncomeRatio": 0.1015631562, "totalOtherIncomeExpensesNet": -186060000, "incomeBeforeTax": 422121000, "incomeBeforeTaxRatio": 0.0704920757, "incomeTaxExpense": 96156000, "netIncome": 325965000, "netIncomeRatio": 0.0544345092, "eps": 3, "epsdiluted": 2.98, "weightedAverageShsOut": 108800000, "weightedAverageShsOutDil": 109237000, "link": "https://www.sec.gov/Archives/edgar/data/849869/000084986924000014/0000849869-24-000014-index.htm", "finalLink": "https://www.sec.gov/Archives/edgar/data/849869/000084986924000014/slgn-20231231.htm", "calculatedOtherExpenses": 0, "calculatedOperatingExpenses": 384377000, "calculatedNetInterest": -173315000, "calculatedOtherIncome": -12745000, "calculatedIncomeNonControlling": 0, "calculatedEbitda": 871414000}, {"date": "2022-12-31", "symbol": "SLGN", "reportedCurrency": "USD", "cik": "0000849869", "fillingDate": "2023-02-23", "acceptedDate": "2023-02-23 11:08:39", "calendarYear": "2022", "period": "FY", "revenue": 6411500000, "costOfRevenue": 5363700000, "grossProfit": 1047800000, "grossProfitRatio": 0.1634250955, "researchAndDevelopmentExpenses": 0, "generalAndAdministrativeExpenses": 416900000, "sellingAndMarketingExpenses": 0, "sellingGeneralAndAdministrativeExpenses": 416900000, "otherExpenses": 45200000, "operatingExpenses": 416900000, "costAndExpenses": 5780600000, "interestIncome": 126342000, "interestExpense": 126300000, "depreciationAndAmortization": 342338000, "ebitda": 944300000, "ebitdaratio": 0.1472822272, "operatingIncome": 601962000, "operatingIncomeRatio": 0.0938878578, "totalOtherIncomeExpensesNet": -127762000, "incomeBeforeTax": 474200000, "incomeBeforeTaxRatio": 0.0739608516, "incomeTaxExpense": 133400000, "netIncome": 340848000, "netIncomeRatio": 0.0531619746, "eps": 3.09, "epsdiluted": 3.07, "weightedAverageShsOut": 110465000, "weightedAverageShsOutDil": 111031000, "link": "https://www.sec.gov/Archives/edgar/data/849869/000084986923000019/0000849869-23-000019-index.htm", "finalLink": "https://www.sec.gov/Archives/edgar/data/849869/000084986923000019/slgn-20221231.htm", "calculatedOtherExpenses": 28938000, "calculatedOperatingExpenses": 445838000, "calculatedNetInterest": 42000, "calculatedOtherIncome": -127804000, "calculatedIncomeNonControlling": -48000, "calculatedEbitda": 944300000}, {"date": "2021-12-31", "symbol": "SLGN", "reportedCurrency": "USD", "cik": "0000849869", "fillingDate": "2022-02-24", "acceptedDate": "2022-02-24 16:32:11", "calendarYear": "2021", "period": "FY", "revenue": 5677100000, "costOfRevenue": 4758700000, "grossProfit": 918400000, "grossProfitRatio": 0.1617727361, "researchAndDevelopmentExpenses": 0, "generalAndAdministrativeExpenses": 378100000, "sellingAndMarketingExpenses": 0, "sellingGeneralAndAdministrativeExpenses": 378100000, "otherExpenses": 50800000, "operatingExpenses": 378100000, "costAndExpenses": 5136800000, "interestIncome": 108428000, "interestExpense": 108400000, "depreciationAndAmortization": 255900000, "ebitda": 847000000, "ebitdaratio": 0.1491958923, "operatingIncome": 591100000, "operatingIncomeRatio": 0.1041200613, "totalOtherIncomeExpensesNet": -124800000, "incomeBeforeTax": 466300000, "incomeBeforeTaxRatio": 0.0821370066, "incomeTaxExpense": 107200000, "netIncome": 359081000, "netIncomeRatio": 0.0632507794, "eps": 3.25, "epsdiluted": 3.23, "weightedAverageShsOut": 110396000, "weightedAverageShsOutDil": 111166000, "link": "https://www.sec.gov/Archives/edgar/data/849869/000084986922000018/0000849869-22-000018-index.htm", "finalLink": "https://www.sec.gov/Archives/edgar/data/849869/000084986922000018/slgn-20211231.htm", "calculatedOtherExpenses": -50800000, "calculatedOperatingExpenses": 327300000, "calculatedNetInterest": 28000, "calculatedOtherIncome": -124828000, "calculatedIncomeNonControlling": 19000, "calculatedEbitda": 847000000}, {"date": "2020-12-31", "symbol": "SLGN", "reportedCurrency": "USD", "cik": "0000849869", "fillingDate": "2021-02-25", "acceptedDate": "2021-02-25 15:59:51", "calendarYear": "2020", "period": "FY", "revenue": 4921900000, "costOfRevenue": 4054500000, "grossProfit": 867400000, "grossProfitRatio": 0.1762327556, "researchAndDevelopmentExpenses": 0, "generalAndAdministrativeExpenses": 377700000, "sellingAndMarketingExpenses": 0, "sellingGeneralAndAdministrativeExpenses": 377700000, "otherExpenses": 38700000, "operatingExpenses": 377700000, "costAndExpenses": 4432200000, "interestIncome": 103827000, "interestExpense": 103800000, "depreciationAndAmortization": 239600000, "ebitda": 752000000, "ebitdaratio": 0.1527865255, "operatingIncome": 512400000, "operatingIncomeRatio": 0.1041061379, "totalOtherIncomeExpensesNet": -105300000, "incomeBeforeTax": 407100000, "incomeBeforeTaxRatio": 0.0827119608, "incomeTaxExpense": 98400000, "netIncome": 308722000, "netIncomeRatio": 0.0627241512, "eps": 2.79, "epsdiluted": 2.77, "weightedAverageShsOut": 110768000, "weightedAverageShsOutDil": 111393000, "link": "https://www.sec.gov/Archives/edgar/data/849869/000084986921000033/0000849869-21-000033-index.htm", "finalLink": "https://www.sec.gov/Archives/edgar/data/849869/000084986921000033/slgn-20201231.htm", "calculatedOtherExpenses": -22700000, "calculatedOperatingExpenses": 355000000, "calculatedNetInterest": 27000, "calculatedOtherIncome": -105327000, "calculatedIncomeNonControlling": -22000, "calculatedEbitda": 752000000}, {"date": "2019-12-31", "symbol": "SLGN", "reportedCurrency": "USD", "cik": "0000849869", "fillingDate": "2020-03-02", "acceptedDate": "2020-03-02 14:02:45", "calendarYear": "2019", "period": "FY", "revenue": 4489900000, "costOfRevenue": 3776200000, "grossProfit": 713700000, "grossProfitRatio": 0.1589567696, "researchAndDevelopmentExpenses": 0, "generalAndAdministrativeExpenses": 315700000, "sellingAndMarketingExpenses": 0, "sellingGeneralAndAdministrativeExpenses": 315700000, "otherExpenses": 17800000, "operatingExpenses": 315700000, "costAndExpenses": 4091900000, "interestIncome": 105674000, "interestExpense": 105700000, "depreciationAndAmortization": 266200000, "ebitda": 625700000, "ebitdaratio": 0.139357224, "operatingIncome": 359500000, "operatingIncomeRatio": 0.0800685984, "totalOtherIncomeExpensesNet": -107400000, "incomeBeforeTax": 252100000, "incomeBeforeTaxRatio": 0.0561482438, "incomeTaxExpense": 58300000, "netIncome": 193800000, "netIncomeRatio": 0.0431635448, "eps": 1.75, "epsdiluted": 1.74, "weightedAverageShsOut": 110939000, "weightedAverageShsOutDil": 111508000, "link": "https://www.sec.gov/Archives/edgar/data/849869/000084986920000010/0000849869-20-000010-index.htm", "finalLink": "https://www.sec.gov/Archives/edgar/data/849869/000084986920000010/slgn-2019x1231x10k.htm", "calculatedOtherExpenses": 38500000, "calculatedOperatingExpenses": 354200000, "calculatedNetInterest": -26000, "calculatedOtherIncome": -107374000, "calculatedIncomeNonControlling": 0, "calculatedEbitda": 625700000}, {"date": "2018-12-31", "symbol": "SLGN", "reportedCurrency": "USD", "cik": "0000849869", "fillingDate": "2019-02-28", "acceptedDate": "2019-02-28 15:06:52", "calendarYear": "2018", "period": "FY", "revenue": 4448900000, "costOfRevenue": 3759100000, "grossProfit": 689800000, "grossProfitRatio": 0.1550495628, "researchAndDevelopmentExpenses": 0, "generalAndAdministrativeExpenses": 308400000, "sellingAndMarketingExpenses": 0, "sellingGeneralAndAdministrativeExpenses": 308400000, "otherExpenses": 37000000, "operatingExpenses": 308400000, "costAndExpenses": 4067500000, "interestIncome": 0, "interestExpense": 116300000, "depreciationAndAmortization": 195500000, "ebitda": 613900000, "ebitdaratio": 0.1379891659, "operatingIncome": 412100000, "operatingIncomeRatio": 0.0926296388, "totalOtherIncomeExpensesNet": 28200000, "incomeBeforeTax": 293300000, "incomeBeforeTaxRatio": 0.0659264088, "incomeTaxExpense": 69300000, "netIncome": 224000000, "netIncomeRatio": 0.0503495246, "eps": 2.03, "epsdiluted": 2.01, "weightedAverageShsOut": 110603000, "weightedAverageShsOutDil": 111632000, "link": "https://www.sec.gov/Archives/edgar/data/849869/000084986919000009/0000849869-19-000009-index.htm", "finalLink": "https://www.sec.gov/Archives/edgar/data/849869/000084986919000009/slgn-2018x1231x10k.htm", "calculatedOtherExpenses": -30700000, "calculatedOperatingExpenses": 277700000, "calculatedNetInterest": -116300000, "calculatedOtherIncome": -2500000, "calculatedIncomeNonControlling": 0, "calculatedEbitda": 607600000}, {"date": "2017-12-31", "symbol": "SLGN", "reportedCurrency": "USD", "cik": "0000849869", "fillingDate": "2018-03-01", "acceptedDate": "2018-03-01 11:36:58", "calendarYear": "2017", "period": "FY", "revenue": 4089900000, "costOfRevenue": 3428800000, "grossProfit": 661100000, "grossProfitRatio": 0.1616420939, "researchAndDevelopmentExpenses": 0, "generalAndAdministrativeExpenses": 298300000, "sellingAndMarketingExpenses": 0, "sellingGeneralAndAdministrativeExpenses": 298300000, "otherExpenses": 0, "operatingExpenses": 298300000, "costAndExpenses": 3727100000, "interestIncome": 0, "interestExpense": 110200000, "depreciationAndAmortization": 178300000, "ebitda": 541100000, "ebitdaratio": 0.1323015233, "operatingIncome": 357000000, "operatingIncomeRatio": 0.0872881978, "totalOtherIncomeExpensesNet": -12900000, "incomeBeforeTax": 239700000, "incomeBeforeTaxRatio": 0.0586077899, "incomeTaxExpense": -30000000, "netIncome": 269700000, "netIncomeRatio": 0.0659429326, "eps": 2.44, "epsdiluted": 2.42, "weightedAverageShsOut": 110353000, "weightedAverageShsOutDil": 111363000, "link": "https://www.sec.gov/Archives/edgar/data/849869/000084986918000010/0000849869-18-000010-index.htm", "finalLink": "https://www.sec.gov/Archives/edgar/data/849869/000084986918000010/slgn-2017x1231x10k.htm", "calculatedOtherExpenses": 5800000, "calculatedOperatingExpenses": 304100000, "calculatedNetInterest": -110200000, "calculatedOtherIncome": -7100000, "calculatedIncomeNonControlling": 0, "calculatedEbitda": 535300000}, {"date": "2016-12-31", "symbol": "SLGN", "reportedCurrency": "USD", "cik": "0000849869", "fillingDate": "2017-03-01", "acceptedDate": "2017-03-01 11:02:40", "calendarYear": "2016", "period": "FY", "revenue": 3612914000, "costOfRevenue": 3079378000, "grossProfit": 533536000, "grossProfitRatio": 0.1476747025, "researchAndDevelopmentExpenses": 0, "generalAndAdministrativeExpenses": 214745000, "sellingAndMarketingExpenses": 0, "sellingGeneralAndAdministrativeExpenses": 214745000, "otherExpenses": 0, "operatingExpenses": 214745000, "costAndExpenses": 3294123000, "interestIncome": 0, "interestExpense": 67813000, "depreciationAndAmortization": 143058000, "ebitda": 461849000, "ebitdaratio": 0.1278328241, "operatingIncome": 299730000, "operatingIncomeRatio": 0.0829607347, "totalOtherIncomeExpensesNet": -19061000, "incomeBeforeTax": 231917000, "incomeBeforeTaxRatio": 0.0641911211, "incomeTaxExpense": 78566000, "netIncome": 153351000, "netIncomeRatio": 0.0424452395, "eps": 1.28, "epsdiluted": 1.27, "weightedAverageShsOut": 119732000, "weightedAverageShsOutDil": 120498000, "link": "https://www.sec.gov/Archives/edgar/data/849869/000084986917000009/0000849869-17-000009-index.htm", "finalLink": "https://www.sec.gov/Archives/edgar/data/849869/000084986917000009/slgn-2016x1231x10k.htm", "calculatedOtherExpenses": 19061000, "calculatedOperatingExpenses": 233806000, "calculatedNetInterest": -67813000, "calculatedOtherIncome": 0, "calculatedIncomeNonControlling": 0, "calculatedEbitda": 442788000}, {"date": "2015-12-31", "symbol": "SLGN", "reportedCurrency": "USD", "cik": "0000849869", "fillingDate": "2016-02-25", "acceptedDate": "2016-02-25 13:50:51", "calendarYear": "2015", "period": "FY", "revenue": 3764000000, "costOfRevenue": 3209900000, "grossProfit": 554100000, "grossProfitRatio": 0.1472104145, "researchAndDevelopmentExpenses": 0, "generalAndAdministrativeExpenses": 219900000, "sellingAndMarketingExpenses": 0, "sellingGeneralAndAdministrativeExpenses": 219900000, "otherExpenses": 0, "operatingExpenses": 219900000, "costAndExpenses": 3429800000, "interestIncome": 0, "interestExpense": 66900000, "depreciationAndAmortization": 146300000, "ebitda": 480500000, "ebitdaratio": 0.1276567481, "operatingIncome": 319800000, "operatingIncomeRatio": 0.0849628055, "totalOtherIncomeExpensesNet": -14400000, "incomeBeforeTax": 252900000, "incomeBeforeTaxRatio": 0.0671891605, "incomeTaxExpense": 80500000, "netIncome": 172400000, "netIncomeRatio": 0.0458023379, "eps": 1.42, "epsdiluted": 1.41, "weightedAverageShsOut": 122042000, "weightedAverageShsOutDil": 122612000, "link": "https://www.sec.gov/Archives/edgar/data/849869/000084986916000051/0000849869-16-000051-index.htm", "finalLink": "https://www.sec.gov/Archives/edgar/data/849869/000084986916000051/slgn-2015x1231x10k.htm", "calculatedOtherExpenses": 14400000, "calculatedOperatingExpenses": 234300000, "calculatedNetInterest": -66900000, "calculatedOtherIncome": 0, "calculatedIncomeNonControlling": 0, "calculatedEbitda": 466100000}, {"date": "2014-12-31", "symbol": "SLGN", "reportedCurrency": "USD", "cik": "0000849869", "fillingDate": "2015-02-27", "acceptedDate": "2015-02-27 12:21:57", "calendarYear": "2014", "period": "FY", "revenue": 3911800000, "costOfRevenue": 3312000000, "grossProfit": 599800000, "grossProfitRatio": 0.1533309474, "researchAndDevelopmentExpenses": 0, "generalAndAdministrativeExpenses": 224400000, "sellingAndMarketingExpenses": 0, "sellingGeneralAndAdministrativeExpenses": 224400000, "otherExpenses": 0, "operatingExpenses": 224400000, "costAndExpenses": 3536400000, "interestIncome": 0, "interestExpense": 74800000, "depreciationAndAmortization": 152300000, "ebitda": 527700000, "ebitdaratio": 0.1348995347, "operatingIncome": 360900000, "operatingIncomeRatio": 0.092259318, "totalOtherIncomeExpensesNet": -16000000, "incomeBeforeTax": 284600000, "incomeBeforeTaxRatio": 0.0727542308, "incomeTaxExpense": 102200000, "netIncome": 182400000, "netIncomeRatio": 0.0466281507, "eps": 1.44, "epsdiluted": 1.43, "weightedAverageShsOut": 126852000, "weightedAverageShsOutDil": 127490000, "link": "https://www.sec.gov/Archives/edgar/data/849869/000084986915000010/0000849869-15-000010-index.htm", "finalLink": "https://www.sec.gov/Archives/edgar/data/849869/000084986915000010/slgn-2014x1231x10k.htm", "calculatedOtherExpenses": 14500000, "calculatedOperatingExpenses": 238900000, "calculatedNetInterest": -74800000, "calculatedOtherIncome": -1500000, "calculatedIncomeNonControlling": 0, "calculatedEbitda": 513200000}, {"date": "2013-12-31", "symbol": "SLGN", "reportedCurrency": "USD", "cik": "0000849869", "fillingDate": "2014-02-28", "acceptedDate": "2014-02-28 14:01:36", "calendarYear": "2013", "period": "FY", "revenue": 3708500000, "costOfRevenue": 3161300000, "grossProfit": 547200000, "grossProfitRatio": 0.147552919, "researchAndDevelopmentExpenses": 0, "generalAndAdministrativeExpenses": 211000000, "sellingAndMarketingExpenses": 0, "sellingGeneralAndAdministrativeExpenses": 211000000, "otherExpenses": 0, "operatingExpenses": 211000000, "costAndExpenses": 3372300000, "interestIncome": 0, "interestExpense": 67400000, "depreciationAndAmortization": 172200000, "ebitda": 508400000, "ebitdaratio": 0.1370904678, "operatingIncome": 324200000, "operatingIncomeRatio": 0.0874207901, "totalOtherIncomeExpensesNet": -14100000, "incomeBeforeTax": 254700000, "incomeBeforeTaxRatio": 0.0686800593, "incomeTaxExpense": 69300000, "netIncome": 185400000, "netIncomeRatio": 0.0499932587, "eps": 1.45, "epsdiluted": 1.44, "weightedAverageShsOut": 128508000, "weightedAverageShsOutDil": 129316000, "link": "https://www.sec.gov/Archives/edgar/data/849869/000084986914000007/0000849869-14-000007-index.htm", "finalLink": "https://www.sec.gov/Archives/edgar/data/849869/000084986914000007/slgn-2013x1230x10k.htm", "calculatedOtherExpenses": 12000000, "calculatedOperatingExpenses": 223000000, "calculatedNetInterest": -67400000, "calculatedOtherIncome": -2100000, "calculatedIncomeNonControlling": 0, "calculatedEbitda": 496400000}, {"date": "2012-12-31", "symbol": "SLGN", "reportedCurrency": "USD", "cik": "0000849869", "fillingDate": "2013-02-28", "acceptedDate": "2013-02-28 14:08:07", "calendarYear": "2012", "period": "FY", "revenue": 3588300000, "costOfRevenue": 3070700000, "grossProfit": 517600000, "grossProfitRatio": 0.1442465792, "researchAndDevelopmentExpenses": 0, "generalAndAdministrativeExpenses": 183390000, "sellingAndMarketingExpenses": 8710000, "sellingGeneralAndAdministrativeExpenses": 192100000, "otherExpenses": 0, "operatingExpenses": 192100000, "costAndExpenses": 3262800000, "interestIncome": 0, "interestExpense": 63000000, "depreciationAndAmortization": 169900000, "ebitda": 495400000, "ebitdaratio": 0.1380598055, "operatingIncome": 325500000, "operatingIncomeRatio": 0.090711479, "totalOtherIncomeExpensesNet": -38700000, "incomeBeforeTax": 223800000, "incomeBeforeTaxRatio": 0.0623693671, "incomeTaxExpense": 72500000, "netIncome": 151300000, "netIncomeRatio": 0.0421648134, "eps": 1.09, "epsdiluted": 1.09, "weightedAverageShsOut": 139142000, "weightedAverageShsOutDil": 139778000, "link": "https://www.sec.gov/Archives/edgar/data/849869/000119312513083508/0001193125-13-083508-index.htm", "finalLink": "https://www.sec.gov/Archives/edgar/data/849869/000119312513083508/d492006d10k.htm", "calculatedOtherExpenses": 0, "calculatedOperatingExpenses": 192100000, "calculatedNetInterest": -63000000, "calculatedOtherIncome": -38700000, "calculatedIncomeNonControlling": 0, "calculatedEbitda": 495400000}, {"date": "2011-12-31", "symbol": "SLGN", "reportedCurrency": "USD", "cik": "0000849869", "fillingDate": "2012-02-29", "acceptedDate": "2012-02-29 12:35:45", "calendarYear": "2011", "period": "FY", "revenue": 3509200000, "costOfRevenue": 2990600000, "grossProfit": 518600000, "grossProfitRatio": 0.1477829705, "researchAndDevelopmentExpenses": 0, "generalAndAdministrativeExpenses": 0, "sellingAndMarketingExpenses": 0, "sellingGeneralAndAdministrativeExpenses": 164500000, "otherExpenses": 0, "operatingExpenses": 164500000, "costAndExpenses": 3155100000, "interestIncome": 0, "interestExpense": 63000000, "depreciationAndAmortization": 162600000, "ebitda": 516700000, "ebitdaratio": 0.1472415365, "operatingIncome": 354100000, "operatingIncomeRatio": 0.1009061894, "totalOtherIncomeExpensesNet": -1000000, "incomeBeforeTax": 290100000, "incomeBeforeTaxRatio": 0.0826684145, "incomeTaxExpense": 96900000, "netIncome": 193200000, "netIncomeRatio": 0.0550552833, "eps": 1.38, "epsdiluted": 1.38, "weightedAverageShsOut": 139992000, "weightedAverageShsOutDil": 140764000, "link": "https://www.sec.gov/Archives/edgar/data/849869/000119312512088020/0001193125-12-088020-index.htm", "finalLink": "https://www.sec.gov/Archives/edgar/data/849869/000119312512088020/d304807d10k.htm", "calculatedOtherExpenses": 0, "calculatedOperatingExpenses": 164500000, "calculatedNetInterest": -63000000, "calculatedOtherIncome": -1000000, "calculatedIncomeNonControlling": 0, "calculatedEbitda": 516700000}, {"date": "2010-12-31", "symbol": "SLGN", "reportedCurrency": "USD", "cik": "0000849869", "fillingDate": "2011-02-28", "acceptedDate": "2011-02-28 13:58:56", "calendarYear": "2010", "period": "FY", "revenue": 3071500000, "costOfRevenue": 2599100000, "grossProfit": 472400000, "grossProfitRatio": 0.1538010744, "researchAndDevelopmentExpenses": 0, "generalAndAdministrativeExpenses": 0, "sellingAndMarketingExpenses": 0, "sellingGeneralAndAdministrativeExpenses": 189100000, "otherExpenses": 0, "operatingExpenses": 189100000, "costAndExpenses": 2788200000, "interestIncome": 0, "interestExpense": 61600000, "depreciationAndAmortization": 145800000, "ebitda": 429100000, "ebitdaratio": 0.1397037278, "operatingIncome": 283300000, "operatingIncomeRatio": 0.0922350643, "totalOtherIncomeExpensesNet": -29762000, "incomeBeforeTax": 221700000, "incomeBeforeTaxRatio": 0.0721797168, "incomeTaxExpense": 77100000, "netIncome": 144600000, "netIncomeRatio": 0.0470779749, "eps": 0.96, "epsdiluted": 0.95, "weightedAverageShsOut": 151810000, "weightedAverageShsOutDil": 153016000, "link": "https://www.sec.gov/Archives/edgar/data/849869/000119312511049364/0001193125-11-049364-index.htm", "finalLink": "https://www.sec.gov/Archives/edgar/data/849869/000119312511049364/d10k.htm", "calculatedOtherExpenses": 0, "calculatedOperatingExpenses": 189100000, "calculatedNetInterest": -61600000, "calculatedOtherIncome": 0, "calculatedIncomeNonControlling": 0, "calculatedEbitda": 429100000}, {"date": "2009-12-31", "symbol": "SLGN", "reportedCurrency": "USD", "cik": "0000849869", "fillingDate": "2010-03-01", "acceptedDate": "2010-03-01 09:39:08", "calendarYear": "2009", "period": "FY", "revenue": 3066800000, "costOfRevenue": 2605700000, "grossProfit": 461100000, "grossProfitRatio": 0.1503521586, "researchAndDevelopmentExpenses": 0, "generalAndAdministrativeExpenses": 0, "sellingAndMarketingExpenses": 0, "sellingGeneralAndAdministrativeExpenses": 161000000, "otherExpenses": 1491000, "operatingExpenses": 162500000, "costAndExpenses": 2768200000, "interestIncome": 0, "interestExpense": 51000000, "depreciationAndAmortization": 147300000, "ebitda": 445900000, "ebitdaratio": 0.1453958524, "operatingIncome": 298600000, "operatingIncomeRatio": 0.0973653319, "totalOtherIncomeExpensesNet": -50999000, "incomeBeforeTax": 247600000, "incomeBeforeTaxRatio": 0.0807356202, "incomeTaxExpense": 88200000, "netIncome": 159400000, "netIncomeRatio": 0.051976001, "eps": 1.05, "epsdiluted": 1.03, "weightedAverageShsOut": 152700000, "weightedAverageShsOutDil": 153944000, "link": "https://www.sec.gov/Archives/edgar/data/849869/000119312510043997/0001193125-10-043997-index.htm", "finalLink": "https://www.sec.gov/Archives/edgar/data/849869/000119312510043997/d10k.htm", "calculatedOtherExpenses": 1500000, "calculatedOperatingExpenses": 162500000, "calculatedNetInterest": -51000000, "calculatedOtherIncome": 0, "calculatedIncomeNonControlling": 0, "calculatedEbitda": 445900000}, {"date": "2008-12-31", "symbol": "SLGN", "reportedCurrency": "USD", "cik": "0000849869", "fillingDate": "2009-03-02", "acceptedDate": "2009-03-02 12:56:54", "calendarYear": "2008", "period": "FY", "revenue": 3121000000, "costOfRevenue": 2683500000, "grossProfit": 437500000, "grossProfitRatio": 0.1401794297, "researchAndDevelopmentExpenses": 0, "generalAndAdministrativeExpenses": 0, "sellingAndMarketingExpenses": 0, "sellingGeneralAndAdministrativeExpenses": 160600000, "otherExpenses": 0, "operatingExpenses": 172800000, "costAndExpenses": 2856300000, "interestIncome": 0, "interestExpense": 60200000, "depreciationAndAmortization": 145300000, "ebitda": 410000000, "ebitdaratio": 0.1313681512, "operatingIncome": 264700000, "operatingIncomeRatio": 0.0848125601, "totalOtherIncomeExpensesNet": -12180000, "incomeBeforeTax": 204500000, "incomeBeforeTaxRatio": 0.0655238706, "incomeTaxExpense": 72900000, "netIncome": 131600000, "netIncomeRatio": 0.0421659724, "eps": 0.87, "epsdiluted": 0.86, "weightedAverageShsOut": 151556000, "weightedAverageShsOutDil": 153144000, "link": "https://www.sec.gov/Archives/edgar/data/849869/000119312509042154/0001193125-09-042154-index.htm", "finalLink": "https://www.sec.gov/Archives/edgar/data/849869/000119312509042154/d10k.htm", "calculatedOtherExpenses": 12200000, "calculatedOperatingExpenses": 172800000, "calculatedNetInterest": -60200000, "calculatedOtherIncome": 0, "calculatedIncomeNonControlling": 0, "calculatedEbitda": 410000000}, {"date": "2007-12-31", "symbol": "SLGN", "reportedCurrency": "USD", "cik": "0000849869", "fillingDate": "2008-02-29", "acceptedDate": "2008-02-29 09:28:31", "calendarYear": "2007", "period": "FY", "revenue": 2922996000, "costOfRevenue": 2509336000, "grossProfit": 413660000, "grossProfitRatio": 0.141519181, "researchAndDevelopmentExpenses": 0, "generalAndAdministrativeExpenses": 0, "sellingAndMarketingExpenses": 0, "sellingGeneralAndAdministrativeExpenses": 148718000, "otherExpenses": 5738000, "operatingExpenses": 154456000, "costAndExpenses": 2663792000, "interestIncome": 0, "interestExpense": 49400, "depreciationAndAmortization": 139331000, "ebitda": 404273000, "ebitdaratio": 0.13830775, "operatingIncome": 259204000, "operatingIncomeRatio": 0.0886775076, "totalOtherIncomeExpensesNet": -5738000, "incomeBeforeTax": 193201000, "incomeBeforeTaxRatio": 0.0660969088, "incomeTaxExpense": 70422000, "netIncome": 122779000, "netIncomeRatio": 0.042004505, "eps": 0.82, "epsdiluted": 0.81, "weightedAverageShsOut": 150649080, "weightedAverageShsOutDil": 152520497, "link": "https://www.sec.gov/Archives/edgar/data/849869/000119312508042824/0001193125-08-042824-index.htm", "finalLink": "https://www.sec.gov/Archives/edgar/data/849869/000119312508042824/d10k.htm", "calculatedOtherExpenses": 5738000, "calculatedOperatingExpenses": 154456000, "calculatedNetInterest": -49400, "calculatedOtherIncome": -65953600, "calculatedIncomeNonControlling": 0, "calculatedEbitda": 398535000}, {"date": "2006-12-31", "symbol": "SLGN", "reportedCurrency": "USD", "cik": "0000849869", "fillingDate": "2007-03-01", "acceptedDate": "2007-03-01 09:01:51", "calendarYear": "2006", "period": "FY", "revenue": 2667519000, "costOfRevenue": 2305148000, "grossProfit": 362371000, "grossProfitRatio": 0.1358457053, "researchAndDevelopmentExpenses": 0, "generalAndAdministrativeExpenses": 0, "sellingAndMarketingExpenses": 0, "sellingGeneralAndAdministrativeExpenses": 131379000, "otherExpenses": 16347000, "operatingExpenses": 147726000, "costAndExpenses": 2452874000, "interestIncome": 0, "interestExpense": 49400, "depreciationAndAmortization": 127411000, "ebitda": 358632000, "ebitdaratio": 0.1344440283, "operatingIncome": 214645000, "operatingIncomeRatio": 0.080466156, "totalOtherIncomeExpensesNet": -16576000, "incomeBeforeTax": 155248000, "incomeBeforeTaxRatio": 0.058199398, "incomeTaxExpense": 51232000, "netIncome": 104016000, "netIncomeRatio": 0.0389935367, "eps": 0.7, "epsdiluted": 0.69, "weightedAverageShsOut": 149663309, "weightedAverageShsOutDil": 151848175, "link": "https://www.sec.gov/Archives/edgar/data/849869/000119312507043593/0001193125-07-043593-index.htm", "finalLink": "https://www.sec.gov/Archives/edgar/data/849869/000119312507043593/d10k.htm", "calculatedOtherExpenses": 16347000, "calculatedOperatingExpenses": 147726000, "calculatedNetInterest": -49400, "calculatedOtherIncome": -59347600, "calculatedIncomeNonControlling": 0, "calculatedEbitda": 342056000}, {"date": "2005-12-31", "symbol": "SLGN", "reportedCurrency": "USD", "cik": "0000849869", "fillingDate": "2006-03-14", "acceptedDate": "2006-03-14 15:34:22", "calendarYear": "2005", "period": "FY", "revenue": 2495551000, "costOfRevenue": 2171608000, "grossProfit": 323943000, "grossProfitRatio": 0.1298082067, "researchAndDevelopmentExpenses": 0, "generalAndAdministrativeExpenses": 0, "sellingAndMarketingExpenses": 0, "sellingGeneralAndAdministrativeExpenses": 114668000, "otherExpenses": 270000, "operatingExpenses": 114938000, "costAndExpenses": 2286546000, "interestIncome": 0, "interestExpense": 49400, "depreciationAndAmortization": 123443000, "ebitda": 343948000, "ebitdaratio": 0.1378244724, "operatingIncome": 209005000, "operatingIncomeRatio": 0.0837510434, "totalOtherIncomeExpensesNet": -11500000, "incomeBeforeTax": 148389000, "incomeBeforeTaxRatio": 0.0594614175, "incomeTaxExpense": 60839000, "netIncome": 87550000, "netIncomeRatio": 0.0350824327, "eps": 0.59, "epsdiluted": 0.58, "weightedAverageShsOut": 148389831, "weightedAverageShsOutDil": 150300429, "link": "https://www.sec.gov/Archives/edgar/data/849869/000119312506053598/0001193125-06-053598-index.htm", "finalLink": "https://www.sec.gov/Archives/edgar/data/849869/000119312506053598/d10k.htm", "calculatedOtherExpenses": 270000, "calculatedOperatingExpenses": 114938000, "calculatedNetInterest": -49400, "calculatedOtherIncome": -60566600, "calculatedIncomeNonControlling": 0, "calculatedEbitda": 332448000}, {"date": "2004-12-31", "symbol": "SLGN", "reportedCurrency": "USD", "cik": "0000849869", "fillingDate": "2005-03-07", "acceptedDate": "2005-03-07 09:49:18", "calendarYear": "2004", "period": "FY", "revenue": 2420445000, "costOfRevenue": 2110059000, "grossProfit": 310386000, "grossProfitRatio": 0.1282350973, "researchAndDevelopmentExpenses": 0, "generalAndAdministrativeExpenses": 0, "sellingAndMarketingExpenses": 0, "sellingGeneralAndAdministrativeExpenses": 108716000, "otherExpenses": 2089000, "operatingExpenses": 110805000, "costAndExpenses": 2220864000, "interestIncome": 0, "interestExpense": 0, "depreciationAndAmortization": 122410000, "ebitda": 325670000, "ebitdaratio": 0.1345496386, "operatingIncome": 199581000, "operatingIncomeRatio": 0.0824563252, "totalOtherIncomeExpensesNet": -3679000, "incomeBeforeTax": 142359000, "incomeBeforeTaxRatio": 0.0588152179, "incomeTaxExpense": 58214000, "netIncome": 84145000, "netIncomeRatio": 0.0347642686, "eps": 0.29, "epsdiluted": 0.28, "weightedAverageShsOut": 146848000, "weightedAverageShsOutDil": 148760000, "link": "https://www.sec.gov/Archives/edgar/data/849869/000084986905000012/0000849869-05-000012-index.htm", "finalLink": "https://www.sec.gov/Archives/edgar/data/849869/000084986905000012/fin04.txt", "calculatedOtherExpenses": 2089000, "calculatedOperatingExpenses": 110805000, "calculatedNetInterest": 0, "calculatedOtherIncome": -57222000, "calculatedIncomeNonControlling": 0, "calculatedEbitda": 321991000}, {"date": "2003-12-31", "symbol": "SLGN", "reportedCurrency": "USD", "cik": "0000849869", "fillingDate": "2004-03-15", "acceptedDate": "2004-03-15 12:07:10", "calendarYear": "2003", "period": "FY", "revenue": 2312165000, "costOfRevenue": 2026687000, "grossProfit": 285478000, "grossProfitRatio": 0.1234678321, "researchAndDevelopmentExpenses": 0, "generalAndAdministrativeExpenses": 0, "sellingAndMarketingExpenses": 0, "sellingGeneralAndAdministrativeExpenses": 108393000, "otherExpenses": 8993000, "operatingExpenses": 117386000, "costAndExpenses": 2144073000, "interestIncome": 0, "interestExpense": 0, "depreciationAndAmortization": 115202000, "ebitda": 311460000, "ebitdaratio": 0.1347049194, "operatingIncome": 168092000, "operatingIncomeRatio": 0.072698964, "totalOtherIncomeExpensesNet": -28447000, "incomeBeforeTax": 70058000, "incomeBeforeTaxRatio": 0.0302997407, "incomeTaxExpense": 27743000, "netIncome": 42034000, "netIncomeRatio": 0.0181794984, "eps": 0.29, "epsdiluted": 0.28, "weightedAverageShsOut": 146205217, "weightedAverageShsOutDil": 147487719, "link": "https://www.sec.gov/Archives/edgar/data/849869/000084986904000013/0000849869-04-000013-index.htm", "finalLink": "https://www.sec.gov/Archives/edgar/data/849869/000084986904000013/financials2003.txt", "calculatedOtherExpenses": 8993000, "calculatedOperatingExpenses": 117386000, "calculatedNetInterest": 0, "calculatedOtherIncome": -98034000, "calculatedIncomeNonControlling": 281000, "calculatedEbitda": 283294000}, {"date": "2002-12-31", "symbol": "SLGN", "reportedCurrency": "USD", "cik": "0000849869", "fillingDate": "2003-03-31", "acceptedDate": "2003-03-31 13:45:34", "calendarYear": "2002", "period": "FY", "revenue": 1988284000, "costOfRevenue": 1749731000, "grossProfit": 238553000, "grossProfitRatio": 0.119979339, "researchAndDevelopmentExpenses": 0, "generalAndAdministrativeExpenses": 0, "sellingAndMarketingExpenses": 0, "sellingGeneralAndAdministrativeExpenses": 76216000, "otherExpenses": -5603000, "operatingExpenses": 70613000, "costAndExpenses": 1820344000, "interestIncome": 0, "interestExpense": 0, "depreciationAndAmortization": 98303000, "ebitda": 260640000, "ebitdaratio": 0.131087913, "operatingIncome": 167940000, "operatingIncomeRatio": 0.0844647948, "totalOtherIncomeExpensesNet": 3049000, "incomeBeforeTax": 94151000, "incomeBeforeTaxRatio": 0.0473528932, "incomeTaxExpense": 37190000, "netIncome": 53808000, "netIncomeRatio": 0.0270625323, "eps": 0.19, "epsdiluted": 0.18, "weightedAverageShsOut": 144816000, "weightedAverageShsOutDil": 147080000, "link": "https://www.sec.gov/Archives/edgar/data/849869/000084986903000009/0000849869-03-000009-index.htm", "finalLink": "https://www.sec.gov/Archives/edgar/data/849869/000084986903000009/tenk02.txt", "calculatedOtherExpenses": -5603000, "calculatedOperatingExpenses": 70613000, "calculatedNetInterest": 0, "calculatedOtherIncome": -73789000, "calculatedIncomeNonControlling": 3153000, "calculatedEbitda": 266243000}, {"date": "2001-12-31", "symbol": "SLGN", "reportedCurrency": "USD", "cik": "0000849869", "fillingDate": "2002-03-29", "acceptedDate": "2002-03-29 00:00:00", "calendarYear": "2001", "period": "FY", "revenue": 1940994000, "costOfRevenue": 1700708000, "grossProfit": 240286000, "grossProfitRatio": 0.1237953337, "researchAndDevelopmentExpenses": 0, "generalAndAdministrativeExpenses": 0, "sellingAndMarketingExpenses": 0, "sellingGeneralAndAdministrativeExpenses": 78541000, "otherExpenses": 9334000, "operatingExpenses": 87875000, "costAndExpenses": 1788583000, "interestIncome": 0, "interestExpense": 0, "depreciationAndAmortization": 97206000, "ebitda": 254043000, "ebitdaratio": 0.1308829394, "operatingIncome": 152411000, "operatingIncomeRatio": 0.0785221387, "totalOtherIncomeExpensesNet": -8566000, "incomeBeforeTax": 76127000, "incomeBeforeTaxRatio": 0.0392206261, "incomeTaxExpense": 30222000, "netIncome": 41765000, "netIncomeRatio": 0.0215173257, "eps": 0.29, "epsdiluted": 0.29, "weightedAverageShsOut": 142178723, "weightedAverageShsOutDil": 144640693, "link": "https://www.sec.gov/Archives/edgar/data/849869/000084986902000004/0000849869-02-000004-index.htm", "finalLink": "https://www.sec.gov/Archives/edgar/data/849869/000084986902000004/tenk.txt", "calculatedOtherExpenses": 9334000, "calculatedOperatingExpenses": 87875000, "calculatedNetInterest": 0, "calculatedOtherIncome": -76284000, "calculatedIncomeNonControlling": 4140000, "calculatedEbitda": 249617000}, {"date": "2000-12-31", "symbol": "SLGN", "reportedCurrency": "USD", "cik": "0000849869", "fillingDate": "2001-03-29", "acceptedDate": "2001-03-29 00:00:00", "calendarYear": "2000", "period": "FY", "revenue": 1877497000, "costOfRevenue": 1557620000, "grossProfit": 319877000, "grossProfitRatio": 0.1703741737, "researchAndDevelopmentExpenses": 0, "generalAndAdministrativeExpenses": 0, "sellingAndMarketingExpenses": 0, "sellingGeneralAndAdministrativeExpenses": 72148000, "otherExpenses": 90627000, "operatingExpenses": 162775000, "costAndExpenses": 1720395000, "interestIncome": 0, "interestExpense": 0, "depreciationAndAmortization": 90627000, "ebitda": 252339000, "ebitdaratio": 0.1344018126, "operatingIncome": 157102000, "operatingIncomeRatio": 0.0836762988, "totalOtherIncomeExpensesNet": -4610000, "incomeBeforeTax": 61314000, "incomeBeforeTaxRatio": 0.0326573092, "incomeTaxExpense": 25790000, "netIncome": 31308000, "netIncomeRatio": 0.0166753928, "eps": 0.22, "epsdiluted": 0.22, "weightedAverageShsOut": 141505085, "weightedAverageShsOutDil": 143944828, "link": "https://www.sec.gov/Archives/edgar/data/849869/000084986901000002/0000849869-01-000002-index.htm", "finalLink": "https://www.sec.gov/Archives/edgar/data/849869/000084986901000002/0000849869-01-000002-0001.txt", "calculatedOtherExpenses": 90627000, "calculatedOperatingExpenses": 162775000, "calculatedNetInterest": 0, "calculatedOtherIncome": -95788000, "calculatedIncomeNonControlling": 4216000, "calculatedEbitda": 247729000}, {"date": "1999-12-31", "symbol": "SLGN", "reportedCurrency": "USD", "cik": "0000849869", "fillingDate": "2000-03-14", "acceptedDate": "2000-03-14 00:00:00", "calendarYear": "1999", "period": "FY", "revenue": 1856800000, "costOfRevenue": 1533800000, "grossProfit": 323000000, "grossProfitRatio": 0.1739551917, "researchAndDevelopmentExpenses": 0, "generalAndAdministrativeExpenses": 0, "sellingAndMarketingExpenses": 0, "sellingGeneralAndAdministrativeExpenses": 74900000, "otherExpenses": 87600000, "operatingExpenses": 162500000, "costAndExpenses": 1696300000, "interestIncome": 0, "interestExpense": 0, "depreciationAndAmortization": 87600000, "ebitda": 284200000, "ebitdaratio": 0.1530590263, "operatingIncome": 160500000, "operatingIncomeRatio": 0.0864390349, "totalOtherIncomeExpensesNet": -36100000, "incomeBeforeTax": 38200000, "incomeBeforeTaxRatio": 0.0205730289, "incomeTaxExpense": 14300000, "netIncome": 23900000, "netIncomeRatio": 0.0128716071, "eps": 0.17, "epsdiluted": 0.17, "weightedAverageShsOut": 141629630, "weightedAverageShsOutDil": 144848485, "link": "https://www.sec.gov/Archives/edgar/data/849869/000084986900000004/0000849869-00-000004-index.html", "finalLink": "https://www.sec.gov/Archives/edgar/data/849869/000084986900000004/", "calculatedOtherExpenses": 87600000, "calculatedOperatingExpenses": 162500000, "calculatedNetInterest": 0, "calculatedOtherIncome": -122300000, "calculatedIncomeNonControlling": 0, "calculatedEbitda": 248100000}, {"date": "1998-12-31", "symbol": "SLGN", "reportedCurrency": "USD", "cik": "0000849869", "fillingDate": "1999-03-24", "acceptedDate": "1999-03-24 00:00:00", "calendarYear": "1998", "period": "FY", "revenue": 1738700000, "costOfRevenue": 1437200000, "grossProfit": 301500000, "grossProfitRatio": 0.1734054178, "researchAndDevelopmentExpenses": 0, "generalAndAdministrativeExpenses": 0, "sellingAndMarketingExpenses": 0, "sellingGeneralAndAdministrativeExpenses": 68200000, "otherExpenses": 79100000, "operatingExpenses": 147300000, "costAndExpenses": 1584500000, "interestIncome": 0, "interestExpense": 0, "depreciationAndAmortization": 79100000, "ebitda": 233300000, "ebitdaratio": 0.1341807097, "operatingIncome": 154200000, "operatingIncomeRatio": 0.08868695, "totalOtherIncomeExpensesNet": -81400000, "incomeBeforeTax": 72800000, "incomeBeforeTaxRatio": 0.0418703629, "incomeTaxExpense": 26900000, "netIncome": 45900000, "netIncomeRatio": 0.0263990338, "eps": 0.3, "epsdiluted": 0.29, "weightedAverageShsOut": 152365145, "weightedAverageShsOutDil": 159652174, "link": "https://www.sec.gov/Archives/edgar/data/849869/000084986999000009/0000849869-99-000009-index.html", "finalLink": "https://www.sec.gov/Archives/edgar/data/849869/", "calculatedOtherExpenses": 79100000, "calculatedOperatingExpenses": 147300000, "calculatedNetInterest": 0, "calculatedOtherIncome": -81400000, "calculatedIncomeNonControlling": 0, "calculatedEbitda": 233300000}, {"date": "1997-12-31", "symbol": "SLGN", "reportedCurrency": "USD", "cik": "0000849869", "fillingDate": "1998-03-26", "acceptedDate": "1998-03-26 00:00:00", "calendarYear": "1997", "period": "FY", "revenue": 1511400000, "costOfRevenue": 1237000000, "grossProfit": 274400000, "grossProfitRatio": 0.1815535265, "researchAndDevelopmentExpenses": 0, "generalAndAdministrativeExpenses": 0, "sellingAndMarketingExpenses": 0, "sellingGeneralAndAdministrativeExpenses": 83300000, "otherExpenses": 66500000, "operatingExpenses": 149800000, "costAndExpenses": 1386800000, "interestIncome": 0, "interestExpense": 0, "depreciationAndAmortization": 66500000, "ebitda": 191100000, "ebitdaratio": 0.1264390631, "operatingIncome": 124600000, "operatingIncomeRatio": 0.0824401217, "totalOtherIncomeExpensesNet": -80700000, "incomeBeforeTax": 43900000, "incomeBeforeTaxRatio": 0.0290459177, "incomeTaxExpense": -6700000, "netIncome": 34200000, "netIncomeRatio": 0.022628027, "eps": 0.12, "epsdiluted": 0.11, "weightedAverageShsOut": 150904000, "weightedAverageShsOutDil": 150904000, "link": "https://www.sec.gov/Archives/edgar/data/849869/000084986998000006/0000849869-98-000006-index.html", "finalLink": "https://www.sec.gov/Archives/edgar/data/849869/", "calculatedOtherExpenses": 66500000, "calculatedOperatingExpenses": 149800000, "calculatedNetInterest": 0, "calculatedOtherIncome": -80700000, "calculatedIncomeNonControlling": 16400000, "calculatedEbitda": 191100000}, {"date": "1996-12-31", "symbol": "SLGN", "reportedCurrency": "USD", "cik": "0000849869", "fillingDate": "1997-03-24", "acceptedDate": "1997-03-24 00:00:00", "calendarYear": "1996", "period": "FY", "revenue": 1405700000, "costOfRevenue": 1159900000, "grossProfit": 245800000, "grossProfitRatio": 0.1748595006, "researchAndDevelopmentExpenses": 0, "generalAndAdministrativeExpenses": 0, "sellingAndMarketingExpenses": 0, "sellingGeneralAndAdministrativeExpenses": 58800000, "otherExpenses": 63800000, "operatingExpenses": 122600000, "costAndExpenses": 1282500000, "interestIncome": 0, "interestExpense": 0, "depreciationAndAmortization": 63800000, "ebitda": 187000000, "ebitdaratio": 0.1330298072, "operatingIncome": 123200000, "operatingIncomeRatio": 0.0876431671, "totalOtherIncomeExpensesNet": -89300000, "incomeBeforeTax": 33900000, "incomeBeforeTaxRatio": 0.0241160987, "incomeTaxExpense": 3300000, "netIncome": 28400000, "netIncomeRatio": 0.0202034574, "eps": 0.1, "epsdiluted": 0.0956, "weightedAverageShsOut": 206545455, "weightedAverageShsOutDil": 217070064, "link": "https://www.sec.gov/Archives/edgar/data/849869/000089605897000088/0000896058-97-000088-index.html", "finalLink": "https://www.sec.gov/Archives/edgar/data/849869/", "calculatedOtherExpenses": 63800000, "calculatedOperatingExpenses": 122600000, "calculatedNetInterest": 0, "calculatedOtherIncome": -89300000, "calculatedIncomeNonControlling": 2200000, "calculatedEbitda": 187000000}, {"date": "1995-12-31", "symbol": "SLGN", "reportedCurrency": "USD", "cik": "0000849869", "fillingDate": "1996-03-29", "acceptedDate": "1996-03-29 00:00:00", "calendarYear": "1995", "period": "FY", "revenue": 1101905000, "costOfRevenue": 970491000, "grossProfit": 131414000, "grossProfitRatio": 0.1192607348, "researchAndDevelopmentExpenses": 0, "generalAndAdministrativeExpenses": 0, "sellingAndMarketingExpenses": 0, "sellingGeneralAndAdministrativeExpenses": 46848000, "otherExpenses": 14745000, "operatingExpenses": 61593000, "costAndExpenses": 1032084000, "interestIncome": 0, "interestExpense": 0, "depreciationAndAmortization": 50300000, "ebitda": 120121000, "ebitdaratio": 0.1090121199, "operatingIncome": 69821000, "operatingIncomeRatio": 0.0633639016, "totalOtherIncomeExpensesNet": -80710000, "incomeBeforeTax": -10889000, "incomeBeforeTaxRatio": -0.0098819771, "incomeTaxExpense": 5100000, "netIncome": -21806000, "netIncomeRatio": -0.0197893648, "eps": -0.11, "epsdiluted": -0.1, "weightedAverageShsOut": 206545455, "weightedAverageShsOutDil": 217070064, "link": "https://www.sec.gov/Archives/edgar/data/849869/000089605896000029/0000896058-96-000029-index.html", "finalLink": "https://www.sec.gov/Archives/edgar/data/849869/", "calculatedOtherExpenses": 14745000, "calculatedOperatingExpenses": 61593000, "calculatedNetInterest": 0, "calculatedOtherIncome": -80710000, "calculatedIncomeNonControlling": 5817000, "calculatedEbitda": 120121000}, {"date": "1994-12-31", "symbol": "SLGN", "reportedCurrency": "USD", "cik": "0000849869", "fillingDate": "1995-03-31", "acceptedDate": "1995-03-31 00:00:00", "calendarYear": "1994", "period": "FY", "revenue": 861374000, "costOfRevenue": 747457000, "grossProfit": 113917000, "grossProfitRatio": 0.1322503349, "researchAndDevelopmentExpenses": 0, "generalAndAdministrativeExpenses": 0, "sellingAndMarketingExpenses": 0, "sellingGeneralAndAdministrativeExpenses": 38830000, "otherExpenses": 16729000, "operatingExpenses": 55559000, "costAndExpenses": 803016000, "interestIncome": 0, "interestExpense": 0, "depreciationAndAmortization": 42467000, "ebitda": 100825000, "ebitdaratio": 0.1170513621, "operatingIncome": 58358000, "operatingIncomeRatio": 0.0677498973, "totalOtherIncomeExpensesNet": -65789000, "incomeBeforeTax": -7431000, "incomeBeforeTaxRatio": -0.0086269147, "incomeTaxExpense": 5600000, "netIncome": -13031000, "netIncomeRatio": -0.0151281557, "eps": -0.0631, "epsdiluted": -0.06, "weightedAverageShsOut": 206545455, "weightedAverageShsOutDil": 217070064, "link": "https://www.sec.gov/Archives/edgar/data/849869/000089605895000027/0000896058-95-000027-index.html", "finalLink": "https://www.sec.gov/Archives/edgar/data/849869/", "calculatedOtherExpenses": 16729000, "calculatedOperatingExpenses": 55559000, "calculatedNetInterest": 0, "calculatedOtherIncome": -65789000, "calculatedIncomeNonControlling": 0, "calculatedEbitda": 100825000}]}