{"originalCurrency": "USD", "convertedCurrency": "USD", "report": [{"date": "2023-12-31", "symbol": "SLMBP", "reportedCurrency": "USD", "cik": "0001032033", "fillingDate": "2024-02-22", "acceptedDate": "2024-02-22 16:32:21", "calendarYear": "2023", "period": "FY", "revenue": 1809329000, "costOfRevenue": 573440000, "grossProfit": 1235889000, "grossProfitRatio": 0.6830648268, "researchAndDevelopmentExpenses": 0, "generalAndAdministrativeExpenses": 372320000, "sellingAndMarketingExpenses": 0, "sellingGeneralAndAdministrativeExpenses": 372320000, "otherExpenses": 619206000, "operatingExpenses": 619206000, "costAndExpenses": 1192646000, "interestIncome": 2592303000, "interestExpense": 1030090000, "depreciationAndAmortization": 84175000, "ebitda": 1399657000, "ebitdaratio": 0.7735779397, "operatingIncome": 1399657000, "operatingIncomeRatio": 0.7735779397, "totalOtherIncomeExpensesNet": -621361000, "incomeBeforeTax": 778296000, "incomeBeforeTaxRatio": 0.4301572572, "incomeTaxExpense": 196905000, "netIncome": 581391000, "netIncomeRatio": 0.32132962, "eps": 2.44, "epsdiluted": 2.41, "weightedAverageShsOut": 231411000, "weightedAverageShsOutDil": 234063000, "link": "https://www.sec.gov/Archives/edgar/data/1032033/000162828024006382/0001628280-24-006382-index.htm", "finalLink": "https://www.sec.gov/Archives/edgar/data/1032033/000162828024006382/slm-20231231.htm", "calculatedOtherExpenses": -536088000, "calculatedOperatingExpenses": -163768000, "calculatedNetInterest": 1562213000, "calculatedOtherIncome": -2183574000, "calculatedIncomeNonControlling": 0, "calculatedEbitda": 1483832000}, {"date": "2022-12-31", "symbol": "SLMBP", "reportedCurrency": "USD", "cik": "0001032033", "fillingDate": "2023-02-23", "acceptedDate": "2023-02-23 17:24:08", "calendarYear": "2022", "period": "FY", "revenue": 1823419000, "costOfRevenue": 530523000, "grossProfit": 1292896000, "grossProfitRatio": 0.7090504157, "researchAndDevelopmentExpenses": 0, "generalAndAdministrativeExpenses": 291293000, "sellingAndMarketingExpenses": 0, "sellingGeneralAndAdministrativeExpenses": 291293000, "otherExpenses": 551462000, "operatingExpenses": 551462000, "costAndExpenses": 551462000, "interestIncome": 2031580000, "interestExpense": 542799000, "depreciationAndAmortization": 7779000, "ebitda": 645332000, "ebitdaratio": 0.3539131708, "operatingIncome": 637553000, "operatingIncomeRatio": 0.3496470093, "totalOtherIncomeExpensesNet": -6828000, "incomeBeforeTax": 630725000, "incomeBeforeTaxRatio": 0.3459023954, "incomeTaxExpense": 161711000, "netIncome": 469014000, "netIncomeRatio": 0.2572167999, "eps": 1.78, "epsdiluted": 1.76, "weightedAverageShsOut": 258439000, "weightedAverageShsOutDil": 261503000, "link": "https://www.sec.gov/Archives/edgar/data/1032033/000162828023004893/0001628280-23-004893-index.htm", "finalLink": "https://www.sec.gov/Archives/edgar/data/1032033/000162828023004893/slm-20221231.htm", "calculatedOtherExpenses": 364050000, "calculatedOperatingExpenses": 655343000, "calculatedNetInterest": 1488781000, "calculatedOtherIncome": -1495609000, "calculatedIncomeNonControlling": 0, "calculatedEbitda": 645332000}, {"date": "2021-12-31", "symbol": "SLMBP", "reportedCurrency": "USD", "cik": "0001032033", "fillingDate": "2022-02-24", "acceptedDate": "2022-02-24 16:33:19", "calendarYear": "2021", "period": "FY", "revenue": 2027215000, "costOfRevenue": 495285000, "grossProfit": 1531930000, "grossProfitRatio": 0.7556820564, "researchAndDevelopmentExpenses": 0, "generalAndAdministrativeExpenses": 281689000, "sellingAndMarketingExpenses": 0, "sellingGeneralAndAdministrativeExpenses": 281689000, "otherExpenses": -768640000, "operatingExpenses": -486951000, "costAndExpenses": -486951000, "interestIncome": 1776844000, "interestExpense": 382078000, "depreciationAndAmortization": 16043000, "ebitda": 1556307000, "ebitdaratio": 0.767706928, "operatingIncome": 1540264000, "operatingIncomeRatio": 0.7597931152, "totalOtherIncomeExpensesNet": 777358000, "incomeBeforeTax": 1540264000, "incomeBeforeTaxRatio": 0.7597931152, "incomeTaxExpense": 379751000, "netIncome": 1160513000, "netIncomeRatio": 0.5724666599, "eps": 3.67, "epsdiluted": 3.61, "weightedAverageShsOut": 314993000, "weightedAverageShsOutDil": 319912000, "link": "https://www.sec.gov/Archives/edgar/data/1032033/000162828022003839/0001628280-22-003839-index.htm", "finalLink": "https://www.sec.gov/Archives/edgar/data/1032033/000162828022003839/slm-20211231.htm", "calculatedOtherExpenses": -290023000, "calculatedOperatingExpenses": -8334000, "calculatedNetInterest": 1394766000, "calculatedOtherIncome": -1394766000, "calculatedIncomeNonControlling": 0, "calculatedEbitda": 1556307000}, {"date": "2020-12-31", "symbol": "SLMBP", "reportedCurrency": "USD", "cik": "0001032033", "fillingDate": "2021-02-25", "acceptedDate": "2021-02-25 16:20:30", "calendarYear": "2020", "period": "FY", "revenue": 1811442000, "costOfRevenue": 233635000, "grossProfit": 1577807000, "grossProfitRatio": 0.8710226438, "researchAndDevelopmentExpenses": 0, "generalAndAdministrativeExpenses": 304453000, "sellingAndMarketingExpenses": 0, "sellingGeneralAndAdministrativeExpenses": 304453000, "otherExpenses": -961889000, "operatingExpenses": -657436000, "costAndExpenses": -657436000, "interestIncome": 2021660000, "interestExpense": 541667000, "depreciationAndAmortization": 15066000, "ebitda": 1169072000, "ebitdaratio": 0.6453819664, "operatingIncome": 1154006000, "operatingIncomeRatio": 0.6370648356, "totalOtherIncomeExpensesNet": -95931000, "incomeBeforeTax": 1154006000, "incomeBeforeTaxRatio": 0.6370648356, "incomeTaxExpense": 273316000, "netIncome": 880690000, "netIncomeRatio": 0.486181727, "eps": 2.27, "epsdiluted": 2.25, "weightedAverageShsOut": 383705000, "weightedAverageShsOutDil": 387195000, "link": "https://www.sec.gov/Archives/edgar/data/1032033/000162828021003299/0001628280-21-003299-index.htm", "finalLink": "https://www.sec.gov/Archives/edgar/data/1032033/000162828021003299/slm-20201231.htm", "calculatedOtherExpenses": 119348000, "calculatedOperatingExpenses": 423801000, "calculatedNetInterest": 1479993000, "calculatedOtherIncome": -1479993000, "calculatedIncomeNonControlling": 0, "calculatedEbitda": 1169072000}, {"date": "2019-12-31", "symbol": "SLMBP", "reportedCurrency": "USD", "cik": "0001032033", "fillingDate": "2020-02-28", "acceptedDate": "2020-02-28 16:33:49", "calendarYear": "2019", "period": "FY", "revenue": 1672242000, "costOfRevenue": 263172000, "grossProfit": 1409070000, "grossProfitRatio": 0.8426232567, "researchAndDevelopmentExpenses": 0, "generalAndAdministrativeExpenses": 311081000, "sellingAndMarketingExpenses": 0, "sellingGeneralAndAdministrativeExpenses": 311081000, "otherExpenses": -1239583000, "operatingExpenses": -928502000, "costAndExpenses": -928502000, "interestIncome": 2331032000, "interestExpense": 707717000, "depreciationAndAmortization": 14669000, "ebitda": 758409000, "ebitdaratio": 0.4535282573, "operatingIncome": 743740000, "operatingIncomeRatio": 0.4447562016, "totalOtherIncomeExpensesNet": -516346000, "incomeBeforeTax": 743740000, "incomeBeforeTaxRatio": 0.4447562016, "incomeTaxExpense": 165464000, "netIncome": 578276000, "netIncomeRatio": 0.3458088004, "eps": 1.35, "epsdiluted": 1.34, "weightedAverageShsOut": 427292000, "weightedAverageShsOutDil": 430674000, "link": "https://www.sec.gov/Archives/edgar/data/1032033/000162828020002579/0001628280-20-002579-index.htm", "finalLink": "https://www.sec.gov/Archives/edgar/data/1032033/000162828020002579/a2019form10-k.htm", "calculatedOtherExpenses": 354249000, "calculatedOperatingExpenses": 665330000, "calculatedNetInterest": 1623315000, "calculatedOtherIncome": -1623315000, "calculatedIncomeNonControlling": 0, "calculatedEbitda": 758409000}, {"date": "2018-12-31", "symbol": "SLMBP", "reportedCurrency": "USD", "cik": "0001032033", "fillingDate": "2019-02-28", "acceptedDate": "2019-02-28 16:38:47", "calendarYear": "2018", "period": "FY", "revenue": 1361169000, "costOfRevenue": 271844000, "grossProfit": 1089325000, "grossProfitRatio": 0.8002863715, "researchAndDevelopmentExpenses": 0, "generalAndAdministrativeExpenses": 285132000, "sellingAndMarketingExpenses": 0, "sellingGeneralAndAdministrativeExpenses": 285132000, "otherExpenses": 1038868000, "operatingExpenses": 1324000000, "costAndExpenses": 1324000000, "interestIncome": 1935352000, "interestExpense": 522288000, "depreciationAndAmortization": 13829000, "ebitda": 1095446000, "ebitdaratio": 0.8047832415, "operatingIncome": 1081617000, "operatingIncomeRatio": 0.7946235919, "totalOtherIncomeExpensesNet": -522288000, "incomeBeforeTax": 559329000, "incomeBeforeTaxRatio": 0.4109181152, "incomeTaxExpense": 71853000, "netIncome": 487476000, "netIncomeRatio": 0.3581304011, "eps": 1.12, "epsdiluted": 1.11, "weightedAverageShsOut": 435054000, "weightedAverageShsOutDil": 439681000, "link": "https://www.sec.gov/Archives/edgar/data/1032033/000162828019002283/0001628280-19-002283-index.htm", "finalLink": "https://www.sec.gov/Archives/edgar/data/1032033/000162828019002283/a2018form10-k.htm", "calculatedOtherExpenses": -277424000, "calculatedOperatingExpenses": 7708000, "calculatedNetInterest": 1413064000, "calculatedOtherIncome": -1935352000, "calculatedIncomeNonControlling": 0, "calculatedEbitda": 1095446000}, {"date": "2017-12-31", "symbol": "SLMBP", "reportedCurrency": "USD", "cik": "0001032033", "fillingDate": "2018-02-23", "acceptedDate": "2018-02-23 16:32:25", "calendarYear": "2017", "period": "FY", "revenue": 1126319000, "costOfRevenue": 206351000, "grossProfit": 919968000, "grossProfitRatio": 0.8167916905, "researchAndDevelopmentExpenses": 0, "generalAndAdministrativeExpenses": 242269000, "sellingAndMarketingExpenses": 0, "sellingGeneralAndAdministrativeExpenses": 242269000, "otherExpenses": 700731000, "operatingExpenses": 943000000, "costAndExpenses": 654971000, "interestIncome": 1437303000, "interestExpense": 308082000, "depreciationAndAmortization": 469000, "ebitda": 811187000, "ebitdaratio": 0.7202107041, "operatingIncome": 782332000, "operatingIncomeRatio": 0.6945918519, "totalOtherIncomeExpensesNet": -290867000, "incomeBeforeTax": 491465000, "incomeBeforeTaxRatio": 0.4363461861, "incomeTaxExpense": 202531000, "netIncome": 288934000, "netIncomeRatio": 0.2565294557, "eps": 0.67, "epsdiluted": 0.66, "weightedAverageShsOut": 431216000, "weightedAverageShsOutDil": 438551000, "link": "https://www.sec.gov/Archives/edgar/data/1032033/000162828018002138/0001628280-18-002138-index.htm", "finalLink": "https://www.sec.gov/Archives/edgar/data/1032033/000162828018002138/a2017form10-k1.htm", "calculatedOtherExpenses": -104633000, "calculatedOperatingExpenses": 137636000, "calculatedNetInterest": 1129221000, "calculatedOtherIncome": -1420088000, "calculatedIncomeNonControlling": 0, "calculatedEbitda": 782801000}, {"date": "2016-12-31", "symbol": "SLMBP", "reportedCurrency": "USD", "cik": "0001032033", "fillingDate": "2017-02-24", "acceptedDate": "2017-02-24 16:32:07", "calendarYear": "2016", "period": "FY", "revenue": 960154000, "costOfRevenue": 182202000, "grossProfit": 777952000, "grossProfitRatio": 0.8102366912, "researchAndDevelopmentExpenses": 0, "generalAndAdministrativeExpenses": 203205000, "sellingAndMarketingExpenses": 0, "sellingGeneralAndAdministrativeExpenses": 203205000, "otherExpenses": 528795000, "operatingExpenses": 732000000, "costAndExpenses": 567609000, "interestIncome": 1077246000, "interestExpense": 185908000, "depreciationAndAmortization": 906000, "ebitda": 610842000, "ebitdaratio": 0.6361916942, "operatingIncome": 509637000, "operatingIncomeRatio": 0.530786728, "totalOtherIncomeExpensesNet": -95201000, "incomeBeforeTax": 414436000, "incomeBeforeTaxRatio": 0.4316349252, "incomeTaxExpense": 164109000, "netIncome": 250327000, "netIncomeRatio": 0.2607154686, "eps": 0.59, "epsdiluted": 0.58, "weightedAverageShsOut": 427876000, "weightedAverageShsOutDil": 432919000, "link": "https://www.sec.gov/Archives/edgar/data/1032033/000162828017001725/0001628280-17-001725-index.htm", "finalLink": "https://www.sec.gov/Archives/edgar/data/1032033/000162828017001725/a2016form10-k2.htm", "calculatedOtherExpenses": 65110000, "calculatedOperatingExpenses": 268315000, "calculatedNetInterest": 891338000, "calculatedOtherIncome": -986539000, "calculatedIncomeNonControlling": 0, "calculatedEbitda": 510543000}, {"date": "2015-12-31", "symbol": "SLMBP", "reportedCurrency": "USD", "cik": "0001032033", "fillingDate": "2016-02-26", "acceptedDate": "2016-02-26 16:40:48", "calendarYear": "2015", "period": "FY", "revenue": 885092000, "costOfRevenue": 349095000, "grossProfit": 535997000, "grossProfitRatio": 0.6055833744, "researchAndDevelopmentExpenses": 0, "generalAndAdministrativeExpenses": 158975000, "sellingAndMarketingExpenses": 0, "sellingGeneralAndAdministrativeExpenses": 158975000, "otherExpenses": 409025000, "operatingExpenses": 568000000, "costAndExpenses": 698190000, "interestIncome": 831118000, "interestExpense": 128619000, "depreciationAndAmortization": 1480000, "ebitda": 576600000, "ebitdaratio": 0.6514577016, "operatingIncome": 132928000, "operatingIncomeRatio": 0.1501855174, "totalOtherIncomeExpensesNet": 306136000, "incomeBeforeTax": 439064000, "incomeBeforeTaxRatio": 0.4960659457, "incomeTaxExpense": 164780000, "netIncome": 274284000, "netIncomeRatio": 0.3098932088, "eps": 0.64, "epsdiluted": 0.63, "weightedAverageShsOut": 425574000, "weightedAverageShsOutDil": 432234000, "link": "https://www.sec.gov/Archives/edgar/data/1032033/000162828016011844/0001628280-16-011844-index.htm", "finalLink": "https://www.sec.gov/Archives/edgar/data/1032033/000162828016011844/a2015form10-k.htm", "calculatedOtherExpenses": 244094000, "calculatedOperatingExpenses": 403069000, "calculatedNetInterest": 702499000, "calculatedOtherIncome": -396363000, "calculatedIncomeNonControlling": 0, "calculatedEbitda": 134408000}, {"date": "2014-12-31", "symbol": "SLMBP", "reportedCurrency": "USD", "cik": "0001032033", "fillingDate": "2015-02-26", "acceptedDate": "2015-02-26 16:46:07", "calendarYear": "2014", "period": "FY", "revenue": 735763000, "costOfRevenue": 274881000, "grossProfit": 460882000, "grossProfitRatio": 0.6264000772, "researchAndDevelopmentExpenses": 0, "generalAndAdministrativeExpenses": 129709000, "sellingAndMarketingExpenses": 0, "sellingGeneralAndAdministrativeExpenses": 129709000, "otherExpenses": 326291000, "operatingExpenses": 456000000, "costAndExpenses": 549762000, "interestIncome": 674294000, "interestExpense": 95815000, "depreciationAndAmortization": 5292000, "ebitda": 439390000, "ebitdaratio": 0.5971895841, "operatingIncome": 124532000, "operatingIncomeRatio": 0.1692555891, "totalOtherIncomeExpensesNet": 209220000, "incomeBeforeTax": 333752000, "incomeBeforeTaxRatio": 0.4536134598, "incomeTaxExpense": 139967000, "netIncome": 194219000, "netIncomeRatio": 0.2639695119, "eps": 0.46, "epsdiluted": 0.45, "weightedAverageShsOut": 423970000, "weightedAverageShsOutDil": 432269000, "link": "https://www.sec.gov/Archives/edgar/data/1032033/000162828015001094/0001628280-15-001094-index.htm", "finalLink": "https://www.sec.gov/Archives/edgar/data/1032033/000162828015001094/a2014form10-k.htm", "calculatedOtherExpenses": 206641000, "calculatedOperatingExpenses": 336350000, "calculatedNetInterest": 578479000, "calculatedOtherIncome": -369259000, "calculatedIncomeNonControlling": -434000, "calculatedEbitda": 129824000}, {"date": "2013-12-31", "symbol": "SLMBP", "reportedCurrency": "USD", "cik": "0001032033", "fillingDate": "2014-02-19", "acceptedDate": "2014-02-19 17:08:38", "calendarYear": "2013", "period": "FY", "revenue": 4053000000, "costOfRevenue": 1042000000, "grossProfit": 3011000000, "grossProfitRatio": 0.742906489, "researchAndDevelopmentExpenses": 0, "generalAndAdministrativeExpenses": 504000000, "sellingAndMarketingExpenses": 0, "sellingGeneralAndAdministrativeExpenses": 504000000, "otherExpenses": -75000000, "operatingExpenses": 429000000, "costAndExpenses": 2084000000, "interestIncome": 5377000000, "interestExpense": 2210000000, "depreciationAndAmortization": 13000000, "ebitda": 4404000000, "ebitdaratio": 1.0866025167, "operatingIncome": 1311000000, "operatingIncomeRatio": 0.3234641007, "totalOtherIncomeExpensesNet": 776000000, "incomeBeforeTax": 2087000000, "incomeBeforeTaxRatio": 0.5149272144, "incomeTaxExpense": 776000000, "netIncome": 1418000000, "netIncomeRatio": 0.3498642981, "eps": 3.23, "epsdiluted": 3.16, "weightedAverageShsOut": 439622642, "weightedAverageShsOutDil": 449000000, "link": "https://www.sec.gov/Archives/edgar/data/1032033/000119312514058942/0001193125-14-058942-index.htm", "finalLink": "https://www.sec.gov/Archives/edgar/data/1032033/000119312514058942/d638950d10k.htm", "calculatedOtherExpenses": 1196000000, "calculatedOperatingExpenses": 1700000000, "calculatedNetInterest": 3167000000, "calculatedOtherIncome": -2391000000, "calculatedIncomeNonControlling": -107000000, "calculatedEbitda": 1324000000}, {"date": "2012-12-31", "symbol": "SLMBP", "reportedCurrency": "USD", "cik": "0001032033", "fillingDate": "2013-02-26", "acceptedDate": "2013-02-26 16:35:29", "calendarYear": "2012", "period": "FY", "revenue": 3549000000, "costOfRevenue": 996000000, "grossProfit": 2553000000, "grossProfitRatio": 0.7193575655, "researchAndDevelopmentExpenses": 0, "generalAndAdministrativeExpenses": 491000000, "sellingAndMarketingExpenses": 0, "sellingGeneralAndAdministrativeExpenses": 491000000, "otherExpenses": -75000000, "operatingExpenses": 416000000, "costAndExpenses": 1992000000, "interestIncome": 5769000000, "interestExpense": 2561000000, "depreciationAndAmortization": 19000000, "ebitda": 3997000000, "ebitdaratio": 1.1262327416, "operatingIncome": 936000000, "operatingIncomeRatio": 0.2637362637, "totalOtherIncomeExpensesNet": 497000000, "incomeBeforeTax": 1433000000, "incomeBeforeTaxRatio": 0.4037757115, "incomeTaxExpense": 497000000, "netIncome": 939000000, "netIncomeRatio": 0.2645815723, "eps": 1.97, "epsdiluted": 1.94, "weightedAverageShsOut": 476118000, "weightedAverageShsOutDil": 482892000, "link": "https://www.sec.gov/Archives/edgar/data/1032033/000119312513076990/0001193125-13-076990-index.htm", "finalLink": "https://www.sec.gov/Archives/edgar/data/1032033/000119312513076990/d440039d10k.htm", "calculatedOtherExpenses": 1126000000, "calculatedOperatingExpenses": 1617000000, "calculatedNetInterest": 3208000000, "calculatedOtherIncome": -2711000000, "calculatedIncomeNonControlling": -3000000, "calculatedEbitda": 955000000}, {"date": "2011-12-31", "symbol": "SLMBP", "reportedCurrency": "USD", "cik": "0001032033", "fillingDate": "2012-02-27", "acceptedDate": "2012-02-27 16:24:21", "calendarYear": "2011", "period": "FY", "revenue": 3355000000, "costOfRevenue": 1100000000, "grossProfit": 2255000000, "grossProfitRatio": 0.6721311475, "researchAndDevelopmentExpenses": 0, "generalAndAdministrativeExpenses": 521000000, "sellingAndMarketingExpenses": 0, "sellingGeneralAndAdministrativeExpenses": 521000000, "otherExpenses": 4201000000, "operatingExpenses": 4722000000, "costAndExpenses": 2200000000, "interestIncome": 5930000000, "interestExpense": 2401000000, "depreciationAndAmortization": 24000000, "ebitda": 3386000000, "ebitdaratio": 1.0092399404, "operatingIncome": 599000000, "operatingIncomeRatio": 0.1785394933, "totalOtherIncomeExpensesNet": 328000000, "incomeBeforeTax": 927000000, "incomeBeforeTaxRatio": 0.2763040238, "incomeTaxExpense": 328000000, "netIncome": 633000000, "netIncomeRatio": 0.1886736215, "eps": 1.22, "epsdiluted": 1.21, "weightedAverageShsOut": 517000000, "weightedAverageShsOutDil": 523000000, "link": "https://www.sec.gov/Archives/edgar/data/1032033/000119312512081658/0001193125-12-081658-index.htm", "finalLink": "https://www.sec.gov/Archives/edgar/data/1032033/000119312512081658/d255703d10k.htm", "calculatedOtherExpenses": 1135000000, "calculatedOperatingExpenses": 1656000000, "calculatedNetInterest": 3529000000, "calculatedOtherIncome": -3201000000, "calculatedIncomeNonControlling": -34000000, "calculatedEbitda": 623000000}, {"date": "2010-12-31", "symbol": "SLMBP", "reportedCurrency": "USD", "cik": "0001032033", "fillingDate": "2011-02-28", "acceptedDate": "2011-02-28 16:23:54", "calendarYear": "2010", "period": "FY", "revenue": 4501552000, "costOfRevenue": 1207702000000, "grossProfit": -1203200448000, "grossProfitRatio": -267.2856934675, "researchAndDevelopmentExpenses": 0, "generalAndAdministrativeExpenses": 561128000, "sellingAndMarketingExpenses": 0, "sellingGeneralAndAdministrativeExpenses": 561128000, "otherExpenses": 5039872000, "operatingExpenses": 5601000000, "costAndExpenses": 2415404000000, "interestIncome": 5753915000, "interestExpense": 2274771000, "depreciationAndAmortization": 698902000, "ebitda": 3996824000, "ebitdaratio": 0.8878768922, "operatingIncome": 597530000000, "operatingIncomeRatio": 132.738664354, "totalOtherIncomeExpensesNet": 492769000000, "incomeBeforeTax": 1090299000, "incomeBeforeTaxRatio": 0.2422051328, "incomeTaxExpense": 492769000, "netIncome": 530382000, "netIncomeRatio": 0.1178220312, "eps": 1.09, "epsdiluted": 1.09, "weightedAverageShsOut": 487000000, "weightedAverageShsOutDil": 488000000, "link": "https://www.sec.gov/Archives/edgar/data/1032033/000095012311019779/0000950123-11-019779-index.htm", "finalLink": "https://www.sec.gov/Archives/edgar/data/1032033/000095012311019779/w80795e10vk.htm", "calculatedOtherExpenses": -1801291576000, "calculatedOperatingExpenses": -1800730448000, "calculatedNetInterest": 3479144000, "calculatedOtherIncome": -599918845000, "calculatedIncomeNonControlling": 67148000, "calculatedEbitda": 598228902000}, {"date": "2009-12-31", "symbol": "SLMBP", "reportedCurrency": "USD", "cik": "0001032033", "fillingDate": "2010-02-26", "acceptedDate": "2010-02-26 16:26:01", "calendarYear": "2009", "period": "FY", "revenue": 3109072000, "costOfRevenue": 1255306000, "grossProfit": 1853766000, "grossProfitRatio": 0.5962441526, "researchAndDevelopmentExpenses": 0, "generalAndAdministrativeExpenses": 549137000, "sellingAndMarketingExpenses": 0, "sellingGeneralAndAdministrativeExpenses": 549137000, "otherExpenses": 4723863000, "operatingExpenses": 5273000000, "costAndExpenses": 4275690000, "interestIncome": 4758365000, "interestExpense": 3035639000, "depreciationAndAmortization": 3115466000, "ebitda": 3598141000, "ebitdaratio": 1.1573038514, "operatingIncome": 482675000, "operatingIncomeRatio": 0.1552472892, "totalOtherIncomeExpensesNet": 238364000, "incomeBeforeTax": 721039000, "incomeBeforeTaxRatio": 0.2319145391, "incomeTaxExpense": 238364000, "netIncome": 324138000, "netIncomeRatio": 0.1042555463, "eps": 0.69, "epsdiluted": 0.69, "weightedAverageShsOut": 471000000, "weightedAverageShsOutDil": 472000000, "link": "https://www.sec.gov/Archives/edgar/data/1032033/000095012310018176/0000950123-10-018176-index.htm", "finalLink": "https://www.sec.gov/Archives/edgar/data/1032033/000095012310018176/w76911e10vk.htm", "calculatedOtherExpenses": 821954000, "calculatedOperatingExpenses": 1371091000, "calculatedNetInterest": 1722726000, "calculatedOtherIncome": -1484362000, "calculatedIncomeNonControlling": 158537000, "calculatedEbitda": 3598141000}, {"date": "2008-12-31", "symbol": "SLMBP", "reportedCurrency": "USD", "cik": "0001032033", "fillingDate": "2008-12-31", "acceptedDate": "2008-12-30 19:00:00", "calendarYear": "2008", "period": "FY", "revenue": 1784012000, "costOfRevenue": 0, "grossProfit": 1784012000, "grossProfitRatio": 1, "researchAndDevelopmentExpenses": 0, "generalAndAdministrativeExpenses": 610020000, "sellingAndMarketingExpenses": 0, "sellingGeneralAndAdministrativeExpenses": 610020000, "otherExpenses": 3131186000, "operatingExpenses": 3741206000, "costAndExpenses": 3741206000, "interestIncome": 7269638000, "interestExpense": 5905418000, "depreciationAndAmortization": 0, "ebitda": 5525218000, "ebitdaratio": 3.0970744591, "operatingIncome": 5525218000, "operatingIncomeRatio": 3.0970744591, "totalOtherIncomeExpensesNet": -5901486000, "incomeBeforeTax": -376268000, "incomeBeforeTaxRatio": -0.2109111374, "incomeTaxExpense": -167574000, "netIncome": -212626000, "netIncomeRatio": -0.1191841759, "eps": -0.46, "epsdiluted": -0.46, "weightedAverageShsOut": 466642000, "weightedAverageShsOutDil": 466642000, "link": "", "finalLink": "", "calculatedOtherExpenses": -4351226000, "calculatedOperatingExpenses": -3741206000, "calculatedNetInterest": 1364220000, "calculatedOtherIncome": -7265706000, "calculatedIncomeNonControlling": 3932000, "calculatedEbitda": 5525218000}, {"date": "2007-12-31", "symbol": "SLMBP", "reportedCurrency": "USD", "cik": "0001032033", "fillingDate": "2008-02-29", "acceptedDate": "2008-02-29 14:51:22", "calendarYear": "2007", "period": "FY", "revenue": 2085359000, "costOfRevenue": 773863000, "grossProfit": 1311496000, "grossProfitRatio": 0.6289065816, "researchAndDevelopmentExpenses": 0, "generalAndAdministrativeExpenses": 773863000, "sellingAndMarketingExpenses": 0, "sellingGeneralAndAdministrativeExpenses": 773863000, "otherExpenses": 8815137000, "operatingExpenses": 9589000000, "costAndExpenses": 2325710000, "interestIncome": 8674022000, "interestExpense": 7085772000, "depreciationAndAmortization": 253349000, "ebitda": 6601661000, "ebitdaratio": 3.1657191879, "operatingIncome": 6348312000, "operatingIncomeRatio": 3.0442297945, "totalOtherIncomeExpensesNet": -6869568000, "incomeBeforeTax": -481796000, "incomeBeforeTaxRatio": -0.2310374377, "incomeTaxExpense": 412283000, "netIncome": -896394000, "netIncomeRatio": -0.4298511671, "eps": -2.17, "epsdiluted": -2.17, "weightedAverageShsOut": 412233000, "weightedAverageShsOutDil": 412233000, "link": "https://www.sec.gov/Archives/edgar/data/1032033/000095013308000892/0000950133-08-000892-index.htm", "finalLink": "https://www.sec.gov/Archives/edgar/data/1032033/000095013308000892/w49222e10vk.htm", "calculatedOtherExpenses": -5810679000, "calculatedOperatingExpenses": -5036816000, "calculatedNetInterest": 1588250000, "calculatedOtherIncome": -8418358000, "calculatedIncomeNonControlling": 2315000, "calculatedEbitda": 6601661000}, {"date": "2006-12-31", "symbol": "SLMBP", "reportedCurrency": "USD", "cik": "0001032033", "fillingDate": "2007-03-01", "acceptedDate": "2007-03-01 14:19:18", "calendarYear": "2006", "period": "FY", "revenue": 3628388000, "costOfRevenue": 703210000, "grossProfit": 2925178000, "grossProfitRatio": 0.8061921713, "researchAndDevelopmentExpenses": 0, "generalAndAdministrativeExpenses": 703210000, "sellingAndMarketingExpenses": 0, "sellingGeneralAndAdministrativeExpenses": 703210000, "otherExpenses": 6052790000, "operatingExpenses": 6756000000, "costAndExpenses": 2049362000, "interestIncome": 6576972000, "interestExpense": 5122855000, "depreciationAndAmortization": 2586512000, "ebitda": 7114122000, "ebitdaratio": 1.960683918, "operatingIncome": 4527610000, "operatingIncomeRatio": 1.2478296147, "totalOtherIncomeExpensesNet": -3406221000, "incomeBeforeTax": 1995274000, "incomeBeforeTaxRatio": 0.5499064598, "incomeTaxExpense": 834311000, "netIncome": 1156956000, "netIncomeRatio": 0.3188622606, "eps": 2.82, "epsdiluted": 2.56, "weightedAverageShsOut": 410805000, "weightedAverageShsOutDil": 451170000, "link": "https://www.sec.gov/Archives/edgar/data/1032033/000095013307000881/0000950133-07-000881-index.htm", "finalLink": "https://www.sec.gov/Archives/edgar/data/1032033/000095013307000881/w30676e10vk.htm", "calculatedOtherExpenses": -2305642000, "calculatedOperatingExpenses": -1602432000, "calculatedNetInterest": 1454117000, "calculatedOtherIncome": -3986453000, "calculatedIncomeNonControlling": 4007000, "calculatedEbitda": 7114122000}, {"date": "2005-12-31", "symbol": "SLMBP", "reportedCurrency": "USD", "cik": "0001032033", "fillingDate": "2006-03-09", "acceptedDate": "2006-03-09 17:19:01", "calendarYear": "2005", "period": "FY", "revenue": 3458797000, "costOfRevenue": 625024000, "grossProfit": 2833773000, "grossProfitRatio": 0.8192943963, "researchAndDevelopmentExpenses": 0, "generalAndAdministrativeExpenses": 625024000, "sellingAndMarketingExpenses": 0, "sellingGeneralAndAdministrativeExpenses": 625024000, "otherExpenses": 3774976000, "operatingExpenses": 4400000000, "costAndExpenses": 1763352000, "interestIncome": 4510163000, "interestExpense": 3058718000, "depreciationAndAmortization": 2422958000, "ebitda": 5169769000, "ebitdaratio": 1.4946725697, "operatingIncome": 2746811000, "operatingIncomeRatio": 0.7941521286, "totalOtherIncomeExpensesNet": -1386430000, "incomeBeforeTax": 2111051000, "incomeBeforeTaxRatio": 0.6103425555, "incomeTaxExpense": 728767000, "netIncome": 1382284000, "netIncomeRatio": 0.3996429973, "eps": 3.3, "epsdiluted": 3, "weightedAverageShsOut": 418374000, "weightedAverageShsOutDil": 460260000, "link": "https://www.sec.gov/Archives/edgar/data/1032033/000110465906015405/0001104659-06-015405-index.htm", "finalLink": "https://www.sec.gov/Archives/edgar/data/1032033/000110465906015405/a06-6041_110k.htm", "calculatedOtherExpenses": -538062000, "calculatedOperatingExpenses": 86962000, "calculatedNetInterest": 1451445000, "calculatedOtherIncome": -2087205000, "calculatedIncomeNonControlling": 0, "calculatedEbitda": 5169769000}, {"date": "2004-12-31", "symbol": "SLMBP", "reportedCurrency": "USD", "cik": "0001032033", "fillingDate": "2005-03-16", "acceptedDate": "2005-03-16 14:12:53", "calendarYear": "2004", "period": "FY", "revenue": 3783831000, "costOfRevenue": 497170000, "grossProfit": 3286661000, "grossProfitRatio": 0.868606711, "researchAndDevelopmentExpenses": 0, "generalAndAdministrativeExpenses": 497170000, "sellingAndMarketingExpenses": 0, "sellingGeneralAndAdministrativeExpenses": 497170000, "otherExpenses": 1115780000, "operatingExpenses": 1115780000, "costAndExpenses": 1612950000, "interestIncome": 2732995000, "interestExpense": 1433696000, "depreciationAndAmortization": 2869610000, "ebitda": 3989655000, "ebitdaratio": 1.0543956641, "operatingIncome": 1120045000, "operatingIncomeRatio": 0.2960081991, "totalOtherIncomeExpensesNet": 781724000, "incomeBeforeTax": 2555959000, "incomeBeforeTaxRatio": 0.6754950208, "incomeTaxExpense": 642689000, "netIncome": 1913270000, "netIncomeRatio": 0.5056436189, "eps": 4.39, "epsdiluted": 4.02, "weightedAverageShsOut": 436133000, "weightedAverageShsOutDil": 475787000, "link": "https://www.sec.gov/Archives/edgar/data/1032033/000095013305001066/0000950133-05-001066-index.htm", "finalLink": "https://www.sec.gov/Archives/edgar/data/1032033/000095013305001066/w05293e10vk.htm", "calculatedOtherExpenses": 1669446000, "calculatedOperatingExpenses": 2166616000, "calculatedNetInterest": 1299299000, "calculatedOtherIncome": 136615000, "calculatedIncomeNonControlling": 0, "calculatedEbitda": 3989655000}, {"date": "2003-12-31", "symbol": "SLMBP", "reportedCurrency": "USD", "cik": "0001032033", "fillingDate": "2004-03-15", "acceptedDate": "2004-03-15 11:30:45", "calendarYear": "2003", "period": "FY", "revenue": 3138320000, "costOfRevenue": 0, "grossProfit": 3138320000, "grossProfitRatio": 1, "researchAndDevelopmentExpenses": 0, "generalAndAdministrativeExpenses": 435930000, "sellingAndMarketingExpenses": 0, "sellingGeneralAndAdministrativeExpenses": 435930000, "otherExpenses": 256680000000, "operatingExpenses": 256680000000, "costAndExpenses": 256680000000, "interestIncome": 2348275000, "interestExpense": 1021906000, "depreciationAndAmortization": 0, "ebitda": 3334846000, "ebitdaratio": 1.0626214025, "operatingIncome": 3334846000, "operatingIncomeRatio": 1.0626214025, "totalOtherIncomeExpensesNet": -1151877000, "incomeBeforeTax": 2182969000, "incomeBeforeTaxRatio": 0.6955852176, "incomeTaxExpense": 779380000, "netIncome": 1533560000, "netIncomeRatio": 0.4886563512, "eps": 3.39, "epsdiluted": 3.31, "weightedAverageShsOut": 452037000, "weightedAverageShsOutDil": 463335000, "link": "https://www.sec.gov/Archives/edgar/data/1032033/000091205704000312/0000912057-04-000312-index.htm", "finalLink": "https://www.sec.gov/Archives/edgar/data/1032033/000091205704000312/a2130702z10-k.htm", "calculatedOtherExpenses": -632456000, "calculatedOperatingExpenses": -196526000, "calculatedNetInterest": 1326369000, "calculatedOtherIncome": -2478246000, "calculatedIncomeNonControlling": -129971000, "calculatedEbitda": 3334846000}, {"date": "2002-12-31", "symbol": "SLMBP", "reportedCurrency": "USD", "cik": "0001032033", "fillingDate": "2003-03-27", "acceptedDate": "2003-03-27 17:07:10", "calendarYear": "2002", "period": "FY", "revenue": 2233699000, "costOfRevenue": 376382000000, "grossProfit": -374148301000, "grossProfitRatio": -167.5016647274, "researchAndDevelopmentExpenses": 0, "generalAndAdministrativeExpenses": 376382000, "sellingAndMarketingExpenses": 0, "sellingGeneralAndAdministrativeExpenses": 376382000, "otherExpenses": 689772000000, "operatingExpenses": 689772000000, "costAndExpenses": 1066154000000, "interestIncome": 2211761000, "interestExpense": 1202620000, "depreciationAndAmortization": -1143180981000, "ebitda": 2426019000, "ebitdaratio": 1.0860993357, "operatingIncome": 1145607000000, "operatingIncomeRatio": 512.874384597, "totalOtherIncomeExpensesNet": -365112000000, "incomeBeforeTax": 1223399000, "incomeBeforeTaxRatio": 0.5477009212, "incomeTaxExpense": 431403000, "netIncome": 791996000, "netIncomeRatio": 0.3545670209, "eps": 1.71, "epsdiluted": 1.66, "weightedAverageShsOut": 461831361, "weightedAverageShsOutDil": 475911585, "link": "https://www.sec.gov/Archives/edgar/data/1032033/000104746903010569/0001047469-03-010569-index.htm", "finalLink": "https://www.sec.gov/Archives/edgar/data/1032033/000104746903010569/a2105032z10-k.htm", "calculatedOtherExpenses": -1520131683000, "calculatedOperatingExpenses": -1519755301000, "calculatedNetInterest": 1009141000, "calculatedOtherIncome": -1145392742000, "calculatedIncomeNonControlling": 0, "calculatedEbitda": 2426019000}, {"date": "2001-12-31", "symbol": "SLMBP", "reportedCurrency": "USD", "cik": "0001032033", "fillingDate": "2002-03-28", "acceptedDate": "2002-03-28 00:00:00", "calendarYear": "2001", "period": "FY", "revenue": 1843458000, "costOfRevenue": 0, "grossProfit": 1843458000, "grossProfitRatio": 1, "researchAndDevelopmentExpenses": 0, "generalAndAdministrativeExpenses": 362904000, "sellingAndMarketingExpenses": 0, "sellingGeneralAndAdministrativeExpenses": 362904000, "otherExpenses": 525071000, "operatingExpenses": 887975000, "costAndExpenses": 887975000, "interestIncome": 2997531000, "interestExpense": 2124115000, "depreciationAndAmortization": 0, "ebitda": 2731433000, "ebitdaratio": 1.4816898459, "operatingIncome": 2731433000, "operatingIncomeRatio": 1.4816898459, "totalOtherIncomeExpensesNet": -2124115000, "incomeBeforeTax": 607318000, "incomeBeforeTaxRatio": 0.3294449887, "incomeTaxExpense": 223322000, "netIncome": 383996000, "netIncomeRatio": 0.2083020063, "eps": 0.8, "epsdiluted": 0.78, "weightedAverageShsOut": 477234000, "weightedAverageShsOutDil": 490200000, "link": "https://www.sec.gov/Archives/edgar/data/1032033/000091205702012292/0000912057-02-012292-index.htm", "finalLink": "https://www.sec.gov/Archives/edgar/data/1032033/000091205702012292/a2072483z10-k.txt", "calculatedOtherExpenses": -1250879000, "calculatedOperatingExpenses": -887975000, "calculatedNetInterest": 873416000, "calculatedOtherIncome": -2997531000, "calculatedIncomeNonControlling": 0, "calculatedEbitda": 2731433000}, {"date": "2000-12-31", "symbol": "SLMBP", "reportedCurrency": "USD", "cik": "0001032033", "fillingDate": "2001-04-02", "acceptedDate": "2001-04-02 00:00:00", "calendarYear": "2000", "period": "FY", "revenue": 1329420000, "costOfRevenue": 0, "grossProfit": 1329420000, "grossProfitRatio": 1, "researchAndDevelopmentExpenses": 0, "generalAndAdministrativeExpenses": 280886000, "sellingAndMarketingExpenses": 0, "sellingGeneralAndAdministrativeExpenses": 280886000, "otherExpenses": 1927462000, "operatingExpenses": 2208348000, "costAndExpenses": 2208348000, "interestIncome": 3478659000, "interestExpense": 2836871000, "depreciationAndAmortization": 0, "ebitda": 3537768000, "ebitdaratio": 2.6611364354, "operatingIncome": 3537768000, "operatingIncomeRatio": 2.6611364354, "totalOtherIncomeExpensesNet": -2836871000, "incomeBeforeTax": 700897000, "incomeBeforeTaxRatio": 0.5272201411, "incomeTaxExpense": 235880000, "netIncome": 465017000, "netIncomeRatio": 0.3497893818, "eps": 0.97, "epsdiluted": 0.94, "weightedAverageShsOut": 478446000, "weightedAverageShsOutDil": 493065000, "link": "https://www.sec.gov/Archives/edgar/data/1032033/000092838501500211/0000928385-01-500211-index.htm", "finalLink": "https://www.sec.gov/Archives/edgar/data/1032033/000092838501500211/d10k405.txt", "calculatedOtherExpenses": -2489234000, "calculatedOperatingExpenses": -2208348000, "calculatedNetInterest": 641788000, "calculatedOtherIncome": -3478659000, "calculatedIncomeNonControlling": 0, "calculatedEbitda": 3537768000}, {"date": "1999-12-31", "symbol": "SLMBP", "reportedCurrency": "USD", "cik": "0001032033", "fillingDate": "2000-03-29", "acceptedDate": "2000-03-29 00:00:00", "calendarYear": "1999", "period": "FY", "revenue": 1144600000, "costOfRevenue": 0, "grossProfit": 1144600000, "grossProfitRatio": 1, "researchAndDevelopmentExpenses": 0, "generalAndAdministrativeExpenses": 184100000, "sellingAndMarketingExpenses": 0, "sellingGeneralAndAdministrativeExpenses": 184100000, "otherExpenses": 1527000000, "operatingExpenses": 1711100000, "costAndExpenses": 1711100000, "interestIncome": 2808600000, "interestExpense": 2114800000, "depreciationAndAmortization": 0, "ebitda": 2855700000, "ebitdaratio": 2.4949327276, "operatingIncome": 2855700000, "operatingIncomeRatio": 2.4949327276, "totalOtherIncomeExpensesNet": -2114800000, "incomeBeforeTax": 740900000, "incomeBeforeTaxRatio": 0.6473003669, "incomeTaxExpense": 240100000, "netIncome": 500800000, "netIncomeRatio": 0.4375327625, "eps": 1.04, "epsdiluted": 1.02, "weightedAverageShsOut": 481731000, "weightedAverageShsOutDil": 489474000, "link": "https://www.sec.gov/Archives/edgar/data/1032033/000091205700014475/0000912057-00-014475-index.html", "finalLink": "https://www.sec.gov/Archives/edgar/data/1032033/000091205700014475/", "calculatedOtherExpenses": -1895200000, "calculatedOperatingExpenses": -1711100000, "calculatedNetInterest": 693800000, "calculatedOtherIncome": -2808600000, "calculatedIncomeNonControlling": 0, "calculatedEbitda": 2855700000}, {"date": "1998-12-31", "symbol": "SLMBP", "reportedCurrency": "USD", "cik": "0001032033", "fillingDate": "1999-03-29", "acceptedDate": "1999-03-29 00:00:00", "calendarYear": "1998", "period": "FY", "revenue": 1139700000, "costOfRevenue": 0, "grossProfit": 1139700000, "grossProfitRatio": 1, "researchAndDevelopmentExpenses": 0, "generalAndAdministrativeExpenses": 189900000, "sellingAndMarketingExpenses": 0, "sellingGeneralAndAdministrativeExpenses": 189900000, "otherExpenses": 1334900000, "operatingExpenses": 1524800000, "costAndExpenses": 1524800000, "interestIncome": 2587700000, "interestExpense": 1925000000, "depreciationAndAmortization": 0, "ebitda": 2664500000, "ebitdaratio": 2.3378959375, "operatingIncome": 2664500000, "operatingIncomeRatio": 2.3378959375, "totalOtherIncomeExpensesNet": -1925000000, "incomeBeforeTax": 739500000, "incomeBeforeTaxRatio": 0.6488549618, "incomeTaxExpense": 238000000, "netIncome": 501500000, "netIncomeRatio": 0.4400280776, "eps": 1, "epsdiluted": 0.98, "weightedAverageShsOut": 503052000, "weightedAverageShsOutDil": 510198000, "link": "https://www.sec.gov/Archives/edgar/data/1032033/000104746999012099/0001047469-99-012099-index.html", "finalLink": "https://www.sec.gov/Archives/edgar/data/1032033/", "calculatedOtherExpenses": -1714700000, "calculatedOperatingExpenses": -1524800000, "calculatedNetInterest": 662700000, "calculatedOtherIncome": -2587700000, "calculatedIncomeNonControlling": 0, "calculatedEbitda": 2664500000}, {"date": "1997-12-31", "symbol": "SLMBP", "reportedCurrency": "USD", "cik": "0001032033", "fillingDate": "1998-03-30", "acceptedDate": "1998-03-30 00:00:00", "calendarYear": "1997", "period": "FY", "revenue": 1258600000, "costOfRevenue": 0, "grossProfit": 1258600000, "grossProfitRatio": 1, "researchAndDevelopmentExpenses": 0, "generalAndAdministrativeExpenses": 224600000, "sellingAndMarketingExpenses": 0, "sellingGeneralAndAdministrativeExpenses": 224600000, "otherExpenses": 1793800000, "operatingExpenses": 2018400000, "costAndExpenses": 2018400000, "interestIncome": 3283900000, "interestExpense": 2526200000, "depreciationAndAmortization": 0, "ebitda": 3277000000, "ebitdaratio": 2.6036866359, "operatingIncome": 3277000000, "operatingIncomeRatio": 2.6036866359, "totalOtherIncomeExpensesNet": -2526200000, "incomeBeforeTax": 750800000, "incomeBeforeTaxRatio": 0.5965358335, "incomeTaxExpense": 242900000, "netIncome": 507900000, "netIncomeRatio": 0.4035436199, "eps": 0.93, "epsdiluted": 0.93, "weightedAverageShsOut": 544662000, "weightedAverageShsOutDil": 548823000, "link": "https://www.sec.gov/Archives/edgar/data/1032033/000102473998000335/0001024739-98-000335-index.html", "finalLink": "https://www.sec.gov/Archives/edgar/data/1032033/", "calculatedOtherExpenses": -2243000000, "calculatedOperatingExpenses": -2018400000, "calculatedNetInterest": 757700000, "calculatedOtherIncome": -3283900000, "calculatedIncomeNonControlling": 0, "calculatedEbitda": 3277000000}, {"date": "1996-12-31", "symbol": "SLMBP", "reportedCurrency": "USD", "cik": "0001032033", "fillingDate": "1996-12-31", "acceptedDate": "1996-12-30 19:00:00", "calendarYear": "1996", "period": "FY", "revenue": 1013300000, "costOfRevenue": 0, "grossProfit": 1013300000, "grossProfitRatio": 1, "researchAndDevelopmentExpenses": 0, "generalAndAdministrativeExpenses": 0, "sellingAndMarketingExpenses": 0, "sellingGeneralAndAdministrativeExpenses": 0, "otherExpenses": 2166400000, "operatingExpenses": 2166400000, "costAndExpenses": 2166400000, "interestIncome": 3443200000, "interestExpense": 2576800000, "depreciationAndAmortization": 0, "ebitda": 3179700000, "ebitdaratio": 3.1379650646, "operatingIncome": 3179700000, "operatingIncomeRatio": 3.1379650646, "totalOtherIncomeExpensesNet": -2576800000, "incomeBeforeTax": 602900000, "incomeBeforeTaxRatio": 0.5949866772, "incomeTaxExpense": 183500000, "netIncome": 419400000, "netIncomeRatio": 0.4138951939, "eps": 0.96, "epsdiluted": 0.95, "weightedAverageShsOut": 438571429, "weightedAverageShsOutDil": 440669856, "link": "", "finalLink": "", "calculatedOtherExpenses": -2166400000, "calculatedOperatingExpenses": -2166400000, "calculatedNetInterest": 866400000, "calculatedOtherIncome": -3443200000, "calculatedIncomeNonControlling": 0, "calculatedEbitda": 3179700000}, {"date": "1995-12-31", "symbol": "SLMBP", "reportedCurrency": "USD", "cik": "0001032033", "fillingDate": "1995-12-31", "acceptedDate": "1995-12-30 19:00:00", "calendarYear": "1995", "period": "FY", "revenue": 673000000, "costOfRevenue": 0, "grossProfit": 673000000, "grossProfitRatio": 1, "researchAndDevelopmentExpenses": 0, "generalAndAdministrativeExpenses": 74700000, "sellingAndMarketingExpenses": 0, "sellingGeneralAndAdministrativeExpenses": 74700000, "otherExpenses": 2910700000, "operatingExpenses": 2985400000, "costAndExpenses": 2985400000, "interestIncome": 3693700000, "interestExpense": 3020700000, "depreciationAndAmortization": 0, "ebitda": 3658400000, "ebitdaratio": 5.4359583952, "operatingIncome": 3658400000, "operatingIncomeRatio": 5.4359583952, "totalOtherIncomeExpensesNet": -3150800000, "incomeBeforeTax": 507600000, "incomeBeforeTaxRatio": 0.7542347697, "incomeTaxExpense": 141300000, "netIncome": 496400000, "netIncomeRatio": 0.7375928678, "eps": 0.7, "epsdiluted": 0.7, "weightedAverageShsOut": 708038135, "weightedAverageShsOutDil": 708038135, "link": "", "finalLink": "", "calculatedOtherExpenses": -3060100000, "calculatedOperatingExpenses": -2985400000, "calculatedNetInterest": 673000000, "calculatedOtherIncome": -3823800000, "calculatedIncomeNonControlling": -130100000, "calculatedEbitda": 3658400000}, {"date": "1994-12-31", "symbol": "SLMBP", "reportedCurrency": "USD", "cik": "0001032033", "fillingDate": "1994-12-31", "acceptedDate": "1994-12-30 19:00:00", "calendarYear": "1994", "period": "FY", "revenue": 709100000, "costOfRevenue": 0, "grossProfit": 709100000, "grossProfitRatio": 1, "researchAndDevelopmentExpenses": 0, "generalAndAdministrativeExpenses": 68000000, "sellingAndMarketingExpenses": 0, "sellingGeneralAndAdministrativeExpenses": 68000000, "otherExpenses": 1934700000, "operatingExpenses": 2002700000, "costAndExpenses": 2002700000, "interestIncome": 2851600000, "interestExpense": 2142500000, "depreciationAndAmortization": 0, "ebitda": 2711800000, "ebitdaratio": 3.824284304, "operatingIncome": 2711800000, "operatingIncomeRatio": 3.824284304, "totalOtherIncomeExpensesNet": -2142500000, "incomeBeforeTax": 569300000, "incomeBeforeTaxRatio": 0.8028486814, "incomeTaxExpense": 166500000, "netIncome": 402800000, "netIncomeRatio": 0.5680439994, "eps": 0.48, "epsdiluted": 0.48, "weightedAverageShsOut": 840411840, "weightedAverageShsOutDil": 840411840, "link": "", "finalLink": "", "calculatedOtherExpenses": -2070700000, "calculatedOperatingExpenses": -2002700000, "calculatedNetInterest": 709100000, "calculatedOtherIncome": -2851600000, "calculatedIncomeNonControlling": 0, "calculatedEbitda": 2711800000}, {"date": "1993-12-31", "symbol": "SLMBP", "reportedCurrency": "USD", "cik": "0001032033", "fillingDate": "1993-12-31", "acceptedDate": "1993-12-30 19:00:00", "calendarYear": "1993", "period": "FY", "revenue": 936800000, "costOfRevenue": 0, "grossProfit": 936800000, "grossProfitRatio": 1, "researchAndDevelopmentExpenses": 0, "generalAndAdministrativeExpenses": 62300000, "sellingAndMarketingExpenses": 0, "sellingGeneralAndAdministrativeExpenses": 62300000, "otherExpenses": 1171700000, "operatingExpenses": 1234000000, "costAndExpenses": 1234000000, "interestIncome": 2417500000, "interestExpense": 1480700000, "depreciationAndAmortization": 0, "ebitda": 2170800000, "ebitdaratio": 2.3172502135, "operatingIncome": 2170800000, "operatingIncomeRatio": 2.3172502135, "totalOtherIncomeExpensesNet": -1480700000, "incomeBeforeTax": 690100000, "incomeBeforeTaxRatio": 0.7366567037, "incomeTaxExpense": 260000000, "netIncome": 430100000, "netIncomeRatio": 0.4591161401, "eps": 0.47, "epsdiluted": 0.47, "weightedAverageShsOut": 912651782, "weightedAverageShsOutDil": 912651782, "link": "", "finalLink": "", "calculatedOtherExpenses": -1296300000, "calculatedOperatingExpenses": -1234000000, "calculatedNetInterest": 936800000, "calculatedOtherIncome": -2417500000, "calculatedIncomeNonControlling": 0, "calculatedEbitda": 2170800000}, {"date": "1992-12-31", "symbol": "SLMBP", "reportedCurrency": "USD", "cik": "0001032033", "fillingDate": "1992-12-31", "acceptedDate": "1992-12-30 19:00:00", "calendarYear": "1992", "period": "FY", "revenue": 802700000, "costOfRevenue": 0, "grossProfit": 802700000, "grossProfitRatio": 1, "researchAndDevelopmentExpenses": 0, "generalAndAdministrativeExpenses": 54800000, "sellingAndMarketingExpenses": 0, "sellingGeneralAndAdministrativeExpenses": 54800000, "otherExpenses": 1562900000, "operatingExpenses": 1617700000, "costAndExpenses": 1617700000, "interestIncome": 0, "interestExpense": 1812200000, "depreciationAndAmortization": 0, "ebitda": 2420400000, "ebitdaratio": 3.0153232839, "operatingIncome": 2420400000, "operatingIncomeRatio": 3.0153232839, "totalOtherIncomeExpensesNet": -1812200000, "incomeBeforeTax": 608200000, "incomeBeforeTaxRatio": 0.7576927868, "incomeTaxExpense": 214300000, "netIncome": 393900000, "netIncomeRatio": 0.490718824, "eps": 0.41, "epsdiluted": 0.41, "weightedAverageShsOut": 965715716, "weightedAverageShsOutDil": 965715716, "link": "", "finalLink": "", "calculatedOtherExpenses": -1672500000, "calculatedOperatingExpenses": -1617700000, "calculatedNetInterest": -1812200000, "calculatedOtherIncome": 0, "calculatedIncomeNonControlling": 0, "calculatedEbitda": 2420400000}, {"date": "1991-12-31", "symbol": "SLMBP", "reportedCurrency": "USD", "cik": "0001032033", "fillingDate": "1991-12-31", "acceptedDate": "1991-12-30 19:00:00", "calendarYear": "1991", "period": "FY", "revenue": 559200000, "costOfRevenue": 0, "grossProfit": 559200000, "grossProfitRatio": 1, "researchAndDevelopmentExpenses": 0, "generalAndAdministrativeExpenses": 52900000, "sellingAndMarketingExpenses": 0, "sellingGeneralAndAdministrativeExpenses": 52900000, "otherExpenses": 2419800000, "operatingExpenses": 2472700000, "costAndExpenses": 2472700000, "interestIncome": 3121700000, "interestExpense": 2562500000, "depreciationAndAmortization": 0, "ebitda": 3031900000, "ebitdaratio": 5.4218526466, "operatingIncome": 3031900000, "operatingIncomeRatio": 5.4218526466, "totalOtherIncomeExpensesNet": -2562500000, "incomeBeforeTax": 469400000, "incomeBeforeTaxRatio": 0.8394134478, "incomeTaxExpense": 124300000, "netIncome": 345100000, "netIncomeRatio": 0.6171316166, "eps": 0.35, "epsdiluted": 0.35, "weightedAverageShsOut": 984513926, "weightedAverageShsOutDil": 984513926, "link": "", "finalLink": "", "calculatedOtherExpenses": -2525600000, "calculatedOperatingExpenses": -2472700000, "calculatedNetInterest": 559200000, "calculatedOtherIncome": -3121700000, "calculatedIncomeNonControlling": 0, "calculatedEbitda": 3031900000}, {"date": "1990-12-31", "symbol": "SLMBP", "reportedCurrency": "USD", "cik": "0001032033", "fillingDate": "1990-12-31", "acceptedDate": "1990-12-30 19:00:00", "calendarYear": "1990", "period": "FY", "revenue": 478900000, "costOfRevenue": 0, "grossProfit": 478900000, "grossProfitRatio": 1, "researchAndDevelopmentExpenses": 0, "generalAndAdministrativeExpenses": 48800000, "sellingAndMarketingExpenses": 0, "sellingGeneralAndAdministrativeExpenses": 48800000, "otherExpenses": 2896500000, "operatingExpenses": 2945300000, "costAndExpenses": 2945300000, "interestIncome": 3503000000, "interestExpense": 3024100000, "depreciationAndAmortization": 0, "ebitda": 3424200000, "ebitdaratio": 7.1501357277, "operatingIncome": 3424200000, "operatingIncomeRatio": 7.1501357277, "totalOtherIncomeExpensesNet": -3024100000, "incomeBeforeTax": 400100000, "incomeBeforeTaxRatio": 0.8354562539, "incomeTaxExpense": 99200000, "netIncome": 300900000, "netIncomeRatio": 0.6283148883, "eps": 0.29, "epsdiluted": 0.29, "weightedAverageShsOut": 1025260555, "weightedAverageShsOutDil": 1025260555, "link": "", "finalLink": "", "calculatedOtherExpenses": -2994100000, "calculatedOperatingExpenses": -2945300000, "calculatedNetInterest": 478900000, "calculatedOtherIncome": -3503000000, "calculatedIncomeNonControlling": 0, "calculatedEbitda": 3424200000}, {"date": "1989-12-31", "symbol": "SLMBP", "reportedCurrency": "USD", "cik": "0001032033", "fillingDate": "1989-12-31", "acceptedDate": "1989-12-30 19:00:00", "calendarYear": "1989", "period": "FY", "revenue": 417600000, "costOfRevenue": 0, "grossProfit": 417600000, "grossProfitRatio": 1, "researchAndDevelopmentExpenses": 0, "generalAndAdministrativeExpenses": 44200000, "sellingAndMarketingExpenses": 0, "sellingGeneralAndAdministrativeExpenses": 44200000, "otherExpenses": 2637100000, "operatingExpenses": 2681300000, "costAndExpenses": 2681300000, "interestIncome": 3168700000, "interestExpense": 2751100000, "depreciationAndAmortization": 0, "ebitda": 3098900000, "ebitdaratio": 7.4207375479, "operatingIncome": 3098900000, "operatingIncomeRatio": 7.4207375479, "totalOtherIncomeExpensesNet": -2751100000, "incomeBeforeTax": 347800000, "incomeBeforeTaxRatio": 0.8328544061, "incomeTaxExpense": 90200000, "netIncome": 257600000, "netIncomeRatio": 0.6168582375, "eps": 0.25, "epsdiluted": 0.25, "weightedAverageShsOut": 1028945612, "weightedAverageShsOutDil": 1028945612, "link": "", "finalLink": "", "calculatedOtherExpenses": -2725500000, "calculatedOperatingExpenses": -2681300000, "calculatedNetInterest": 417600000, "calculatedOtherIncome": -3168700000, "calculatedIncomeNonControlling": 0, "calculatedEbitda": 3098900000}, {"date": "1988-12-31", "symbol": "SLMBP", "reportedCurrency": "USD", "cik": "0001032033", "fillingDate": "1988-12-31", "acceptedDate": "1988-12-30 19:00:00", "calendarYear": "1988", "period": "FY", "revenue": 0, "costOfRevenue": 0, "grossProfit": 0, "grossProfitRatio": 0, "researchAndDevelopmentExpenses": 0, "generalAndAdministrativeExpenses": 0, "sellingAndMarketingExpenses": 0, "sellingGeneralAndAdministrativeExpenses": 0, "otherExpenses": 225100000, "operatingExpenses": 225100000, "costAndExpenses": 225100000, "interestIncome": 0, "interestExpense": 0, "depreciationAndAmortization": 0, "ebitda": 225100000, "ebitdaratio": 0, "operatingIncome": 225100000, "operatingIncomeRatio": 0, "totalOtherIncomeExpensesNet": 0, "incomeBeforeTax": 0, "incomeBeforeTaxRatio": 0, "incomeTaxExpense": -225100000, "netIncome": 225100000, "netIncomeRatio": 0, "eps": 0.21, "epsdiluted": 0.21, "weightedAverageShsOut": 1053020233, "weightedAverageShsOutDil": 1053020233, "link": "", "finalLink": "", "calculatedOtherExpenses": -225100000, "calculatedOperatingExpenses": -225100000, "calculatedNetInterest": 0, "calculatedOtherIncome": -225100000, "calculatedIncomeNonControlling": 0, "calculatedEbitda": 225100000}, {"date": "1987-12-31", "symbol": "SLMBP", "reportedCurrency": "USD", "cik": "0001032033", "fillingDate": "1987-12-31", "acceptedDate": "1987-12-30 19:00:00", "calendarYear": "1987", "period": "FY", "revenue": 0, "costOfRevenue": 0, "grossProfit": 0, "grossProfitRatio": 0, "researchAndDevelopmentExpenses": 0, "generalAndAdministrativeExpenses": 0, "sellingAndMarketingExpenses": 0, "sellingGeneralAndAdministrativeExpenses": 0, "otherExpenses": 181000000, "operatingExpenses": 181000000, "costAndExpenses": 181000000, "interestIncome": 0, "interestExpense": 0, "depreciationAndAmortization": 0, "ebitda": 181000000, "ebitdaratio": 0, "operatingIncome": 181000000, "operatingIncomeRatio": 0, "totalOtherIncomeExpensesNet": 0, "incomeBeforeTax": 0, "incomeBeforeTaxRatio": 0, "incomeTaxExpense": -181000000, "netIncome": 181000000, "netIncomeRatio": 0, "eps": 0.17, "epsdiluted": 0.17, "weightedAverageShsOut": 1082997892, "weightedAverageShsOutDil": 1082997892, "link": "", "finalLink": "", "calculatedOtherExpenses": -181000000, "calculatedOperatingExpenses": -181000000, "calculatedNetInterest": 0, "calculatedOtherIncome": -181000000, "calculatedIncomeNonControlling": 0, "calculatedEbitda": 181000000}, {"date": "1986-12-31", "symbol": "SLMBP", "reportedCurrency": "USD", "cik": "0001032033", "fillingDate": "1986-12-31", "acceptedDate": "1986-12-30 19:00:00", "calendarYear": "1986", "period": "FY", "revenue": 0, "costOfRevenue": 0, "grossProfit": 0, "grossProfitRatio": 0, "researchAndDevelopmentExpenses": 0, "generalAndAdministrativeExpenses": 0, "sellingAndMarketingExpenses": 0, "sellingGeneralAndAdministrativeExpenses": 0, "otherExpenses": 144600000, "operatingExpenses": 144600000, "costAndExpenses": 144600000, "interestIncome": 0, "interestExpense": 0, "depreciationAndAmortization": 0, "ebitda": 144600000, "ebitdaratio": 0, "operatingIncome": 144600000, "operatingIncomeRatio": 0, "totalOtherIncomeExpensesNet": 0, "incomeBeforeTax": 0, "incomeBeforeTaxRatio": 0, "incomeTaxExpense": -144600000, "netIncome": 144600000, "netIncomeRatio": 0, "eps": 0.13, "epsdiluted": 0.13, "weightedAverageShsOut": 1132561133, "weightedAverageShsOutDil": 1132561133, "link": "", "finalLink": "", "calculatedOtherExpenses": -144600000, "calculatedOperatingExpenses": -144600000, "calculatedNetInterest": 0, "calculatedOtherIncome": -144600000, "calculatedIncomeNonControlling": 0, "calculatedEbitda": 144600000}, {"date": "1985-12-31", "symbol": "SLMBP", "reportedCurrency": "USD", "cik": "0001032033", "fillingDate": "1985-12-31", "acceptedDate": "1985-12-30 19:00:00", "calendarYear": "1985", "period": "FY", "revenue": 0, "costOfRevenue": 0, "grossProfit": 0, "grossProfitRatio": 0, "researchAndDevelopmentExpenses": 0, "generalAndAdministrativeExpenses": 0, "sellingAndMarketingExpenses": 0, "sellingGeneralAndAdministrativeExpenses": 0, "otherExpenses": 123300000, "operatingExpenses": 123300000, "costAndExpenses": 123300000, "interestIncome": 0, "interestExpense": 0, "depreciationAndAmortization": 0, "ebitda": 123300000, "ebitdaratio": 0, "operatingIncome": 123300000, "operatingIncomeRatio": 0, "totalOtherIncomeExpensesNet": 0, "incomeBeforeTax": 0, "incomeBeforeTaxRatio": 0, "incomeTaxExpense": -123300000, "netIncome": 123300000, "netIncomeRatio": 0, "eps": 0.11, "epsdiluted": 0.11, "weightedAverageShsOut": 1141141141, "weightedAverageShsOutDil": 1141141141, "link": "", "finalLink": "", "calculatedOtherExpenses": -123300000, "calculatedOperatingExpenses": -123300000, "calculatedNetInterest": 0, "calculatedOtherIncome": -123300000, "calculatedIncomeNonControlling": 0, "calculatedEbitda": 123300000}]}