{"originalCurrency": "USD", "convertedCurrency": "USD", "report": [{"date": "2023-12-31", "symbol": "SM", "reportedCurrency": "USD", "cik": "0000893538", "fillingDate": "2024-02-22", "acceptedDate": "2024-02-22 08:54:52", "calendarYear": "2023", "period": "FY", "revenue": 2363889000, "costOfRevenue": 1254024000, "grossProfit": 1109865000, "grossProfitRatio": 0.469508086, "researchAndDevelopmentExpenses": 0, "generalAndAdministrativeExpenses": 121063000, "sellingAndMarketingExpenses": 0, "sellingGeneralAndAdministrativeExpenses": 121063000, "otherExpenses": -928000, "operatingExpenses": 191113000, "costAndExpenses": 1445137000, "interestIncome": 19854000, "interestExpense": 91630000, "depreciationAndAmortization": 690481000, "ebitda": 1628159000, "ebitdaratio": 0.6887628818, "operatingIncome": 986906000, "operatingIncomeRatio": 0.4174925303, "totalOtherIncomeExpensesNet": 67226000, "incomeBeforeTax": 914202000, "incomeBeforeTaxRatio": 0.3867364331, "incomeTaxExpense": 96322000, "netIncome": 817880000, "netIncomeRatio": 0.3459891729, "eps": 6.89, "epsdiluted": 6.86, "weightedAverageShsOut": 118678000, "weightedAverageShsOutDil": 119240000, "link": "https://www.sec.gov/Archives/edgar/data/893538/000089353824000009/0000893538-24-000009-index.htm", "finalLink": "https://www.sec.gov/Archives/edgar/data/893538/000089353824000009/sm-20231231.htm", "calculatedOtherExpenses": 1896000, "calculatedOperatingExpenses": 122959000, "calculatedNetInterest": -71776000, "calculatedOtherIncome": -928000, "calculatedIncomeNonControlling": 0, "calculatedEbitda": 1677387000}, {"date": "2022-12-31", "symbol": "SM", "reportedCurrency": "USD", "cik": "0000893538", "fillingDate": "2023-02-23", "acceptedDate": "2023-02-23 09:02:19", "calendarYear": "2022", "period": "FY", "revenue": 3345906000, "costOfRevenue": 1224692000, "grossProfit": 2121214000, "grossProfitRatio": 0.6339729807, "researchAndDevelopmentExpenses": 0, "generalAndAdministrativeExpenses": 114558000, "sellingAndMarketingExpenses": 0, "sellingGeneralAndAdministrativeExpenses": 114558000, "otherExpenses": 45695000, "operatingExpenses": 160253000, "costAndExpenses": 1384945000, "interestIncome": 5774000, "interestExpense": 120346000, "depreciationAndAmortization": 989500000, "ebitda": 2568981000, "ebitdaratio": 0.7677983183, "operatingIncome": 1579481000, "operatingIncomeRatio": 0.4720637699, "totalOtherIncomeExpensesNet": -183711000, "incomeBeforeTax": 1395770000, "incomeBeforeTaxRatio": 0.4171575651, "incomeTaxExpense": 283818000, "netIncome": 1111952000, "netIncomeRatio": 0.3323321097, "eps": 9.09, "epsdiluted": 8.96, "weightedAverageShsOut": 122351000, "weightedAverageShsOutDil": 124084000, "link": "https://www.sec.gov/Archives/edgar/data/893538/000089353823000014/0000893538-23-000014-index.htm", "finalLink": "https://www.sec.gov/Archives/edgar/data/893538/000089353823000014/sm-20221231.htm", "calculatedOtherExpenses": 427175000, "calculatedOperatingExpenses": 541733000, "calculatedNetInterest": -114572000, "calculatedOtherIncome": -69139000, "calculatedIncomeNonControlling": 0, "calculatedEbitda": 2568981000}, {"date": "2021-12-31", "symbol": "SM", "reportedCurrency": "USD", "cik": "0000893538", "fillingDate": "2022-02-25", "acceptedDate": "2022-02-25 08:55:04", "calendarYear": "2021", "period": "FY", "revenue": 2597915000, "costOfRevenue": 1279802000, "grossProfit": 1318113000, "grossProfitRatio": 0.5073734129, "researchAndDevelopmentExpenses": 0, "generalAndAdministrativeExpenses": 111945000, "sellingAndMarketingExpenses": 0, "sellingGeneralAndAdministrativeExpenses": 111945000, "otherExpenses": 60386000, "operatingExpenses": 172331000, "costAndExpenses": 1452133000, "interestIncome": 1716000, "interestExpense": 160353000, "depreciationAndAmortization": 774386000, "ebitda": 1919704000, "ebitdaratio": 0.7389402656, "operatingIncome": 1145318000, "operatingIncomeRatio": 0.4408604593, "totalOtherIncomeExpensesNet": -1099151000, "incomeBeforeTax": 46167000, "incomeBeforeTaxRatio": 0.0177707893, "incomeTaxExpense": 9938000, "netIncome": 36229000, "netIncomeRatio": 0.0139454139, "eps": 0.3, "epsdiluted": 0.29, "weightedAverageShsOut": 119043000, "weightedAverageShsOutDil": 123690000, "link": "https://www.sec.gov/Archives/edgar/data/893538/000089353822000020/0000893538-22-000020-index.htm", "finalLink": "https://www.sec.gov/Archives/edgar/data/893538/000089353822000020/sm-20211231.htm", "calculatedOtherExpenses": 60850000, "calculatedOperatingExpenses": 172795000, "calculatedNetInterest": -158637000, "calculatedOtherIncome": -940514000, "calculatedIncomeNonControlling": 0, "calculatedEbitda": 1919704000}, {"date": "2020-12-31", "symbol": "SM", "reportedCurrency": "USD", "cik": "0000893538", "fillingDate": "2021-02-18", "acceptedDate": "2021-02-18 08:55:42", "calendarYear": "2020", "period": "FY", "revenue": 1126582000, "costOfRevenue": 1176204000, "grossProfit": -49622000, "grossProfitRatio": -0.0440465053, "researchAndDevelopmentExpenses": 0, "generalAndAdministrativeExpenses": 99160000, "sellingAndMarketingExpenses": 0, "sellingGeneralAndAdministrativeExpenses": 99160000, "otherExpenses": 65822000, "operatingExpenses": 164982000, "costAndExpenses": 1341186000, "interestIncome": 163892000, "interestExpense": 163892000, "depreciationAndAmortization": 784987000, "ebitda": 566439000, "ebitdaratio": 0.5027942928, "operatingIncome": -218548000, "operatingIncomeRatio": -0.1939920929, "totalOtherIncomeExpensesNet": -738157000, "incomeBeforeTax": -956705000, "incomeBeforeTaxRatio": -0.8492102661, "incomeTaxExpense": -192091000, "netIncome": -764614000, "netIncomeRatio": -0.6787024824, "eps": -6.72, "epsdiluted": -6.72, "weightedAverageShsOut": 113730000, "weightedAverageShsOutDil": 113730000, "link": "https://www.sec.gov/Archives/edgar/data/893538/000089353821000008/0000893538-21-000008-index.htm", "finalLink": "https://www.sec.gov/Archives/edgar/data/893538/000089353821000008/sm-20201231.htm", "calculatedOtherExpenses": 69766000, "calculatedOperatingExpenses": 168926000, "calculatedNetInterest": 0, "calculatedOtherIncome": -738157000, "calculatedIncomeNonControlling": 0, "calculatedEbitda": 566439000}, {"date": "2019-12-31", "symbol": "SM", "reportedCurrency": "USD", "cik": "0000893538", "fillingDate": "2020-02-20", "acceptedDate": "2020-02-20 08:57:52", "calendarYear": "2019", "period": "FY", "revenue": 1589243000, "costOfRevenue": 1324507000, "grossProfit": 264736000, "grossProfitRatio": 0.1665799377, "researchAndDevelopmentExpenses": 0, "generalAndAdministrativeExpenses": 132797000, "sellingAndMarketingExpenses": 0, "sellingGeneralAndAdministrativeExpenses": 132797000, "otherExpenses": 71388000, "operatingExpenses": 204185000, "costAndExpenses": 1528692000, "interestIncome": 159102000, "interestExpense": 159102000, "depreciationAndAmortization": 823798000, "ebitda": 882375000, "ebitdaratio": 0.5552171694, "operatingIncome": 58577000, "operatingIncomeRatio": 0.0368584288, "totalOtherIncomeExpensesNet": -289621000, "incomeBeforeTax": -231044000, "incomeBeforeTaxRatio": -0.1453799073, "incomeTaxExpense": -44043000, "netIncome": -187001000, "netIncomeRatio": -0.117666713, "eps": -1.66, "epsdiluted": -1.66, "weightedAverageShsOut": 112544000, "weightedAverageShsOutDil": 112544000, "link": "https://www.sec.gov/Archives/edgar/data/893538/000089353820000009/0000893538-20-000009-index.htm", "finalLink": "https://www.sec.gov/Archives/edgar/data/893538/000089353820000009/sm-20191231x10k.htm", "calculatedOtherExpenses": 73362000, "calculatedOperatingExpenses": 206159000, "calculatedNetInterest": 0, "calculatedOtherIncome": -289621000, "calculatedIncomeNonControlling": 0, "calculatedEbitda": 882375000}, {"date": "2018-12-31", "symbol": "SM", "reportedCurrency": "USD", "cik": "0000893538", "fillingDate": "2019-02-21", "acceptedDate": "2019-02-21 08:56:41", "calendarYear": "2018", "period": "FY", "revenue": 1640155000, "costOfRevenue": 1152680000, "grossProfit": 487475000, "grossProfitRatio": 0.2972127634, "researchAndDevelopmentExpenses": 0, "generalAndAdministrativeExpenses": 116504000, "sellingAndMarketingExpenses": 0, "sellingGeneralAndAdministrativeExpenses": 116504000, "otherExpenses": 3086000, "operatingExpenses": 189998000, "costAndExpenses": 1342678000, "interestIncome": 0, "interestExpense": 160906000, "depreciationAndAmortization": 665313000, "ebitda": 965876000, "ebitdaratio": 0.5888931229, "operatingIncome": 836337000, "operatingIncomeRatio": 0.5099133923, "totalOtherIncomeExpensesNet": 515206000, "incomeBeforeTax": 651777000, "incomeBeforeTaxRatio": 0.397387442, "incomeTaxExpense": 143370000, "netIncome": 508407000, "netIncomeRatio": 0.3099749719, "eps": 4.54, "epsdiluted": 4.48, "weightedAverageShsOut": 111912000, "weightedAverageShsOutDil": 113502000, "link": "https://www.sec.gov/Archives/edgar/data/893538/000089353819000012/0000893538-19-000012-index.htm", "finalLink": "https://www.sec.gov/Archives/edgar/data/893538/000089353819000012/sm-20181231x10k.htm", "calculatedOtherExpenses": -465366000, "calculatedOperatingExpenses": -348862000, "calculatedNetInterest": -160906000, "calculatedOtherIncome": -23654000, "calculatedIncomeNonControlling": 0, "calculatedEbitda": 1501650000}, {"date": "2017-12-31", "symbol": "SM", "reportedCurrency": "USD", "cik": "0000893538", "fillingDate": "2018-02-21", "acceptedDate": "2018-02-21 17:05:41", "calendarYear": "2017", "period": "FY", "revenue": 1260404000, "costOfRevenue": 1064942000, "grossProfit": 195462000, "grossProfitRatio": 0.1550788477, "researchAndDevelopmentExpenses": 0, "generalAndAdministrativeExpenses": 120585000, "sellingAndMarketingExpenses": 0, "sellingGeneralAndAdministrativeExpenses": 120585000, "otherExpenses": 3968000, "operatingExpenses": 190431000, "costAndExpenses": 1255373000, "interestIncome": 0, "interestExpense": 179257000, "depreciationAndAmortization": 557036000, "ebitda": 566035000, "ebitdaratio": 0.449090133, "operatingIncome": -168489000, "operatingIncomeRatio": -0.1336785666, "totalOtherIncomeExpensesNet": -169587000, "incomeBeforeTax": -343813000, "incomeBeforeTaxRatio": -0.2727799975, "incomeTaxExpense": -182970000, "netIncome": -160843000, "netIncomeRatio": -0.1276122577, "eps": -1.44, "epsdiluted": -1.44, "weightedAverageShsOut": 111428000, "weightedAverageShsOutDil": 111428000, "link": "https://www.sec.gov/Archives/edgar/data/893538/000089353818000005/0000893538-18-000005-index.htm", "finalLink": "https://www.sec.gov/Archives/edgar/data/893538/000089353818000005/sm-20171231x10k.htm", "calculatedOtherExpenses": 243366000, "calculatedOperatingExpenses": 363951000, "calculatedNetInterest": -179257000, "calculatedOtherIncome": 3933000, "calculatedIncomeNonControlling": 0, "calculatedEbitda": 388547000}, {"date": "2016-12-31", "symbol": "SM", "reportedCurrency": "USD", "cik": "0000893538", "fillingDate": "2017-02-23", "acceptedDate": "2017-02-23 09:16:21", "calendarYear": "2016", "period": "FY", "revenue": 1180376000, "costOfRevenue": 1388310000, "grossProfit": -207934000, "grossProfitRatio": -0.1761591222, "researchAndDevelopmentExpenses": 0, "generalAndAdministrativeExpenses": 126428000, "sellingAndMarketingExpenses": 0, "sellingGeneralAndAdministrativeExpenses": 126428000, "otherExpenses": 362000, "operatingExpenses": 202841000, "costAndExpenses": 1591151000, "interestIncome": 0, "interestExpense": 158685000, "depreciationAndAmortization": 790745000, "ebitda": 380332000, "ebitdaratio": 0.3222125831, "operatingIncome": -1059315000, "operatingIncomeRatio": -0.8974386128, "totalOtherIncomeExpensesNet": -632456000, "incomeBeforeTax": -1201916000, "incomeBeforeTaxRatio": -1.0182484225, "incomeTaxExpense": -444172000, "netIncome": -757744000, "netIncomeRatio": -0.6419513782, "eps": -9.9, "epsdiluted": -9.9, "weightedAverageShsOut": 76539797, "weightedAverageShsOutDil": 76568000, "link": "https://www.sec.gov/Archives/edgar/data/893538/000089353817000013/0000893538-17-000013-index.htm", "finalLink": "https://www.sec.gov/Archives/edgar/data/893538/000089353817000013/sm-20161231x10k.htm", "calculatedOtherExpenses": 724953000, "calculatedOperatingExpenses": 851381000, "calculatedNetInterest": -158685000, "calculatedOtherIncome": 16084000, "calculatedIncomeNonControlling": 0, "calculatedEbitda": -268570000}, {"date": "2015-12-31", "symbol": "SM", "reportedCurrency": "USD", "cik": "0000893538", "fillingDate": "2016-02-24", "acceptedDate": "2016-02-24 09:05:23", "calendarYear": "2015", "period": "FY", "revenue": 1513934000, "costOfRevenue": 1658564000, "grossProfit": -144630000, "grossProfitRatio": -0.0955325661, "researchAndDevelopmentExpenses": 0, "generalAndAdministrativeExpenses": 157668000, "sellingAndMarketingExpenses": 0, "sellingGeneralAndAdministrativeExpenses": 157668000, "otherExpenses": 649000, "operatingExpenses": 289324000, "costAndExpenses": 1947888000, "interestIncome": 0, "interestExpense": 128149000, "depreciationAndAmortization": 921009000, "ebitda": 487704000, "ebitdaratio": 0.3221435016, "operatingIncome": -578783000, "operatingIncomeRatio": -0.3823039842, "totalOtherIncomeExpensesNet": -160758000, "incomeBeforeTax": -722861000, "incomeBeforeTaxRatio": -0.4774719373, "incomeTaxExpense": -275151000, "netIncome": -447710000, "netIncomeRatio": -0.2957262338, "eps": -6.61, "epsdiluted": -6.61, "weightedAverageShsOut": 67723000, "weightedAverageShsOutDil": 67723000, "link": "https://www.sec.gov/Archives/edgar/data/893538/000089353816000122/0000893538-16-000122-index.htm", "finalLink": "https://www.sec.gov/Archives/edgar/data/893538/000089353816000122/sm-20151231x10k.htm", "calculatedOtherExpenses": 276485000, "calculatedOperatingExpenses": 434153000, "calculatedNetInterest": -128149000, "calculatedOtherIncome": -15929000, "calculatedIncomeNonControlling": 0, "calculatedEbitda": 342226000}, {"date": "2014-12-31", "symbol": "SM", "reportedCurrency": "USD", "cik": "0000893538", "fillingDate": "2015-02-25", "acceptedDate": "2015-02-25 09:16:31", "calendarYear": "2014", "period": "FY", "revenue": 2521661000, "costOfRevenue": 1507870000, "grossProfit": 1013791000, "grossProfitRatio": 0.4020330251, "researchAndDevelopmentExpenses": 0, "generalAndAdministrativeExpenses": 167103000, "sellingAndMarketingExpenses": 0, "sellingGeneralAndAdministrativeExpenses": 167103000, "otherExpenses": -2561000, "operatingExpenses": 271769000, "costAndExpenses": 1779639000, "interestIncome": 0, "interestExpense": 98554000, "depreciationAndAmortization": 767532000, "ebitda": 1506993000, "ebitdaratio": 0.5976191883, "operatingIncome": 1165814000, "operatingIncomeRatio": 0.4623198757, "totalOtherIncomeExpensesNet": 421231000, "incomeBeforeTax": 1064699000, "incomeBeforeTaxRatio": 0.4222213057, "incomeTaxExpense": 398648000, "netIncome": 666051000, "netIncomeRatio": 0.2641318559, "eps": 9.91, "epsdiluted": 9.79, "weightedAverageShsOut": 67230000, "weightedAverageShsOutDil": 68044000, "link": "https://www.sec.gov/Archives/edgar/data/893538/000089353815000011/0000893538-15-000011-index.htm", "finalLink": "https://www.sec.gov/Archives/edgar/data/893538/000089353815000011/sm-20141231x10k.htm", "calculatedOtherExpenses": -319126000, "calculatedOperatingExpenses": -152023000, "calculatedNetInterest": -98554000, "calculatedOtherIncome": -2561000, "calculatedIncomeNonControlling": 0, "calculatedEbitda": 1933346000}, {"date": "2013-12-31", "symbol": "SM", "reportedCurrency": "USD", "cik": "0000893538", "fillingDate": "2014-02-19", "acceptedDate": "2014-02-19 09:11:52", "calendarYear": "2013", "period": "FY", "revenue": 2267177000, "costOfRevenue": 1477564000, "grossProfit": 789613000, "grossProfitRatio": 0.3482802622, "researchAndDevelopmentExpenses": 0, "generalAndAdministrativeExpenses": 149551000, "sellingAndMarketingExpenses": 0, "sellingGeneralAndAdministrativeExpenses": 149551000, "otherExpenses": 82338000, "operatingExpenses": 231889000, "costAndExpenses": 1709453000, "interestIncome": 67000, "interestExpense": 89711000, "depreciationAndAmortization": 822872000, "ebitda": 1380663000, "ebitdaratio": 0.6089789196, "operatingIncome": 368255000, "operatingIncomeRatio": 0.1624288708, "totalOtherIncomeExpensesNet": -189469000, "incomeBeforeTax": 278611000, "incomeBeforeTaxRatio": 0.1228889496, "incomeTaxExpense": 107676000, "netIncome": 170935000, "netIncomeRatio": 0.0753955249, "eps": 2.57, "epsdiluted": 2.51, "weightedAverageShsOut": 66615000, "weightedAverageShsOutDil": 67998000, "link": "https://www.sec.gov/Archives/edgar/data/893538/000089353814000010/0000893538-14-000010-index.htm", "finalLink": "https://www.sec.gov/Archives/edgar/data/893538/000089353814000010/sm-20131231x10k.htm", "calculatedOtherExpenses": 271807000, "calculatedOperatingExpenses": 421358000, "calculatedNetInterest": -89644000, "calculatedOtherIncome": 0, "calculatedIncomeNonControlling": 0, "calculatedEbitda": 1191127000}, {"date": "2012-12-31", "symbol": "SM", "reportedCurrency": "USD", "cik": "0000893538", "fillingDate": "2013-02-21", "acceptedDate": "2013-02-21 08:59:54", "calendarYear": "2012", "period": "FY", "revenue": 1528254000, "costOfRevenue": 1167332000, "grossProfit": 360922000, "grossProfitRatio": 0.2361662394, "researchAndDevelopmentExpenses": 0, "generalAndAdministrativeExpenses": 119815000, "sellingAndMarketingExpenses": 0, "sellingGeneralAndAdministrativeExpenses": 119815000, "otherExpenses": 68337000, "operatingExpenses": 188152000, "costAndExpenses": 1355484000, "interestIncome": 220000, "interestExpense": 63720000, "depreciationAndAmortization": 727877000, "ebitda": 900867000, "ebitdaratio": 0.5894746554, "operatingIncome": -20017000, "operatingIncomeRatio": -0.0130979536, "totalOtherIncomeExpensesNet": -192787000, "incomeBeforeTax": -83517000, "incomeBeforeTaxRatio": -0.0546486382, "incomeTaxExpense": -29268000, "netIncome": -54249000, "netIncomeRatio": -0.0354973715, "eps": -0.83, "epsdiluted": -0.83, "weightedAverageShsOut": 65138000, "weightedAverageShsOutDil": 65138000, "link": "https://www.sec.gov/Archives/edgar/data/893538/000089353813000011/0000893538-13-000011-index.htm", "finalLink": "https://www.sec.gov/Archives/edgar/data/893538/000089353813000011/sm-20121231x10k.htm", "calculatedOtherExpenses": 261124000, "calculatedOperatingExpenses": 380939000, "calculatedNetInterest": -63500000, "calculatedOtherIncome": 0, "calculatedIncomeNonControlling": 0, "calculatedEbitda": 707860000}, {"date": "2011-12-31", "symbol": "SM", "reportedCurrency": "USD", "cik": "0000893538", "fillingDate": "2012-02-23", "acceptedDate": "2012-02-23 09:07:08", "calendarYear": "2011", "period": "FY", "revenue": 1603318000, "costOfRevenue": 407897000, "grossProfit": 1195421000, "grossProfitRatio": 0.7455919537, "researchAndDevelopmentExpenses": 0, "generalAndAdministrativeExpenses": 118526000, "sellingAndMarketingExpenses": 0, "sellingGeneralAndAdministrativeExpenses": 118526000, "otherExpenses": 466107000, "operatingExpenses": 584633000, "costAndExpenses": 992530000, "interestIncome": 466000, "interestExpense": 45849000, "depreciationAndAmortization": 511103000, "ebitda": 1122357000, "ebitdaratio": 0.7000214555, "operatingIncome": 384384000, "operatingIncomeRatio": 0.2397428333, "totalOtherIncomeExpensesNet": -226404000, "incomeBeforeTax": 339001000, "incomeBeforeTaxRatio": 0.2114371572, "incomeTaxExpense": 123585000, "netIncome": 215416000, "netIncomeRatio": 0.1343563785, "eps": 3.38, "epsdiluted": 3.19, "weightedAverageShsOut": 63755000, "weightedAverageShsOutDil": 67564000, "link": "https://www.sec.gov/Archives/edgar/data/893538/000089353812000012/0000893538-12-000012-index.htm", "finalLink": "https://www.sec.gov/Archives/edgar/data/893538/000089353812000012/sm-20111231x10k.htm", "calculatedOtherExpenses": 692511000, "calculatedOperatingExpenses": 811037000, "calculatedNetInterest": -45383000, "calculatedOtherIncome": 0, "calculatedIncomeNonControlling": 0, "calculatedEbitda": 895487000}, {"date": "2010-12-31", "symbol": "SM", "reportedCurrency": "USD", "cik": "0000893538", "fillingDate": "2011-02-25", "acceptedDate": "2011-02-25 15:07:07", "calendarYear": "2010", "period": "FY", "revenue": 1092834000, "costOfRevenue": 325661000, "grossProfit": 767173000, "grossProfitRatio": 0.702003232, "researchAndDevelopmentExpenses": 0, "generalAndAdministrativeExpenses": 141104000, "sellingAndMarketingExpenses": 0, "sellingGeneralAndAdministrativeExpenses": 141104000, "otherExpenses": 313626000, "operatingExpenses": 420289000, "costAndExpenses": 745950000, "interestIncome": 321000, "interestExpense": 24196000, "depreciationAndAmortization": 336141000, "ebitda": 683346000, "ebitdaratio": 0.6252971632, "operatingIncome": 338771000, "operatingIncomeRatio": 0.3099931005, "totalOtherIncomeExpensesNet": -8113000, "incomeBeforeTax": 314896000, "incomeBeforeTaxRatio": 0.2881462326, "incomeTaxExpense": 118059000, "netIncome": 196837000, "netIncomeRatio": 0.1801161018, "eps": 3.13, "epsdiluted": 3.04, "weightedAverageShsOut": 62969000, "weightedAverageShsOutDil": 64689000, "link": "https://www.sec.gov/Archives/edgar/data/893538/000110465911010268/0001104659-11-010268-index.htm", "finalLink": "https://www.sec.gov/Archives/edgar/data/893538/000110465911010268/a11-3036_110k.htm", "calculatedOtherExpenses": 287298000, "calculatedOperatingExpenses": 428402000, "calculatedNetInterest": -23875000, "calculatedOtherIncome": 0, "calculatedIncomeNonControlling": 0, "calculatedEbitda": 674912000}, {"date": "2009-12-31", "symbol": "SM", "reportedCurrency": "USD", "cik": "0000893538", "fillingDate": "2010-02-24", "acceptedDate": "2010-02-23 18:49:58", "calendarYear": "2009", "period": "FY", "revenue": 832201000, "costOfRevenue": 326622000, "grossProfit": 505579000, "grossProfitRatio": 0.6075202986, "researchAndDevelopmentExpenses": 0, "generalAndAdministrativeExpenses": 76036000, "sellingAndMarketingExpenses": 0, "sellingGeneralAndAdministrativeExpenses": 76036000, "otherExpenses": 325895000, "operatingExpenses": 401931000, "costAndExpenses": 728553000, "interestIncome": 227000, "interestExpense": 28856000, "depreciationAndAmortization": 304201000, "ebitda": 408076000, "ebitdaratio": 0.4903574978, "operatingIncome": -130835000, "operatingIncomeRatio": -0.1572156246, "totalOtherIncomeExpensesNet": -234483000, "incomeBeforeTax": -159464000, "incomeBeforeTaxRatio": -0.1916171694, "incomeTaxExpense": -60094000, "netIncome": -99370000, "netIncomeRatio": -0.1194062492, "eps": -1.59, "epsdiluted": -1.59, "weightedAverageShsOut": 62457000, "weightedAverageShsOutDil": 62457000, "link": "https://www.sec.gov/Archives/edgar/data/893538/000089353810000011/0000893538-10-000011-index.htm", "finalLink": "https://www.sec.gov/Archives/edgar/data/893538/000089353810000011/form10k_123109.htm", "calculatedOtherExpenses": 560378000, "calculatedOperatingExpenses": 636414000, "calculatedNetInterest": -28629000, "calculatedOtherIncome": 0, "calculatedIncomeNonControlling": 0, "calculatedEbitda": 173366000}, {"date": "2008-12-31", "symbol": "SM", "reportedCurrency": "USD", "cik": "0000893538", "fillingDate": "2009-02-24", "acceptedDate": "2009-02-24 14:52:13", "calendarYear": "2008", "period": "FY", "revenue": 1301301000, "costOfRevenue": 271355000, "grossProfit": 1029946000, "grossProfitRatio": 0.7914740709, "researchAndDevelopmentExpenses": 60121000, "generalAndAdministrativeExpenses": 79503000, "sellingAndMarketingExpenses": 0, "sellingGeneralAndAdministrativeExpenses": 79503000, "otherExpenses": 236110000, "operatingExpenses": 547063000, "costAndExpenses": 818418000, "interestIncome": 485000, "interestExpense": 20275000, "depreciationAndAmortization": 314330000, "ebitda": 797698000, "ebitdaratio": 0.6130003742, "operatingIncome": 171201000, "operatingIncomeRatio": 0.1315614143, "totalOtherIncomeExpensesNet": -311682000, "incomeBeforeTax": 151411000, "incomeBeforeTaxRatio": 0.1163535569, "incomeTaxExpense": 59858000, "netIncome": 91553000, "netIncomeRatio": 0.0703549755, "eps": 1.47, "epsdiluted": 1.45, "weightedAverageShsOut": 62243000, "weightedAverageShsOutDil": 63133000, "link": "https://www.sec.gov/Archives/edgar/data/893538/000089353809000012/0000893538-09-000012-index.htm", "finalLink": "https://www.sec.gov/Archives/edgar/data/893538/000089353809000012/form123108_10k.htm", "calculatedOtherExpenses": 719121000, "calculatedOperatingExpenses": 858745000, "calculatedNetInterest": -19790000, "calculatedOtherIncome": 0, "calculatedIncomeNonControlling": 0, "calculatedEbitda": 485531000}, {"date": "2007-12-31", "symbol": "SM", "reportedCurrency": "USD", "cik": "0000893538", "fillingDate": "2008-02-22", "acceptedDate": "2008-02-22 16:33:34", "calendarYear": "2007", "period": "FY", "revenue": 990094000, "costOfRevenue": 319379000, "grossProfit": 670715000, "grossProfitRatio": 0.6774255778, "researchAndDevelopmentExpenses": 0, "generalAndAdministrativeExpenses": 60149000, "sellingAndMarketingExpenses": 0, "sellingGeneralAndAdministrativeExpenses": 60149000, "otherExpenses": 286399000, "operatingExpenses": 346548000, "costAndExpenses": 665927000, "interestIncome": 746000, "interestExpense": -19895000, "depreciationAndAmortization": 227596000, "ebitda": 620078000, "ebitdaratio": 0.626281949, "operatingIncome": 319411000, "operatingIncomeRatio": 0.3226067424, "totalOtherIncomeExpensesNet": -68315000, "incomeBeforeTax": 300262000, "incomeBeforeTaxRatio": 0.3032661545, "incomeTaxExpense": 110550000, "netIncome": 189712000, "netIncomeRatio": 0.1916100895, "eps": 3.07, "epsdiluted": 2.94, "weightedAverageShsOut": 61852000, "weightedAverageShsOutDil": 64850000, "link": "https://www.sec.gov/Archives/edgar/data/893538/000089353808000013/0000893538-08-000013-index.htm", "finalLink": "https://www.sec.gov/Archives/edgar/data/893538/000089353808000013/form10k_123107.htm", "calculatedOtherExpenses": 291155000, "calculatedOperatingExpenses": 351304000, "calculatedNetInterest": 20641000, "calculatedOtherIncome": -39790000, "calculatedIncomeNonControlling": 0, "calculatedEbitda": 547007000}, {"date": "2006-12-31", "symbol": "SM", "reportedCurrency": "USD", "cik": "0000893538", "fillingDate": "2007-02-23", "acceptedDate": "2007-02-23 17:21:23", "calendarYear": "2006", "period": "FY", "revenue": 787701000, "costOfRevenue": 228479000, "grossProfit": 559222000, "grossProfitRatio": 0.7099419704, "researchAndDevelopmentExpenses": 0, "generalAndAdministrativeExpenses": 38873000, "sellingAndMarketingExpenses": 0, "sellingGeneralAndAdministrativeExpenses": 38873000, "otherExpenses": 210851000, "operatingExpenses": 249724000, "costAndExpenses": 478203000, "interestIncome": 1576000, "interestExpense": -8521000, "depreciationAndAmortization": 154522000, "ebitda": 534813000, "ebitdaratio": 0.678954324, "operatingIncome": 302266000, "operatingIncomeRatio": 0.3837318983, "totalOtherIncomeExpensesNet": -70793000, "incomeBeforeTax": 295321000, "incomeBeforeTaxRatio": 0.374915101, "incomeTaxExpense": 105306000, "netIncome": 190015000, "netIncomeRatio": 0.2412273185, "eps": 3.38, "epsdiluted": 2.94, "weightedAverageShsOut": 56291000, "weightedAverageShsOutDil": 65962000, "link": "https://www.sec.gov/Archives/edgar/data/893538/000110465907013545/0001104659-07-013545-index.htm", "finalLink": "https://www.sec.gov/Archives/edgar/data/893538/000110465907013545/a07-5298_110k.htm", "calculatedOtherExpenses": 218083000, "calculatedOperatingExpenses": 256956000, "calculatedNetInterest": 10097000, "calculatedOtherIncome": -17042000, "calculatedIncomeNonControlling": 0, "calculatedEbitda": 456788000}, {"date": "2005-12-31", "symbol": "SM", "reportedCurrency": "USD", "cik": "0000893538", "fillingDate": "2006-02-27", "acceptedDate": "2006-02-24 18:34:39", "calendarYear": "2005", "period": "FY", "revenue": 739590000, "costOfRevenue": 211968000, "grossProfit": 527622000, "grossProfitRatio": 0.7133979637, "researchAndDevelopmentExpenses": 0, "generalAndAdministrativeExpenses": 32756000, "sellingAndMarketingExpenses": 0, "sellingGeneralAndAdministrativeExpenses": 32756000, "otherExpenses": 248872000, "operatingExpenses": 281628000, "costAndExpenses": 493596000, "interestIncome": 456000, "interestExpense": -8213000, "depreciationAndAmortization": 132758000, "ebitda": 494866000, "ebitdaratio": 0.6691085601, "operatingIncome": 245994000, "operatingIncomeRatio": 0.3326086075, "totalOtherIncomeExpensesNet": -116114000, "incomeBeforeTax": 238237000, "incomeBeforeTaxRatio": 0.322120364, "incomeTaxExpense": 86301000, "netIncome": 151936000, "netIncomeRatio": 0.2054327398, "eps": 2.67, "epsdiluted": 2.33, "weightedAverageShsOut": 56907000, "weightedAverageShsOutDil": 66894000, "link": "https://www.sec.gov/Archives/edgar/data/893538/000114420406007665/0001144204-06-007665-index.htm", "finalLink": "https://www.sec.gov/Archives/edgar/data/893538/000114420406007665/v036350_10k.htm", "calculatedOtherExpenses": 248872000, "calculatedOperatingExpenses": 281628000, "calculatedNetInterest": 8669000, "calculatedOtherIncome": -16426000, "calculatedIncomeNonControlling": 0, "calculatedEbitda": 378752000}, {"date": "2004-12-31", "symbol": "SM", "reportedCurrency": "USD", "cik": "0000893538", "fillingDate": "2005-02-25", "acceptedDate": "2005-02-25 13:38:05", "calendarYear": "2004", "period": "FY", "revenue": 433099000, "costOfRevenue": 124078000, "grossProfit": 309021000, "grossProfitRatio": 0.7135112295, "researchAndDevelopmentExpenses": 0, "generalAndAdministrativeExpenses": 0, "sellingAndMarketingExpenses": 0, "sellingGeneralAndAdministrativeExpenses": 36234000, "otherExpenses": 120872000, "operatingExpenses": 157106000, "costAndExpenses": 281184000, "interestIncome": 0, "interestExpense": 0, "depreciationAndAmortization": 92223000, "ebitda": 272788000, "ebitdaratio": 0.6298513735, "operatingIncome": 151915000, "operatingIncomeRatio": 0.3507627586, "totalOtherIncomeExpensesNet": -28650000, "incomeBeforeTax": 146228000, "incomeBeforeTaxRatio": 0.3376318117, "incomeTaxExpense": 53749000, "netIncome": 92479000, "netIncomeRatio": 0.2135285466, "eps": 1.6, "epsdiluted": 1.44, "weightedAverageShsOut": 57702000, "weightedAverageShsOutDil": 66894000, "link": "https://www.sec.gov/Archives/edgar/data/893538/000089353805000026/0000893538-05-000026-index.htm", "finalLink": "https://www.sec.gov/Archives/edgar/data/893538/000089353805000026/asci1204_10k.htm", "calculatedOtherExpenses": 120872000, "calculatedOperatingExpenses": 157106000, "calculatedNetInterest": 0, "calculatedOtherIncome": -5687000, "calculatedIncomeNonControlling": 0, "calculatedEbitda": 244138000}, {"date": "2003-12-31", "symbol": "SM", "reportedCurrency": "USD", "cik": "0000893538", "fillingDate": "2004-02-27", "acceptedDate": "2004-02-27 15:48:01", "calendarYear": "2003", "period": "FY", "revenue": 393934000, "costOfRevenue": 115162000, "grossProfit": 278772000, "grossProfitRatio": 0.7076616895, "researchAndDevelopmentExpenses": 0, "generalAndAdministrativeExpenses": 0, "sellingAndMarketingExpenses": 0, "sellingGeneralAndAdministrativeExpenses": 37408000, "otherExpenses": 88053000, "operatingExpenses": 125461000, "costAndExpenses": 240623000, "interestIncome": 0, "interestExpense": 0, "depreciationAndAmortization": 81960000, "ebitda": 239562000, "ebitdaratio": 0.6081272497, "operatingIncome": 153311000, "operatingIncomeRatio": 0.3891794057, "totalOtherIncomeExpensesNet": -4291000, "incomeBeforeTax": 146070000, "incomeBeforeTaxRatio": 0.370798154, "incomeTaxExpense": 55930000, "netIncome": 95575000, "netIncomeRatio": 0.2426167835, "eps": 1.53, "epsdiluted": 1.4, "weightedAverageShsOut": 62466000, "weightedAverageShsOutDil": 71068000, "link": "https://www.sec.gov/Archives/edgar/data/893538/000089353804000044/0000893538-04-000044-index.htm", "finalLink": "https://www.sec.gov/Archives/edgar/data/893538/000089353804000044/asci1203_10k.htm", "calculatedOtherExpenses": 88053000, "calculatedOperatingExpenses": 125461000, "calculatedNetInterest": 0, "calculatedOtherIncome": -7241000, "calculatedIncomeNonControlling": -5435000, "calculatedEbitda": 235271000}, {"date": "2002-12-31", "symbol": "SM", "reportedCurrency": "USD", "cik": "0000893538", "fillingDate": "2003-03-13", "acceptedDate": "2003-03-13 17:12:55", "calendarYear": "2002", "period": "FY", "revenue": 196394000, "costOfRevenue": 70340000, "grossProfit": 126054000, "grossProfitRatio": 0.6418424188, "researchAndDevelopmentExpenses": 0, "generalAndAdministrativeExpenses": 0, "sellingAndMarketingExpenses": 0, "sellingGeneralAndAdministrativeExpenses": 22281000, "otherExpenses": 58084000, "operatingExpenses": 80365000, "costAndExpenses": 150705000, "interestIncome": 0, "interestExpense": 0, "depreciationAndAmortization": 54432000, "ebitda": 102567000, "ebitdaratio": 0.5222511889, "operatingIncome": 45689000, "operatingIncomeRatio": 0.23263949, "totalOtherIncomeExpensesNet": -2446000, "incomeBeforeTax": 42579000, "incomeBeforeTaxRatio": 0.2168039757, "incomeTaxExpense": 15019000, "netIncome": 27560000, "netIncomeRatio": 0.1403301527, "eps": 0.5, "epsdiluted": 0.49, "weightedAverageShsOut": 55712000, "weightedAverageShsOutDil": 56782000, "link": "https://www.sec.gov/Archives/edgar/data/893538/000089353803000008/0000893538-03-000008-index.htm", "finalLink": "https://www.sec.gov/Archives/edgar/data/893538/000089353803000008/asci123102_10k.htm", "calculatedOtherExpenses": 58084000, "calculatedOperatingExpenses": 80365000, "calculatedNetInterest": 0, "calculatedOtherIncome": -3110000, "calculatedIncomeNonControlling": 0, "calculatedEbitda": 100121000}, {"date": "2001-12-31", "symbol": "SM", "reportedCurrency": "USD", "cik": "0000893538", "fillingDate": "2002-03-19", "acceptedDate": "2002-03-19 00:00:00", "calendarYear": "2001", "period": "FY", "revenue": 207469000, "costOfRevenue": 74518000, "grossProfit": 132951000, "grossProfitRatio": 0.6408234483, "researchAndDevelopmentExpenses": 0, "generalAndAdministrativeExpenses": 16447000, "sellingAndMarketingExpenses": 0, "sellingGeneralAndAdministrativeExpenses": 16447000, "otherExpenses": 54592000, "operatingExpenses": 71039000, "costAndExpenses": 145557000, "interestIncome": 0, "interestExpense": 0, "depreciationAndAmortization": 51346000, "ebitda": 115541000, "ebitdaratio": 0.556907297, "operatingIncome": 61912000, "operatingIncomeRatio": 0.2984156669, "totalOtherIncomeExpensesNet": -2283000, "incomeBeforeTax": 62288000, "incomeBeforeTaxRatio": 0.3002279859, "incomeTaxExpense": 21829000, "netIncome": 40459000, "netIncomeRatio": 0.1950122669, "eps": 0.73, "epsdiluted": 0.71, "weightedAverageShsOut": 55946000, "weightedAverageShsOutDil": 57110000, "link": "https://www.sec.gov/Archives/edgar/data/893538/000089353802000009/0000893538-02-000009-index.htm", "finalLink": "https://www.sec.gov/Archives/edgar/data/893538/000089353802000009/asci1201_10k.htm", "calculatedOtherExpenses": 54592000, "calculatedOperatingExpenses": 71039000, "calculatedNetInterest": 0, "calculatedOtherIncome": 376000, "calculatedIncomeNonControlling": 0, "calculatedEbitda": 113258000}, {"date": "2000-12-31", "symbol": "SM", "reportedCurrency": "USD", "cik": "0000893538", "fillingDate": "2001-03-23", "acceptedDate": "2001-03-23 00:00:00", "calendarYear": "2000", "period": "FY", "revenue": 195666000, "costOfRevenue": 48094000, "grossProfit": 147572000, "grossProfitRatio": 0.7542035918, "researchAndDevelopmentExpenses": 0, "generalAndAdministrativeExpenses": 17456000, "sellingAndMarketingExpenses": 0, "sellingGeneralAndAdministrativeExpenses": 17456000, "otherExpenses": 40129000, "operatingExpenses": 57585000, "costAndExpenses": 105679000, "interestIncome": 0, "interestExpense": 0, "depreciationAndAmortization": 40129000, "ebitda": 131553000, "ebitdaratio": 0.6723344884, "operatingIncome": 89987000, "operatingIncomeRatio": 0.4599010559, "totalOtherIncomeExpensesNet": -1437000, "incomeBeforeTax": 89287000, "incomeBeforeTaxRatio": 0.4563235309, "incomeTaxExpense": 33667000, "netIncome": 55620000, "netIncomeRatio": 0.2842599123, "eps": 1, "epsdiluted": 0.99, "weightedAverageShsOut": 55562000, "weightedAverageShsOutDil": 56542000, "link": "https://www.sec.gov/Archives/edgar/data/893538/000089353801000005/0000893538-01-000005-index.htm", "finalLink": "https://www.sec.gov/Archives/edgar/data/893538/000089353801000005/0000893538-01-000005-0001.txt", "calculatedOtherExpenses": 40129000, "calculatedOperatingExpenses": 57585000, "calculatedNetInterest": 0, "calculatedOtherIncome": -700000, "calculatedIncomeNonControlling": 0, "calculatedEbitda": 130116000}, {"date": "1999-12-31", "symbol": "SM", "reportedCurrency": "USD", "cik": "0000893538", "fillingDate": "2000-03-13", "acceptedDate": "2000-03-13 00:00:00", "calendarYear": "1999", "period": "FY", "revenue": 74000000, "costOfRevenue": 30300000, "grossProfit": 43700000, "grossProfitRatio": 0.5905405405, "researchAndDevelopmentExpenses": 0, "generalAndAdministrativeExpenses": 19800000, "sellingAndMarketingExpenses": 0, "sellingGeneralAndAdministrativeExpenses": 19800000, "otherExpenses": 22600000, "operatingExpenses": 42400000, "costAndExpenses": 72700000, "interestIncome": 0, "interestExpense": 0, "depreciationAndAmortization": 22600000, "ebitda": 24000000, "ebitdaratio": 0.3243243243, "operatingIncome": 1300000, "operatingIncomeRatio": 0.0175675676, "totalOtherIncomeExpensesNet": -100000, "incomeBeforeTax": -300000, "incomeBeforeTaxRatio": -0.0040540541, "incomeTaxExpense": -400000, "netIncome": 100000, "netIncomeRatio": 0.0013513514, "eps": 0.0025, "epsdiluted": 0.0025, "weightedAverageShsOut": 44396000, "weightedAverageShsOutDil": 44658000, "link": "https://www.sec.gov/Archives/edgar/data/893538/000089353800000007/0000893538-00-000007-index.html", "finalLink": "https://www.sec.gov/Archives/edgar/data/893538/000089353800000007/", "calculatedOtherExpenses": 22600000, "calculatedOperatingExpenses": 42400000, "calculatedNetInterest": 0, "calculatedOtherIncome": -1600000, "calculatedIncomeNonControlling": 0, "calculatedEbitda": 23900000}, {"date": "1998-12-31", "symbol": "SM", "reportedCurrency": "USD", "cik": "0000893538", "fillingDate": "1999-03-29", "acceptedDate": "1999-03-29 00:00:00", "calendarYear": "1998", "period": "FY", "revenue": 78700000, "costOfRevenue": 28700000, "grossProfit": 50000000, "grossProfitRatio": 0.6353240152, "researchAndDevelopmentExpenses": 0, "generalAndAdministrativeExpenses": 29100000, "sellingAndMarketingExpenses": 0, "sellingGeneralAndAdministrativeExpenses": 29100000, "otherExpenses": 24900000, "operatingExpenses": 54000000, "costAndExpenses": 82700000, "interestIncome": 0, "interestExpense": 0, "depreciationAndAmortization": 24900000, "ebitda": 38100000, "ebitdaratio": 0.4841168996, "operatingIncome": -12500000, "operatingIncomeRatio": -0.1588310038, "totalOtherIncomeExpensesNet": -17200000, "incomeBeforeTax": -14200000, "incomeBeforeTaxRatio": -0.1804320203, "incomeTaxExpense": -5400000, "netIncome": -8800000, "netIncomeRatio": -0.1118170267, "eps": -0.2, "epsdiluted": -0.2, "weightedAverageShsOut": 43748000, "weightedAverageShsOutDil": 43748000, "link": "https://www.sec.gov/Archives/edgar/data/893538/000089353899000001/0000893538-99-000001-index.html", "finalLink": "https://www.sec.gov/Archives/edgar/data/893538/", "calculatedOtherExpenses": 33400000, "calculatedOperatingExpenses": 62500000, "calculatedNetInterest": 0, "calculatedOtherIncome": -1700000, "calculatedIncomeNonControlling": 0, "calculatedEbitda": 12400000}, {"date": "1997-12-31", "symbol": "SM", "reportedCurrency": "USD", "cik": "0000893538", "fillingDate": "1998-03-25", "acceptedDate": "1998-03-25 00:00:00", "calendarYear": "1997", "period": "FY", "revenue": 91000000, "costOfRevenue": 24200000, "grossProfit": 66800000, "grossProfitRatio": 0.7340659341, "researchAndDevelopmentExpenses": 0, "generalAndAdministrativeExpenses": 12800000, "sellingAndMarketingExpenses": 0, "sellingGeneralAndAdministrativeExpenses": 12800000, "otherExpenses": 18400000, "operatingExpenses": 31200000, "costAndExpenses": 55400000, "interestIncome": 0, "interestExpense": 0, "depreciationAndAmortization": 18400000, "ebitda": 53600000, "ebitdaratio": 0.589010989, "operatingIncome": 35600000, "operatingIncomeRatio": 0.3912087912, "totalOtherIncomeExpensesNet": 400000, "incomeBeforeTax": 34900000, "incomeBeforeTaxRatio": 0.3835164835, "incomeTaxExpense": 12300000, "netIncome": 23100000, "netIncomeRatio": 0.2538461538, "eps": 0.55, "epsdiluted": 0.54, "weightedAverageShsOut": 42000000, "weightedAverageShsOutDil": 42777778, "link": "https://www.sec.gov/Archives/edgar/data/893538/000089353898000003/0000893538-98-000003-index.html", "finalLink": "https://www.sec.gov/Archives/edgar/data/893538/", "calculatedOtherExpenses": 18400000, "calculatedOperatingExpenses": 31200000, "calculatedNetInterest": 0, "calculatedOtherIncome": -700000, "calculatedIncomeNonControlling": -500000, "calculatedEbitda": 54000000}, {"date": "1996-12-31", "symbol": "SM", "reportedCurrency": "USD", "cik": "0000893538", "fillingDate": "1997-03-31", "acceptedDate": "1997-03-31 00:00:00", "calendarYear": "1996", "period": "FY", "revenue": 59600000, "costOfRevenue": 22600000, "grossProfit": 37000000, "grossProfitRatio": 0.6208053691, "researchAndDevelopmentExpenses": 0, "generalAndAdministrativeExpenses": 8000000, "sellingAndMarketingExpenses": 0, "sellingGeneralAndAdministrativeExpenses": 8000000, "otherExpenses": 12700000, "operatingExpenses": 20700000, "costAndExpenses": 43300000, "interestIncome": 0, "interestExpense": 0, "depreciationAndAmortization": 12700000, "ebitda": 27600000, "ebitdaratio": 0.4630872483, "operatingIncome": 16300000, "operatingIncomeRatio": 0.2734899329, "totalOtherIncomeExpensesNet": 1400000, "incomeBeforeTax": 15500000, "incomeBeforeTaxRatio": 0.2600671141, "incomeTaxExpense": 5300000, "netIncome": 10400000, "netIncomeRatio": 0.1744966443, "eps": 0.3, "epsdiluted": 0.3, "weightedAverageShsOut": 35036000, "weightedAverageShsOutDil": 35294118, "link": "https://www.sec.gov/Archives/edgar/data/893538/000089353897000011/0000893538-97-000011-index.html", "finalLink": "https://www.sec.gov/Archives/edgar/data/893538/", "calculatedOtherExpenses": 12700000, "calculatedOperatingExpenses": 20700000, "calculatedNetInterest": 0, "calculatedOtherIncome": -800000, "calculatedIncomeNonControlling": -200000, "calculatedEbitda": 29000000}, {"date": "1995-12-31", "symbol": "SM", "reportedCurrency": "USD", "cik": "0000893538", "fillingDate": "1995-12-31", "acceptedDate": "1995-12-30 19:00:00", "calendarYear": "1995", "period": "FY", "revenue": 38700000, "costOfRevenue": 20800000, "grossProfit": 17900000, "grossProfitRatio": 0.4625322997, "researchAndDevelopmentExpenses": 0, "generalAndAdministrativeExpenses": 0, "sellingAndMarketingExpenses": 0, "sellingGeneralAndAdministrativeExpenses": 5300000, "otherExpenses": 10200000, "operatingExpenses": 15500000, "costAndExpenses": 36300000, "interestIncome": 0, "interestExpense": 0, "depreciationAndAmortization": 10200000, "ebitda": 13000000, "ebitdaratio": 0.3359173127, "operatingIncome": 2400000, "operatingIncomeRatio": 0.0620155039, "totalOtherIncomeExpensesNet": -400000, "incomeBeforeTax": 700000, "incomeBeforeTaxRatio": 0.0180878553, "incomeTaxExpense": -700000, "netIncome": 1700000, "netIncomeRatio": 0.0439276486, "eps": 0.055, "epsdiluted": 0.05, "weightedAverageShsOut": 30909091, "weightedAverageShsOutDil": 34000000, "link": "", "finalLink": "", "calculatedOtherExpenses": 10200000, "calculatedOperatingExpenses": 15500000, "calculatedNetInterest": 0, "calculatedOtherIncome": -1700000, "calculatedIncomeNonControlling": -300000, "calculatedEbitda": 12600000}, {"date": "1994-12-31", "symbol": "SM", "reportedCurrency": "USD", "cik": "0000893538", "fillingDate": "1994-12-31", "acceptedDate": "1994-12-30 19:00:00", "calendarYear": "1994", "period": "FY", "revenue": 44800000, "costOfRevenue": 19900000, "grossProfit": 24900000, "grossProfitRatio": 0.5558035714, "researchAndDevelopmentExpenses": 0, "generalAndAdministrativeExpenses": 0, "sellingAndMarketingExpenses": 0, "sellingGeneralAndAdministrativeExpenses": 9500000, "otherExpenses": 10100000, "operatingExpenses": 19600000, "costAndExpenses": 39500000, "interestIncome": 0, "interestExpense": 0, "depreciationAndAmortization": 10100000, "ebitda": 15500000, "ebitdaratio": 0.3459821429, "operatingIncome": 5300000, "operatingIncomeRatio": 0.1183035714, "totalOtherIncomeExpensesNet": -100000, "incomeBeforeTax": 4100000, "incomeBeforeTaxRatio": 0.0915178571, "incomeTaxExpense": 400000, "netIncome": 3700000, "netIncomeRatio": 0.0825892857, "eps": 0.11, "epsdiluted": 0.11, "weightedAverageShsOut": 33636364, "weightedAverageShsOutDil": 33636364, "link": "", "finalLink": "", "calculatedOtherExpenses": 10100000, "calculatedOperatingExpenses": 19600000, "calculatedNetInterest": 0, "calculatedOtherIncome": -1200000, "calculatedIncomeNonControlling": 0, "calculatedEbitda": 15400000}, {"date": "1993-12-31", "symbol": "SM", "reportedCurrency": "USD", "cik": "0000893538", "fillingDate": "1993-12-31", "acceptedDate": "1993-12-30 19:00:00", "calendarYear": "1993", "period": "FY", "revenue": 38600000, "costOfRevenue": 18300000, "grossProfit": 20300000, "grossProfitRatio": 0.5259067358, "researchAndDevelopmentExpenses": 0, "generalAndAdministrativeExpenses": 0, "sellingAndMarketingExpenses": 0, "sellingGeneralAndAdministrativeExpenses": 4700000, "otherExpenses": 8800000, "operatingExpenses": 13500000, "costAndExpenses": 31800000, "interestIncome": 0, "interestExpense": 0, "depreciationAndAmortization": 8800000, "ebitda": 17900000, "ebitdaratio": 0.4637305699, "operatingIncome": 6800000, "operatingIncomeRatio": 0.1761658031, "totalOtherIncomeExpensesNet": -2300000, "incomeBeforeTax": 4500000, "incomeBeforeTaxRatio": 0.1165803109, "incomeTaxExpense": 1100000, "netIncome": 3700000, "netIncomeRatio": 0.0958549223, "eps": 0.11, "epsdiluted": 0.11, "weightedAverageShsOut": 33636364, "weightedAverageShsOutDil": 33636364, "link": "", "finalLink": "", "calculatedOtherExpenses": 8800000, "calculatedOperatingExpenses": 13500000, "calculatedNetInterest": 0, "calculatedOtherIncome": -2300000, "calculatedIncomeNonControlling": -300000, "calculatedEbitda": 15600000}, {"date": "1992-12-31", "symbol": "SM", "reportedCurrency": "USD", "cik": "0000893538", "fillingDate": "1992-12-31", "acceptedDate": "1992-12-30 19:00:00", "calendarYear": "1992", "period": "FY", "revenue": 50700000, "costOfRevenue": 14300000, "grossProfit": 36400000, "grossProfitRatio": 0.7179487179, "researchAndDevelopmentExpenses": 0, "generalAndAdministrativeExpenses": 0, "sellingAndMarketingExpenses": 0, "sellingGeneralAndAdministrativeExpenses": 4500000, "otherExpenses": 6200000, "operatingExpenses": 10700000, "costAndExpenses": 25000000, "interestIncome": 0, "interestExpense": 0, "depreciationAndAmortization": 6200000, "ebitda": 34200000, "ebitdaratio": 0.674556213, "operatingIncome": 25700000, "operatingIncomeRatio": 0.5069033531, "totalOtherIncomeExpensesNet": -2300000, "incomeBeforeTax": 22500000, "incomeBeforeTaxRatio": 0.4437869822, "incomeTaxExpense": 7300000, "netIncome": 15600000, "netIncomeRatio": 0.3076923077, "eps": 0.54, "epsdiluted": 0.54, "weightedAverageShsOut": 28888889, "weightedAverageShsOutDil": 28888889, "link": "", "finalLink": "", "calculatedOtherExpenses": 6200000, "calculatedOperatingExpenses": 10700000, "calculatedNetInterest": 0, "calculatedOtherIncome": -3200000, "calculatedIncomeNonControlling": -400000, "calculatedEbitda": 31900000}, {"date": "1991-12-31", "symbol": "SM", "reportedCurrency": "USD", "cik": "0000893538", "fillingDate": "1991-12-31", "acceptedDate": "1991-12-30 19:00:00", "calendarYear": "1991", "period": "FY", "revenue": 27800000, "costOfRevenue": 12600000, "grossProfit": 15200000, "grossProfitRatio": 0.5467625899, "researchAndDevelopmentExpenses": 0, "generalAndAdministrativeExpenses": 0, "sellingAndMarketingExpenses": 0, "sellingGeneralAndAdministrativeExpenses": 3200000, "otherExpenses": 5600000, "operatingExpenses": 8800000, "costAndExpenses": 21400000, "interestIncome": 0, "interestExpense": 0, "depreciationAndAmortization": 5600000, "ebitda": 12600000, "ebitdaratio": 0.4532374101, "operatingIncome": 6400000, "operatingIncomeRatio": 0.2302158273, "totalOtherIncomeExpensesNet": -600000, "incomeBeforeTax": 5400000, "incomeBeforeTaxRatio": 0.1942446043, "incomeTaxExpense": 1900000, "netIncome": 3200000, "netIncomeRatio": 0.1151079137, "eps": 0.12, "epsdiluted": 0.12, "weightedAverageShsOut": 27826087, "weightedAverageShsOutDil": 27826087, "link": "", "finalLink": "", "calculatedOtherExpenses": 5600000, "calculatedOperatingExpenses": 8800000, "calculatedNetInterest": 0, "calculatedOtherIncome": -1000000, "calculatedIncomeNonControlling": 300000, "calculatedEbitda": 12000000}, {"date": "1990-12-31", "symbol": "SM", "reportedCurrency": "USD", "cik": "0000893538", "fillingDate": "1990-12-31", "acceptedDate": "1990-12-30 19:00:00", "calendarYear": "1990", "period": "FY", "revenue": 27600000, "costOfRevenue": 12400000, "grossProfit": 15200000, "grossProfitRatio": 0.5507246377, "researchAndDevelopmentExpenses": 0, "generalAndAdministrativeExpenses": 0, "sellingAndMarketingExpenses": 0, "sellingGeneralAndAdministrativeExpenses": 2800000, "otherExpenses": 4400000, "operatingExpenses": 7200000, "costAndExpenses": 19600000, "interestIncome": 0, "interestExpense": 0, "depreciationAndAmortization": 4400000, "ebitda": 14200000, "ebitdaratio": 0.5144927536, "operatingIncome": 8000000, "operatingIncomeRatio": 0.2898550725, "totalOtherIncomeExpensesNet": -1800000, "incomeBeforeTax": 5600000, "incomeBeforeTaxRatio": 0.2028985507, "incomeTaxExpense": 2000000, "netIncome": 3400000, "netIncomeRatio": 0.1231884058, "eps": 0.12, "epsdiluted": 0.12, "weightedAverageShsOut": 29565217, "weightedAverageShsOutDil": 29565217, "link": "", "finalLink": "", "calculatedOtherExpenses": 4400000, "calculatedOperatingExpenses": 7200000, "calculatedNetInterest": 0, "calculatedOtherIncome": -2400000, "calculatedIncomeNonControlling": 200000, "calculatedEbitda": 12400000}]}