{"originalCurrency": "USD", "convertedCurrency": "USD", "report": [{"date": "2024-01-31", "symbol": "SMAR", "reportedCurrency": "USD", "cik": "0001366561", "fillingDate": "2024-03-20", "acceptedDate": "2024-03-20 16:17:31", "calendarYear": "2024", "period": "FY", "revenue": 958338000, "costOfRevenue": 186395000, "grossProfit": 771943000, "grossProfitRatio": 0.8055018167, "researchAndDevelopmentExpenses": 234071000, "generalAndAdministrativeExpenses": 147525000, "sellingAndMarketingExpenses": 510576000, "sellingGeneralAndAdministrativeExpenses": 658312000, "otherExpenses": -1501000, "operatingExpenses": 892383000, "costAndExpenses": 1078778000, "interestIncome": 25641000, "interestExpense": 0, "depreciationAndAmortization": 26026000, "ebitda": -94414000, "ebitdaratio": -0.0985184768, "operatingIncome": -120440000, "operatingIncomeRatio": -0.1256759098, "totalOtherIncomeExpensesNet": 24298000, "incomeBeforeTax": -96142000, "incomeBeforeTaxRatio": -0.1003215984, "incomeTaxExpense": 8489000, "netIncome": -104631000, "netIncomeRatio": -0.1091796423, "eps": -0.78, "epsdiluted": -0.78, "weightedAverageShsOut": 134507000, "weightedAverageShsOutDil": 134507000, "link": "https://www.sec.gov/Archives/edgar/data/1366561/000136656124000062/0001366561-24-000062-index.htm", "finalLink": "https://www.sec.gov/Archives/edgar/data/1366561/000136656124000062/smar-20240131.htm", "calculatedOtherExpenses": 0, "calculatedOperatingExpenses": 892383000, "calculatedNetInterest": 25641000, "calculatedOtherIncome": -1343000, "calculatedIncomeNonControlling": 0, "calculatedEbitda": -94414000}, {"date": "2023-01-31", "symbol": "SMAR", "reportedCurrency": "USD", "cik": "0001366561", "fillingDate": "2023-03-22", "acceptedDate": "2023-03-22 16:15:01", "calendarYear": "2023", "period": "FY", "revenue": 766915000, "costOfRevenue": 165285000, "grossProfit": 601630000, "grossProfitRatio": 0.7844806791, "researchAndDevelopmentExpenses": 215205000, "generalAndAdministrativeExpenses": 128811000, "sellingAndMarketingExpenses": 479250000, "sellingGeneralAndAdministrativeExpenses": 608061000, "otherExpenses": 1104000, "operatingExpenses": 823266000, "costAndExpenses": 988551000, "interestIncome": 7742000, "interestExpense": -8846000, "depreciationAndAmortization": 24856000, "ebitda": -196780000, "ebitdaratio": -0.2565864535, "operatingIncome": -221636000, "operatingIncomeRatio": -0.2889968249, "totalOtherIncomeExpensesNet": 8846000, "incomeBeforeTax": -212790000, "incomeBeforeTaxRatio": -0.2774623003, "incomeTaxExpense": 2849000, "netIncome": -215639000, "netIncomeRatio": -0.2811771839, "eps": -1.66, "epsdiluted": -1.66, "weightedAverageShsOut": 130071000, "weightedAverageShsOutDil": 130071000, "link": "https://www.sec.gov/Archives/edgar/data/1366561/000136656123000030/0001366561-23-000030-index.htm", "finalLink": "https://www.sec.gov/Archives/edgar/data/1366561/000136656123000030/smar-20230131.htm", "calculatedOtherExpenses": 0, "calculatedOperatingExpenses": 823266000, "calculatedNetInterest": 16588000, "calculatedOtherIncome": -7742000, "calculatedIncomeNonControlling": 0, "calculatedEbitda": -196780000}, {"date": "2022-01-31", "symbol": "SMAR", "reportedCurrency": "USD", "cik": "0001366561", "fillingDate": "2022-03-25", "acceptedDate": "2022-03-25 16:04:51", "calendarYear": "2022", "period": "FY", "revenue": 550832000, "costOfRevenue": 116473000, "grossProfit": 434359000, "grossProfitRatio": 0.7885507741, "researchAndDevelopmentExpenses": 165440000, "generalAndAdministrativeExpenses": 109204000, "sellingAndMarketingExpenses": 329751000, "sellingGeneralAndAdministrativeExpenses": 438955000, "otherExpenses": -813000, "operatingExpenses": 604395000, "costAndExpenses": 720868000, "interestIncome": 48000, "interestExpense": 48000, "depreciationAndAmortization": 21765000, "ebitda": -148271000, "ebitdaratio": -0.2691764458, "operatingIncome": -170036000, "operatingIncomeRatio": -0.3086894008, "totalOtherIncomeExpensesNet": -765000, "incomeBeforeTax": -170801000, "incomeBeforeTaxRatio": -0.310078209, "incomeTaxExpense": 296000, "netIncome": -171097000, "netIncomeRatio": -0.3106155779, "eps": -1.36, "epsdiluted": -1.36, "weightedAverageShsOut": 125632000, "weightedAverageShsOutDil": 125632000, "link": "https://www.sec.gov/Archives/edgar/data/1366561/000136656122000045/0001366561-22-000045-index.htm", "finalLink": "https://www.sec.gov/Archives/edgar/data/1366561/000136656122000045/smar-20220131.htm", "calculatedOtherExpenses": 0, "calculatedOperatingExpenses": 604395000, "calculatedNetInterest": 0, "calculatedOtherIncome": -765000, "calculatedIncomeNonControlling": 0, "calculatedEbitda": -148271000}, {"date": "2021-01-31", "symbol": "SMAR", "reportedCurrency": "USD", "cik": "0001366561", "fillingDate": "2021-03-25", "acceptedDate": "2021-03-25 16:42:20", "calendarYear": "2021", "period": "FY", "revenue": 385513000, "costOfRevenue": 85539000, "grossProfit": 299974000, "grossProfitRatio": 0.7781164319, "researchAndDevelopmentExpenses": 118722000, "generalAndAdministrativeExpenses": 71443000, "sellingAndMarketingExpenses": 230281000, "sellingGeneralAndAdministrativeExpenses": 301724000, "otherExpenses": 296000, "operatingExpenses": 420446000, "costAndExpenses": 505985000, "interestIncome": 1444000, "interestExpense": 0, "depreciationAndAmortization": 17255000, "ebitda": -103217000, "ebitdaratio": -0.2677393499, "operatingIncome": -120472000, "operatingIncomeRatio": -0.3124978924, "totalOtherIncomeExpensesNet": 1740000, "incomeBeforeTax": -118732000, "incomeBeforeTaxRatio": -0.3079844259, "incomeTaxExpense": -3753000, "netIncome": -114979000, "netIncomeRatio": -0.2982493457, "eps": -0.95, "epsdiluted": -0.95, "weightedAverageShsOut": 120663000, "weightedAverageShsOutDil": 120663000, "link": "https://www.sec.gov/Archives/edgar/data/1366561/000136656121000036/0001366561-21-000036-index.htm", "finalLink": "https://www.sec.gov/Archives/edgar/data/1366561/000136656121000036/smar-20210131.htm", "calculatedOtherExpenses": 0, "calculatedOperatingExpenses": 420446000, "calculatedNetInterest": 1444000, "calculatedOtherIncome": 296000, "calculatedIncomeNonControlling": 0, "calculatedEbitda": -103217000}, {"date": "2020-01-31", "symbol": "SMAR", "reportedCurrency": "USD", "cik": "0001366561", "fillingDate": "2020-03-31", "acceptedDate": "2020-03-31 16:28:27", "calendarYear": "2020", "period": "FY", "revenue": 270882000, "costOfRevenue": 52900000, "grossProfit": 217982000, "grossProfitRatio": 0.8047120148, "researchAndDevelopmentExpenses": 95469000, "generalAndAdministrativeExpenses": 50227000, "sellingAndMarketingExpenses": 176060000, "sellingGeneralAndAdministrativeExpenses": 226287000, "otherExpenses": -462000, "operatingExpenses": 321756000, "costAndExpenses": 374656000, "interestIncome": 8410000, "interestExpense": 0, "depreciationAndAmortization": 13449000, "ebitda": -90325000, "ebitdaratio": -0.3334477743, "operatingIncome": -103774000, "operatingIncomeRatio": -0.3830966989, "totalOtherIncomeExpensesNet": 7948000, "incomeBeforeTax": -95826000, "incomeBeforeTaxRatio": -0.3537555098, "incomeTaxExpense": 114000, "netIncome": -95940000, "netIncomeRatio": -0.3541763572, "eps": -0.85, "epsdiluted": -0.85, "weightedAverageShsOut": 112991000, "weightedAverageShsOutDil": 112991000, "link": "https://www.sec.gov/Archives/edgar/data/1366561/000136656120000019/0001366561-20-000019-index.htm", "finalLink": "https://www.sec.gov/Archives/edgar/data/1366561/000136656120000019/fy2020smar10-k.htm", "calculatedOtherExpenses": 0, "calculatedOperatingExpenses": 321756000, "calculatedNetInterest": 8410000, "calculatedOtherIncome": -462000, "calculatedIncomeNonControlling": 0, "calculatedEbitda": -90325000}, {"date": "2019-01-31", "symbol": "SMAR", "reportedCurrency": "USD", "cik": "0001366561", "fillingDate": "2019-04-01", "acceptedDate": "2019-04-01 09:26:08", "calendarYear": "2019", "period": "FY", "revenue": 177722000, "costOfRevenue": 33849000, "grossProfit": 143873000, "grossProfitRatio": 0.8095396181, "researchAndDevelopmentExpenses": 58841000, "generalAndAdministrativeExpenses": 34049000, "sellingAndMarketingExpenses": 106067000, "sellingGeneralAndAdministrativeExpenses": 140116000, "otherExpenses": 0, "operatingExpenses": 198957000, "costAndExpenses": 232806000, "interestIncome": 0, "interestExpense": 1492000, "depreciationAndAmortization": 7704000, "ebitda": -47380000, "ebitdaratio": -0.2665961445, "operatingIncome": -55084000, "operatingIncomeRatio": -0.3099447452, "totalOtherIncomeExpensesNet": 1492000, "incomeBeforeTax": -53592000, "incomeBeforeTaxRatio": -0.3015496112, "incomeTaxExpense": 293000, "netIncome": -53885000, "netIncomeRatio": -0.3031982535, "eps": -0.65, "epsdiluted": -0.65, "weightedAverageShsOut": 83141000, "weightedAverageShsOutDil": 83141000, "link": "https://www.sec.gov/Archives/edgar/data/1366561/000136656119000014/0001366561-19-000014-index.htm", "finalLink": "https://www.sec.gov/Archives/edgar/data/1366561/000136656119000014/fy2019smar10-k.htm", "calculatedOtherExpenses": 0, "calculatedOperatingExpenses": 198957000, "calculatedNetInterest": -1492000, "calculatedOtherIncome": 2984000, "calculatedIncomeNonControlling": 0, "calculatedEbitda": -47380000}, {"date": "2018-01-31", "symbol": "SMAR", "reportedCurrency": "USD", "cik": "0001366561", "fillingDate": "2018-01-31", "acceptedDate": "2018-01-30 19:00:00", "calendarYear": "2018", "period": "FY", "revenue": 111253000, "costOfRevenue": 21682000, "grossProfit": 89571000, "grossProfitRatio": 0.8051108734, "researchAndDevelopmentExpenses": 37590000, "generalAndAdministrativeExpenses": 28034000, "sellingAndMarketingExpenses": 72925000, "sellingGeneralAndAdministrativeExpenses": 100959000, "otherExpenses": 0, "operatingExpenses": 138549000, "costAndExpenses": 160231000, "interestIncome": 0, "interestExpense": 0, "depreciationAndAmortization": 4076000, "ebitda": -44902000, "ebitdaratio": -0.4036025995, "operatingIncome": -48978000, "operatingIncomeRatio": -0.4402398138, "totalOtherIncomeExpensesNet": -435000, "incomeBeforeTax": -49413000, "incomeBeforeTaxRatio": -0.4441498207, "incomeTaxExpense": -307000, "netIncome": -49106000, "netIncomeRatio": -0.4413903445, "eps": -2.69, "epsdiluted": -2.69, "weightedAverageShsOut": 18273000, "weightedAverageShsOutDil": 18273000, "link": "", "finalLink": "", "calculatedOtherExpenses": 0, "calculatedOperatingExpenses": 138549000, "calculatedNetInterest": 0, "calculatedOtherIncome": -435000, "calculatedIncomeNonControlling": 0, "calculatedEbitda": -44902000}, {"date": "2017-01-31", "symbol": "SMAR", "reportedCurrency": "USD", "cik": "0001366561", "fillingDate": "2017-01-31", "acceptedDate": "2017-01-30 19:00:00", "calendarYear": "2017", "period": "FY", "revenue": 66964000, "costOfRevenue": 14133000, "grossProfit": 52831000, "grossProfitRatio": 0.7889462995, "researchAndDevelopmentExpenses": 19640000, "generalAndAdministrativeExpenses": 8275000, "sellingAndMarketingExpenses": 40071000, "sellingGeneralAndAdministrativeExpenses": 48346000, "otherExpenses": 0, "operatingExpenses": 67986000, "costAndExpenses": 82119000, "interestIncome": 0, "interestExpense": 0, "depreciationAndAmortization": 989000, "ebitda": -14166000, "ebitdaratio": -0.2115465026, "operatingIncome": -15155000, "operatingIncomeRatio": -0.2263156323, "totalOtherIncomeExpensesNet": -29000, "incomeBeforeTax": -15184000, "incomeBeforeTaxRatio": -0.2267487008, "incomeTaxExpense": 0, "netIncome": -15184000, "netIncomeRatio": -0.2267487008, "eps": -0.83, "epsdiluted": -0.83, "weightedAverageShsOut": 18273000, "weightedAverageShsOutDil": 18273000, "link": "", "finalLink": "", "calculatedOtherExpenses": 0, "calculatedOperatingExpenses": 67986000, "calculatedNetInterest": 0, "calculatedOtherIncome": -29000, "calculatedIncomeNonControlling": 0, "calculatedEbitda": -14166000}, {"date": "2016-01-31", "symbol": "SMAR", "reportedCurrency": "USD", "cik": "0001366561", "fillingDate": "2016-01-31", "acceptedDate": "2016-01-30 19:00:00", "calendarYear": "2016", "period": "FY", "revenue": 40751000, "costOfRevenue": 8597000, "grossProfit": 32154000, "grossProfitRatio": 0.7890358519, "researchAndDevelopmentExpenses": 12900000, "generalAndAdministrativeExpenses": 5163000, "sellingAndMarketingExpenses": 28440000, "sellingGeneralAndAdministrativeExpenses": 33603000, "otherExpenses": 0, "operatingExpenses": 46503000, "costAndExpenses": 55100000, "interestIncome": 0, "interestExpense": 0, "depreciationAndAmortization": 567000, "ebitda": -13782000, "ebitdaratio": -0.3382002896, "operatingIncome": -14349000, "operatingIncomeRatio": -0.3521140586, "totalOtherIncomeExpensesNet": 0, "incomeBeforeTax": -14349000, "incomeBeforeTaxRatio": -0.3521140586, "incomeTaxExpense": 0, "netIncome": -14349000, "netIncomeRatio": -0.3521140586, "eps": -0.17, "epsdiluted": -0.17, "weightedAverageShsOut": 84868000, "weightedAverageShsOutDil": 84868000, "link": "", "finalLink": "", "calculatedOtherExpenses": 0, "calculatedOperatingExpenses": 46503000, "calculatedNetInterest": 0, "calculatedOtherIncome": 0, "calculatedIncomeNonControlling": 0, "calculatedEbitda": -13782000}]}