{"originalCurrency": "USD", "convertedCurrency": "USD", "report": [{"date": "2023-06-30", "symbol": "SMCI", "reportedCurrency": "USD", "cik": "0001375365", "fillingDate": "2023-08-28", "acceptedDate": "2023-08-25 19:32:29", "calendarYear": "2023", "period": "FY", "revenue": 7123482000, "costOfRevenue": 5840470000, "grossProfit": 1283012000, "grossProfitRatio": 0.1801102326, "researchAndDevelopmentExpenses": 307260000, "generalAndAdministrativeExpenses": 99585000, "sellingAndMarketingExpenses": 115025000, "sellingGeneralAndAdministrativeExpenses": 214610000, "otherExpenses": 3646000, "operatingExpenses": 521870000, "costAndExpenses": 6362340000, "interestIncome": 10491000, "interestExpense": 10491000, "depreciationAndAmortization": 3646000, "ebitda": 764788000, "ebitdaratio": 0.1073615403, "operatingIncome": 761142000, "operatingIncomeRatio": 0.106849712, "totalOtherIncomeExpensesNet": 3646000, "incomeBeforeTax": 754297000, "incomeBeforeTaxRatio": 0.1058888055, "incomeTaxExpense": 110666000, "netIncome": 639998000, "netIncomeRatio": 0.0898434221, "eps": 12.09, "epsdiluted": 11.43, "weightedAverageShsOut": 52925000, "weightedAverageShsOutDil": 55970000, "link": "https://www.sec.gov/Archives/edgar/data/1375365/000137536523000036/0001375365-23-000036-index.htm", "finalLink": "https://www.sec.gov/Archives/edgar/data/1375365/000137536523000036/smci-20230630.htm", "calculatedOtherExpenses": 0, "calculatedOperatingExpenses": 521870000, "calculatedNetInterest": 0, "calculatedOtherIncome": -6845000, "calculatedIncomeNonControlling": 3633000, "calculatedEbitda": 764788000}, {"date": "2022-06-30", "symbol": "SMCI", "reportedCurrency": "USD", "cik": "0001375365", "fillingDate": "2022-08-29", "acceptedDate": "2022-08-26 19:14:09", "calendarYear": "2022", "period": "FY", "revenue": 5196099000, "costOfRevenue": 4396098000, "grossProfit": 800001000, "grossProfitRatio": 0.1539618471, "researchAndDevelopmentExpenses": 272273000, "generalAndAdministrativeExpenses": 102435000, "sellingAndMarketingExpenses": 90126000, "sellingGeneralAndAdministrativeExpenses": 192561000, "otherExpenses": 8079000, "operatingExpenses": 464834000, "costAndExpenses": 4860932000, "interestIncome": 6413000, "interestExpense": 6413000, "depreciationAndAmortization": 8079000, "ebitda": 343246000, "ebitdaratio": 0.0660584027, "operatingIncome": 335167000, "operatingIncomeRatio": 0.0645035824, "totalOtherIncomeExpensesNet": 1666000, "incomeBeforeTax": 336833000, "incomeBeforeTaxRatio": 0.0648242075, "incomeTaxExpense": 52876000, "netIncome": 285163000, "netIncomeRatio": 0.0548802092, "eps": 5.54, "epsdiluted": 5.32, "weightedAverageShsOut": 51478000, "weightedAverageShsOutDil": 53615000, "link": "https://www.sec.gov/Archives/edgar/data/1375365/000137536522000103/0001375365-22-000103-index.htm", "finalLink": "https://www.sec.gov/Archives/edgar/data/1375365/000137536522000103/smci-20220630.htm", "calculatedOtherExpenses": 0, "calculatedOperatingExpenses": 464834000, "calculatedNetInterest": 0, "calculatedOtherIncome": 1666000, "calculatedIncomeNonControlling": -1206000, "calculatedEbitda": 343246000}, {"date": "2021-06-30", "symbol": "SMCI", "reportedCurrency": "USD", "cik": "0001375365", "fillingDate": "2021-08-27", "acceptedDate": "2021-08-27 16:41:42", "calendarYear": "2021", "period": "FY", "revenue": 3557422000, "costOfRevenue": 3022884000, "grossProfit": 534538000, "grossProfitRatio": 0.1502599354, "researchAndDevelopmentExpenses": 224369000, "generalAndAdministrativeExpenses": 100539000, "sellingAndMarketingExpenses": 85683000, "sellingGeneralAndAdministrativeExpenses": 186222000, "otherExpenses": -2834000, "operatingExpenses": 410591000, "costAndExpenses": 3433475000, "interestIncome": 2485000, "interestExpense": 2485000, "depreciationAndAmortization": 28185000, "ebitda": 121113000, "ebitdaratio": 0.0340451597, "operatingIncome": 92928000, "operatingIncomeRatio": 0.0261222874, "totalOtherIncomeExpensesNet": 25700000, "incomeBeforeTax": 118628000, "incomeBeforeTaxRatio": 0.0333466201, "incomeTaxExpense": 6936000, "netIncome": 111865000, "netIncomeRatio": 0.0314455243, "eps": 2.19, "epsdiluted": 2.09, "weightedAverageShsOut": 51157000, "weightedAverageShsOutDil": 53507000, "link": "https://www.sec.gov/Archives/edgar/data/1375365/000137536521000060/0001375365-21-000060-index.htm", "finalLink": "https://www.sec.gov/Archives/edgar/data/1375365/000137536521000060/smci-20210630.htm", "calculatedOtherExpenses": 31019000, "calculatedOperatingExpenses": 441610000, "calculatedNetInterest": 0, "calculatedOtherIncome": 25700000, "calculatedIncomeNonControlling": -173000, "calculatedEbitda": 121113000}, {"date": "2020-06-30", "symbol": "SMCI", "reportedCurrency": "USD", "cik": "0001375365", "fillingDate": "2020-08-31", "acceptedDate": "2020-08-28 21:58:36", "calendarYear": "2020", "period": "FY", "revenue": 3339281000, "costOfRevenue": 2813071000, "grossProfit": 526210000, "grossProfitRatio": 0.1575818267, "researchAndDevelopmentExpenses": 221478000, "generalAndAdministrativeExpenses": 133941000, "sellingAndMarketingExpenses": 85137000, "sellingGeneralAndAdministrativeExpenses": 219078000, "otherExpenses": 1410000, "operatingExpenses": 440556000, "costAndExpenses": 3253627000, "interestIncome": 2236000, "interestExpense": 2236000, "depreciationAndAmortization": 28472000, "ebitda": 87064000, "ebitdaratio": 0.0260726785, "operatingIncome": 58592000, "operatingIncomeRatio": 0.0175462922, "totalOtherIncomeExpensesNet": 26236000, "incomeBeforeTax": 84828000, "incomeBeforeTaxRatio": 0.0254030733, "incomeTaxExpense": 2922000, "netIncome": 84308000, "netIncomeRatio": 0.0252473512, "eps": 1.65, "epsdiluted": 1.6, "weightedAverageShsOut": 50987000, "weightedAverageShsOutDil": 52838000, "link": "https://www.sec.gov/Archives/edgar/data/1375365/000137536520000064/0001375365-20-000064-index.htm", "finalLink": "https://www.sec.gov/Archives/edgar/data/1375365/000137536520000064/smci-2020630x10k.htm", "calculatedOtherExpenses": 27062000, "calculatedOperatingExpenses": 467618000, "calculatedNetInterest": 0, "calculatedOtherIncome": 26236000, "calculatedIncomeNonControlling": -2402000, "calculatedEbitda": 87064000}, {"date": "2019-06-30", "symbol": "SMCI", "reportedCurrency": "USD", "cik": "0001375365", "fillingDate": "2019-12-19", "acceptedDate": "2019-12-19 17:28:59", "calendarYear": "2019", "period": "FY", "revenue": 3500360000, "costOfRevenue": 3004838000, "grossProfit": 495522000, "grossProfitRatio": 0.1415631535, "researchAndDevelopmentExpenses": 179907000, "generalAndAdministrativeExpenses": 141228000, "sellingAndMarketingExpenses": 77154000, "sellingGeneralAndAdministrativeExpenses": 218382000, "otherExpenses": -1020000, "operatingExpenses": 398289000, "costAndExpenses": 3403127000, "interestIncome": 5549000, "interestExpense": 6690000, "depreciationAndAmortization": 23182000, "ebitda": 120415000, "ebitdaratio": 0.0344007474, "operatingIncome": 97233000, "operatingIncomeRatio": 0.027778, "totalOtherIncomeExpensesNet": -7710000, "incomeBeforeTax": 89523000, "incomeBeforeTaxRatio": 0.0255753694, "incomeTaxExpense": 14884000, "netIncome": 71918000, "netIncomeRatio": 0.0205458867, "eps": 1.44, "epsdiluted": 1.39, "weightedAverageShsOut": 49917000, "weightedAverageShsOutDil": 51716000, "link": "https://www.sec.gov/Archives/edgar/data/1375365/000137536519000079/0001375365-19-000079-index.htm", "finalLink": "https://www.sec.gov/Archives/edgar/data/1375365/000137536519000079/smci-2019630x10k.htm", "calculatedOtherExpenses": 0, "calculatedOperatingExpenses": 398289000, "calculatedNetInterest": -1141000, "calculatedOtherIncome": -6569000, "calculatedIncomeNonControlling": 2721000, "calculatedEbitda": 120415000}, {"date": "2018-06-30", "symbol": "SMCI", "reportedCurrency": "USD", "cik": "0001375365", "fillingDate": "2018-06-30", "acceptedDate": "2018-06-30 00:00:00", "calendarYear": "2018", "period": "FY", "revenue": 3360492000, "costOfRevenue": 2930498000, "grossProfit": 429994000, "grossProfitRatio": 0.1279556684, "researchAndDevelopmentExpenses": 165104000, "generalAndAdministrativeExpenses": 98597000, "sellingAndMarketingExpenses": 71579000, "sellingGeneralAndAdministrativeExpenses": 170176000, "otherExpenses": -773000, "operatingExpenses": 335280000, "costAndExpenses": 3265778000, "interestIncome": 0, "interestExpense": 5726000, "depreciationAndAmortization": 21846000, "ebitda": 115787000, "ebitdaratio": 0.0344553714, "operatingIncome": 94714000, "operatingIncomeRatio": 0.0281845635, "totalOtherIncomeExpensesNet": -773000, "incomeBeforeTax": 88215000, "incomeBeforeTaxRatio": 0.0262506204, "incomeTaxExpense": 38443000, "netIncome": 46165000, "netIncomeRatio": 0.0137375718, "eps": 0.89, "epsdiluted": 0.89, "weightedAverageShsOut": 51870786, "weightedAverageShsOutDil": 52151000, "link": null, "finalLink": null, "calculatedOtherExpenses": 0, "calculatedOperatingExpenses": 335280000, "calculatedNetInterest": -5726000, "calculatedOtherIncome": -773000, "calculatedIncomeNonControlling": 3607000, "calculatedEbitda": 116560000}, {"date": "2017-06-30", "symbol": "SMCI", "reportedCurrency": "USD", "cik": "0001375365", "fillingDate": "2019-05-17", "acceptedDate": "2019-05-16 18:49:48", "calendarYear": "2017", "period": "FY", "revenue": 2529915000, "costOfRevenue": 2171349000, "grossProfit": 358566000, "grossProfitRatio": 0.1417304534, "researchAndDevelopmentExpenses": 141358000, "generalAndAdministrativeExpenses": 45305000, "sellingAndMarketingExpenses": 70026000, "sellingGeneralAndAdministrativeExpenses": 115331000, "otherExpenses": -1287000, "operatingExpenses": 256689000, "costAndExpenses": 2428038000, "interestIncome": 9000, "interestExpense": 2177000, "depreciationAndAmortization": 15926000, "ebitda": 117812000, "ebitdaratio": 0.0465675724, "operatingIncome": 101877000, "operatingIncomeRatio": 0.0402689418, "totalOtherIncomeExpensesNet": -1287000, "incomeBeforeTax": 99709000, "incomeBeforeTaxRatio": 0.0394119961, "incomeTaxExpense": 30385000, "netIncome": 69324000, "netIncomeRatio": 0.0274017111, "eps": 1.43, "epsdiluted": 1.34, "weightedAverageShsOut": 48383000, "weightedAverageShsOutDil": 51679000, "link": "https://www.sec.gov/Archives/edgar/data/1375365/000137536519000039/0001375365-19-000039-index.htm", "finalLink": "https://www.sec.gov/Archives/edgar/data/1375365/000137536519000039/smci-2017630x10kxa.htm", "calculatedOtherExpenses": 0, "calculatedOperatingExpenses": 256689000, "calculatedNetInterest": -2168000, "calculatedOtherIncome": 0, "calculatedIncomeNonControlling": 0, "calculatedEbitda": 117803000}, {"date": "2016-06-30", "symbol": "SMCI", "reportedCurrency": "USD", "cik": "0001375365", "fillingDate": "2016-08-26", "acceptedDate": "2016-08-26 17:30:40", "calendarYear": "2016", "period": "FY", "revenue": 2215573000, "costOfRevenue": 1884048000, "grossProfit": 331525000, "grossProfitRatio": 0.1496339773, "researchAndDevelopmentExpenses": 123994000, "generalAndAdministrativeExpenses": 37840000, "sellingAndMarketingExpenses": 62841000, "sellingGeneralAndAdministrativeExpenses": 100681000, "otherExpenses": 0, "operatingExpenses": 224675000, "costAndExpenses": 2108723000, "interestIncome": 171000, "interestExpense": 1423000, "depreciationAndAmortization": 13282000, "ebitda": 120132000, "ebitdaratio": 0.0542216393, "operatingIncome": 106850000, "operatingIncomeRatio": 0.0482268018, "totalOtherIncomeExpensesNet": -1423000, "incomeBeforeTax": 105427000, "incomeBeforeTaxRatio": 0.0475845301, "incomeTaxExpense": 33406000, "netIncome": 72021000, "netIncomeRatio": 0.032506715, "eps": 1.5, "epsdiluted": 1.39, "weightedAverageShsOut": 47917000, "weightedAverageShsOutDil": 51836000, "link": "https://www.sec.gov/Archives/edgar/data/1375365/000162828016019274/0001628280-16-019274-index.htm", "finalLink": "https://www.sec.gov/Archives/edgar/data/1375365/000162828016019274/smci-2016630x10k.htm", "calculatedOtherExpenses": 0, "calculatedOperatingExpenses": 224675000, "calculatedNetInterest": -1252000, "calculatedOtherIncome": -171000, "calculatedIncomeNonControlling": 0, "calculatedEbitda": 120132000}, {"date": "2015-06-30", "symbol": "SMCI", "reportedCurrency": "USD", "cik": "0001375365", "fillingDate": "2015-09-10", "acceptedDate": "2015-09-10 09:01:43", "calendarYear": "2015", "period": "FY", "revenue": 1991155000, "costOfRevenue": 1670924000, "grossProfit": 320231000, "grossProfitRatio": 0.1608267563, "researchAndDevelopmentExpenses": 100257000, "generalAndAdministrativeExpenses": 24377000, "sellingAndMarketingExpenses": 48851000, "sellingGeneralAndAdministrativeExpenses": 73228000, "otherExpenses": 0, "operatingExpenses": 173485000, "costAndExpenses": 1844409000, "interestIncome": 115000, "interestExpense": 965000, "depreciationAndAmortization": 8133000, "ebitda": 154994000, "ebitdaratio": 0.0778412529, "operatingIncome": 146746000, "operatingIncomeRatio": 0.0736989335, "totalOtherIncomeExpensesNet": -850000, "incomeBeforeTax": 145896000, "incomeBeforeTaxRatio": 0.0732720456, "incomeTaxExpense": 44033000, "netIncome": 101863000, "netIncomeRatio": 0.0511577451, "eps": 2.19, "epsdiluted": 2.03, "weightedAverageShsOut": 46434000, "weightedAverageShsOutDil": 50094000, "link": "https://www.sec.gov/Archives/edgar/data/1375365/000162828015007025/0001628280-15-007025-index.htm", "finalLink": "https://www.sec.gov/Archives/edgar/data/1375365/000162828015007025/smci-2015630x10k.htm", "calculatedOtherExpenses": 0, "calculatedOperatingExpenses": 173485000, "calculatedNetInterest": -850000, "calculatedOtherIncome": 0, "calculatedIncomeNonControlling": 0, "calculatedEbitda": 154879000}, {"date": "2014-06-30", "symbol": "SMCI", "reportedCurrency": "USD", "cik": "0001375365", "fillingDate": "2014-09-15", "acceptedDate": "2014-09-15 16:22:04", "calendarYear": "2014", "period": "FY", "revenue": 1467202000, "costOfRevenue": 1241657000, "grossProfit": 225545000, "grossProfitRatio": 0.1537245723, "researchAndDevelopmentExpenses": 84257000, "generalAndAdministrativeExpenses": 23017000, "sellingAndMarketingExpenses": 38012000, "sellingGeneralAndAdministrativeExpenses": 61029000, "otherExpenses": 0, "operatingExpenses": 145286000, "costAndExpenses": 1386943000, "interestIncome": 92000, "interestExpense": 757000, "depreciationAndAmortization": 6364000, "ebitda": 86715000, "ebitdaratio": 0.0591022913, "operatingIncome": 80259000, "operatingIncomeRatio": 0.0547020792, "totalOtherIncomeExpensesNet": -665000, "incomeBeforeTax": 79594000, "incomeBeforeTaxRatio": 0.0542488355, "incomeTaxExpense": 25437000, "netIncome": 54157000, "netIncomeRatio": 0.0369117545, "eps": 1.24, "epsdiluted": 1.16, "weightedAverageShsOut": 43599000, "weightedAverageShsOutDil": 46512000, "link": "https://www.sec.gov/Archives/edgar/data/1375365/000144530514003958/0001445305-14-003958-index.htm", "finalLink": "https://www.sec.gov/Archives/edgar/data/1375365/000144530514003958/smci-2014630x10k.htm", "calculatedOtherExpenses": 0, "calculatedOperatingExpenses": 145286000, "calculatedNetInterest": -665000, "calculatedOtherIncome": 0, "calculatedIncomeNonControlling": 0, "calculatedEbitda": 86623000}, {"date": "2013-06-30", "symbol": "SMCI", "reportedCurrency": "USD", "cik": "0001375365", "fillingDate": "2013-09-11", "acceptedDate": "2013-09-11 17:08:56", "calendarYear": "2013", "period": "FY", "revenue": 1162561000, "costOfRevenue": 1002508000, "grossProfit": 160053000, "grossProfitRatio": 0.1376727759, "researchAndDevelopmentExpenses": 75208000, "generalAndAdministrativeExpenses": 23902000, "sellingAndMarketingExpenses": 33785000, "sellingGeneralAndAdministrativeExpenses": 57687000, "otherExpenses": 0, "operatingExpenses": 132895000, "costAndExpenses": 1135403000, "interestIncome": 48000, "interestExpense": 610000, "depreciationAndAmortization": 7835000, "ebitda": 35041000, "ebitdaratio": 0.0301412141, "operatingIncome": 27158000, "operatingIncomeRatio": 0.0233604946, "totalOtherIncomeExpensesNet": -562000, "incomeBeforeTax": 26596000, "incomeBeforeTaxRatio": 0.0228770791, "incomeTaxExpense": 5317000, "netIncome": 21279000, "netIncomeRatio": 0.0183035557, "eps": 0.5, "epsdiluted": 0.48, "weightedAverageShsOut": 41992000, "weightedAverageShsOutDil": 43907000, "link": "https://www.sec.gov/Archives/edgar/data/1375365/000144530513002262/0001445305-13-002262-index.htm", "finalLink": "https://www.sec.gov/Archives/edgar/data/1375365/000144530513002262/smci-2013630x10k.htm", "calculatedOtherExpenses": 0, "calculatedOperatingExpenses": 132895000, "calculatedNetInterest": -562000, "calculatedOtherIncome": 0, "calculatedIncomeNonControlling": 0, "calculatedEbitda": 34993000}, {"date": "2012-06-30", "symbol": "SMCI", "reportedCurrency": "USD", "cik": "0001375365", "fillingDate": "2012-09-13", "acceptedDate": "2012-09-13 16:48:22", "calendarYear": "2012", "period": "FY", "revenue": 1013874000, "costOfRevenue": 848457000, "grossProfit": 165417000, "grossProfitRatio": 0.1631534096, "researchAndDevelopmentExpenses": 58681000, "generalAndAdministrativeExpenses": 28883000, "sellingAndMarketingExpenses": 31839000, "sellingGeneralAndAdministrativeExpenses": 60722000, "otherExpenses": 0, "operatingExpenses": 119403000, "costAndExpenses": 967860000, "interestIncome": 54000, "interestExpense": 717000, "depreciationAndAmortization": 7071000, "ebitda": 53139000, "ebitdaratio": 0.0524118382, "operatingIncome": 46014000, "operatingIncomeRatio": 0.0453843377, "totalOtherIncomeExpensesNet": -663000, "incomeBeforeTax": 45351000, "incomeBeforeTaxRatio": 0.0447304103, "incomeTaxExpense": 15498000, "netIncome": 29853000, "netIncomeRatio": 0.0294444872, "eps": 0.72, "epsdiluted": 0.67, "weightedAverageShsOut": 40890000, "weightedAverageShsOutDil": 44152000, "link": "https://www.sec.gov/Archives/edgar/data/1375365/000144530512002860/0001445305-12-002860-index.htm", "finalLink": "https://www.sec.gov/Archives/edgar/data/1375365/000144530512002860/smci-2012630x10k.htm", "calculatedOtherExpenses": 0, "calculatedOperatingExpenses": 119403000, "calculatedNetInterest": -663000, "calculatedOtherIncome": 0, "calculatedIncomeNonControlling": 0, "calculatedEbitda": 53085000}, {"date": "2011-06-30", "symbol": "SMCI", "reportedCurrency": "USD", "cik": "0001375365", "fillingDate": "2011-09-02", "acceptedDate": "2011-09-02 16:45:51", "calendarYear": "2011", "period": "FY", "revenue": 942582000, "costOfRevenue": 791478000, "grossProfit": 151104000, "grossProfitRatio": 0.1603085991, "researchAndDevelopmentExpenses": 48108000, "generalAndAdministrativeExpenses": 17444000, "sellingAndMarketingExpenses": 26859000, "sellingGeneralAndAdministrativeExpenses": 44303000, "otherExpenses": 0, "operatingExpenses": 92411000, "costAndExpenses": 883889000, "interestIncome": 66000, "interestExpense": 686000, "depreciationAndAmortization": 5453000, "ebitda": 64212000, "ebitdaratio": 0.068123516, "operatingIncome": 58693000, "operatingIncomeRatio": 0.0622683225, "totalOtherIncomeExpensesNet": -620000, "incomeBeforeTax": 58073000, "incomeBeforeTaxRatio": 0.0616105548, "incomeTaxExpense": 17860000, "netIncome": 40213000, "netIncomeRatio": 0.0426626012, "eps": 1.04, "epsdiluted": 0.93, "weightedAverageShsOut": 38132114, "weightedAverageShsOutDil": 42395970, "link": "https://www.sec.gov/Archives/edgar/data/1375365/000119312511240215/0001193125-11-240215-index.htm", "finalLink": "https://www.sec.gov/Archives/edgar/data/1375365/000119312511240215/d10k.htm", "calculatedOtherExpenses": 0, "calculatedOperatingExpenses": 92411000, "calculatedNetInterest": -620000, "calculatedOtherIncome": 0, "calculatedIncomeNonControlling": 0, "calculatedEbitda": 64146000}, {"date": "2010-06-30", "symbol": "SMCI", "reportedCurrency": "USD", "cik": "0001375365", "fillingDate": "2010-09-07", "acceptedDate": "2010-09-07 15:41:21", "calendarYear": "2010", "period": "FY", "revenue": 721438000, "costOfRevenue": 606446000, "grossProfit": 114992000, "grossProfitRatio": 0.1593927683, "researchAndDevelopmentExpenses": 37382000, "generalAndAdministrativeExpenses": 16407000, "sellingAndMarketingExpenses": 20458000, "sellingGeneralAndAdministrativeExpenses": 36865000, "otherExpenses": 1089000, "operatingExpenses": 74247000, "costAndExpenses": 680693000, "interestIncome": 98000, "interestExpense": 383000, "depreciationAndAmortization": 4619000, "ebitda": 45462000, "ebitdaratio": 0.0630158101, "operatingIncome": 40745000, "operatingIncomeRatio": 0.0564774797, "totalOtherIncomeExpensesNet": 5000, "incomeBeforeTax": 40465000, "incomeBeforeTaxRatio": 0.056089366, "incomeTaxExpense": 13550000, "netIncome": 26915000, "netIncomeRatio": 0.0373074332, "eps": 0.73, "epsdiluted": 0.65, "weightedAverageShsOut": 35883640, "weightedAverageShsOutDil": 40735336, "link": "https://www.sec.gov/Archives/edgar/data/1375365/000119312510205667/0001193125-10-205667-index.htm", "finalLink": "https://www.sec.gov/Archives/edgar/data/1375365/000119312510205667/d10k.htm", "calculatedOtherExpenses": 0, "calculatedOperatingExpenses": 74247000, "calculatedNetInterest": -285000, "calculatedOtherIncome": 5000, "calculatedIncomeNonControlling": 0, "calculatedEbitda": 45364000}, {"date": "2009-06-30", "symbol": "SMCI", "reportedCurrency": "USD", "cik": "0001375365", "fillingDate": "2009-08-31", "acceptedDate": "2009-08-31 16:16:15", "calendarYear": "2009", "period": "FY", "revenue": 505609000, "costOfRevenue": 416899000, "grossProfit": 88710000, "grossProfitRatio": 0.1754517819, "researchAndDevelopmentExpenses": 34514000, "generalAndAdministrativeExpenses": 13824000, "sellingAndMarketingExpenses": 17119000, "sellingGeneralAndAdministrativeExpenses": 30943000, "otherExpenses": 0, "operatingExpenses": 65457000, "costAndExpenses": 482356000, "interestIncome": 476000, "interestExpense": 930000, "depreciationAndAmortization": 3653000, "ebitda": 27382000, "ebitdaratio": 0.0541564727, "operatingIncome": 23253000, "operatingIncomeRatio": 0.0459900832, "totalOtherIncomeExpensesNet": -454000, "incomeBeforeTax": 22799000, "incomeBeforeTaxRatio": 0.0450921562, "incomeTaxExpense": 6692000, "netIncome": 16107000, "netIncomeRatio": 0.0318566323, "eps": 0.47, "epsdiluted": 0.41, "weightedAverageShsOut": 34217571, "weightedAverageShsOutDil": 39155727, "link": "https://www.sec.gov/Archives/edgar/data/1375365/000119312509184698/0001193125-09-184698-index.htm", "finalLink": "https://www.sec.gov/Archives/edgar/data/1375365/000119312509184698/d10k.htm", "calculatedOtherExpenses": 0, "calculatedOperatingExpenses": 65457000, "calculatedNetInterest": -454000, "calculatedOtherIncome": 0, "calculatedIncomeNonControlling": 0, "calculatedEbitda": 26906000}, {"date": "2008-06-30", "symbol": "SMCI", "reportedCurrency": "USD", "cik": "0001375365", "fillingDate": "2008-09-02", "acceptedDate": "2008-09-02 15:53:18", "calendarYear": "2008", "period": "FY", "revenue": 540503000, "costOfRevenue": 436950000, "grossProfit": 103553000, "grossProfitRatio": 0.1915863557, "researchAndDevelopmentExpenses": 30537000, "generalAndAdministrativeExpenses": 32745000, "sellingAndMarketingExpenses": 18191000, "sellingGeneralAndAdministrativeExpenses": 32745000, "otherExpenses": 0, "operatingExpenses": 63282000, "costAndExpenses": 500232000, "interestIncome": 1558000, "interestExpense": -533000, "depreciationAndAmortization": 2664000, "ebitda": 42935000, "ebitdaratio": 0.0794352668, "operatingIncome": 40271000, "operatingIncomeRatio": 0.0745065245, "totalOtherIncomeExpensesNet": 533000, "incomeBeforeTax": 40804000, "incomeBeforeTaxRatio": 0.075492643, "incomeTaxExpense": 15385000, "netIncome": 25419000, "netIncomeRatio": 0.0470284161, "eps": 0.81, "epsdiluted": 0.65, "weightedAverageShsOut": 31354956, "weightedAverageShsOutDil": 38843151, "link": "https://www.sec.gov/Archives/edgar/data/1375365/000119312508188476/0001193125-08-188476-index.htm", "finalLink": "https://www.sec.gov/Archives/edgar/data/1375365/000119312508188476/d10k.htm", "calculatedOtherExpenses": 0, "calculatedOperatingExpenses": 63282000, "calculatedNetInterest": 2091000, "calculatedOtherIncome": -1558000, "calculatedIncomeNonControlling": 0, "calculatedEbitda": 42935000}, {"date": "2007-06-30", "symbol": "SMCI", "reportedCurrency": "USD", "cik": "0001375365", "fillingDate": "2007-08-28", "acceptedDate": "2007-08-28 15:27:31", "calendarYear": "2007", "period": "FY", "revenue": 420393000, "costOfRevenue": 345384000, "grossProfit": 75009000, "grossProfitRatio": 0.1784259015, "researchAndDevelopmentExpenses": 21171000, "generalAndAdministrativeExpenses": 24053000, "sellingAndMarketingExpenses": 12586000, "sellingGeneralAndAdministrativeExpenses": 24053000, "otherExpenses": -120000, "operatingExpenses": 45104000, "costAndExpenses": 390488000, "interestIncome": 765000, "interestExpense": 447000, "depreciationAndAmortization": 1640000, "ebitda": 31425000, "ebitdaratio": 0.0747514825, "operatingIncome": 29905000, "operatingIncomeRatio": 0.0711358182, "totalOtherIncomeExpensesNet": 120000, "incomeBeforeTax": 29338000, "incomeBeforeTaxRatio": 0.0697870802, "incomeTaxExpense": 9999000, "netIncome": 19339000, "netIncomeRatio": 0.0460021932, "eps": 0.8, "epsdiluted": 0.57, "weightedAverageShsOut": 24152769, "weightedAverageShsOutDil": 33946074, "link": "https://www.sec.gov/Archives/edgar/data/1375365/000119312507190775/0001193125-07-190775-index.htm", "finalLink": "https://www.sec.gov/Archives/edgar/data/1375365/000119312507190775/d10k.htm", "calculatedOtherExpenses": -120000, "calculatedOperatingExpenses": 45104000, "calculatedNetInterest": 318000, "calculatedOtherIncome": -885000, "calculatedIncomeNonControlling": 0, "calculatedEbitda": 31545000}, {"date": "2006-06-30", "symbol": "SMCI", "reportedCurrency": "USD", "cik": "0001375365", "fillingDate": "2006-06-30", "acceptedDate": "2006-06-30 00:00:00", "calendarYear": "2006", "period": "FY", "revenue": 302541000, "costOfRevenue": 242235000, "grossProfit": 60306000, "grossProfitRatio": 0.1993316608, "researchAndDevelopmentExpenses": 15814000, "generalAndAdministrativeExpenses": 0, "sellingAndMarketingExpenses": 0, "sellingGeneralAndAdministrativeExpenses": 16294000, "otherExpenses": 575000, "operatingExpenses": 32683000, "costAndExpenses": 274918000, "interestIncome": 0, "interestExpense": 1574000, "depreciationAndAmortization": 1214000, "ebitda": 29410000, "ebitdaratio": 0.0972099649, "operatingIncome": 27623000, "operatingIncomeRatio": 0.0913033275, "totalOtherIncomeExpensesNet": -573000, "incomeBeforeTax": 26622000, "incomeBeforeTaxRatio": 0.087994685, "incomeTaxExpense": 9675000, "netIncome": 16947000, "netIncomeRatio": 0.0560155483, "eps": 0.77, "epsdiluted": 0.53, "weightedAverageShsOut": 22010586, "weightedAverageShsOutDil": 31846864, "link": null, "finalLink": null, "calculatedOtherExpenses": 575000, "calculatedOperatingExpenses": 32683000, "calculatedNetInterest": -1574000, "calculatedOtherIncome": 573000, "calculatedIncomeNonControlling": 0, "calculatedEbitda": 28837000}, {"date": "2005-06-30", "symbol": "SMCI", "reportedCurrency": "USD", "cik": "0001375365", "fillingDate": "2005-06-30", "acceptedDate": "2005-06-30 00:00:00", "calendarYear": "2005", "period": "FY", "revenue": 211763000, "costOfRevenue": 178293000, "grossProfit": 33470000, "grossProfitRatio": 0.158054051, "researchAndDevelopmentExpenses": 10609000, "generalAndAdministrativeExpenses": 0, "sellingAndMarketingExpenses": 0, "sellingGeneralAndAdministrativeExpenses": 12577000, "otherExpenses": -1178000, "operatingExpenses": 22008000, "costAndExpenses": 200301000, "interestIncome": 0, "interestExpense": -462000, "depreciationAndAmortization": 922000, "ebitda": 11189000, "ebitdaratio": 0.0528373701, "operatingIncome": 11462000, "operatingIncomeRatio": 0.0541265471, "totalOtherIncomeExpensesNet": 1195000, "incomeBeforeTax": 10729000, "incomeBeforeTaxRatio": 0.0506651304, "incomeTaxExpense": 3639000, "netIncome": 7090000, "netIncomeRatio": 0.0334808253, "eps": 0.32, "epsdiluted": 0.24, "weightedAverageShsOut": 21914692, "weightedAverageShsOutDil": 29442420, "link": null, "finalLink": null, "calculatedOtherExpenses": -1178000, "calculatedOperatingExpenses": 22008000, "calculatedNetInterest": 462000, "calculatedOtherIncome": -1195000, "calculatedIncomeNonControlling": 0, "calculatedEbitda": 12384000}, {"date": "2004-06-30", "symbol": "SMCI", "reportedCurrency": "USD", "cik": "0001375365", "fillingDate": "2004-06-30", "acceptedDate": "2004-06-30 00:00:00", "calendarYear": "2004", "period": "FY", "revenue": 167065000, "costOfRevenue": 0, "grossProfit": 167065000, "grossProfitRatio": 1, "researchAndDevelopmentExpenses": 0, "generalAndAdministrativeExpenses": 0, "sellingAndMarketingExpenses": 0, "sellingGeneralAndAdministrativeExpenses": 0, "otherExpenses": 0, "operatingExpenses": 0, "costAndExpenses": 0, "interestIncome": 0, "interestExpense": 0, "depreciationAndAmortization": 0, "ebitda": 167065000, "ebitdaratio": 1, "operatingIncome": 167065000, "operatingIncomeRatio": 1, "totalOtherIncomeExpensesNet": 0, "incomeBeforeTax": 0, "incomeBeforeTaxRatio": 0, "incomeTaxExpense": 162211000, "netIncome": 4854000, "netIncomeRatio": 0.0290545596, "eps": 0.22, "epsdiluted": 0.17, "weightedAverageShsOut": 21897236, "weightedAverageShsOutDil": 28061656, "link": null, "finalLink": null, "calculatedOtherExpenses": 0, "calculatedOperatingExpenses": 0, "calculatedNetInterest": 0, "calculatedOtherIncome": -167065000, "calculatedIncomeNonControlling": -167065000, "calculatedEbitda": 167065000}, {"date": "2003-06-30", "symbol": "SMCI", "reportedCurrency": "USD", "cik": "0001375365", "fillingDate": "2003-06-30", "acceptedDate": "2003-06-30 00:00:00", "calendarYear": "2003", "period": "FY", "revenue": 137161000, "costOfRevenue": 113853000, "grossProfit": 23308000, "grossProfitRatio": 0.1699316861, "researchAndDevelopmentExpenses": 6858000, "generalAndAdministrativeExpenses": 0, "sellingAndMarketingExpenses": 0, "sellingGeneralAndAdministrativeExpenses": 9222000, "otherExpenses": 1178000, "operatingExpenses": 17258000, "costAndExpenses": 131111000, "interestIncome": 0, "interestExpense": 4389000, "depreciationAndAmortization": -95000, "ebitda": 5955000, "ebitdaratio": 0.0434161314, "operatingIncome": 6050000, "operatingIncomeRatio": 0.0441087481, "totalOtherIncomeExpensesNet": 95000, "incomeBeforeTax": 5373000, "incomeBeforeTaxRatio": 0.0391729427, "incomeTaxExpense": -1856000, "netIncome": 3517000, "netIncomeRatio": 0.0256413995, "eps": 0.16, "epsdiluted": 0.14, "weightedAverageShsOut": 21714000, "weightedAverageShsOutDil": 25726000, "link": null, "finalLink": null, "calculatedOtherExpenses": 1178000, "calculatedOperatingExpenses": 17258000, "calculatedNetInterest": -4389000, "calculatedOtherIncome": 3712000, "calculatedIncomeNonControlling": 3712000, "calculatedEbitda": 5955000}, {"date": "2002-06-30", "symbol": "SMCI", "reportedCurrency": "USD", "cik": "0001375365", "fillingDate": "2002-06-30", "acceptedDate": "2002-06-30 00:00:00", "calendarYear": "2002", "period": "FY", "revenue": 89339000, "costOfRevenue": 75354000, "grossProfit": 13985000, "grossProfitRatio": 0.1565385778, "researchAndDevelopmentExpenses": 3635000, "generalAndAdministrativeExpenses": 0, "sellingAndMarketingExpenses": 0, "sellingGeneralAndAdministrativeExpenses": 7321000, "otherExpenses": 0, "operatingExpenses": 10956000, "costAndExpenses": 86310000, "interestIncome": 0, "interestExpense": 1255000, "depreciationAndAmortization": -220000, "ebitda": 2809000, "ebitdaratio": 0.0314420354, "operatingIncome": 3029000, "operatingIncomeRatio": 0.0339045658, "totalOtherIncomeExpensesNet": 220000, "incomeBeforeTax": 2630000, "incomeBeforeTaxRatio": 0.0294384311, "incomeTaxExpense": -428000, "netIncome": 2202000, "netIncomeRatio": 0.0246476903, "eps": 0.1, "epsdiluted": 0.09, "weightedAverageShsOut": 21324000, "weightedAverageShsOutDil": 24962000, "link": null, "finalLink": null, "calculatedOtherExpenses": 0, "calculatedOperatingExpenses": 10956000, "calculatedNetInterest": -1255000, "calculatedOtherIncome": 856000, "calculatedIncomeNonControlling": 856000, "calculatedEbitda": 2809000}]}