{"originalCurrency": "USD", "convertedCurrency": "USD", "report": [{"date": "2023-09-30", "symbol": "SMG", "reportedCurrency": "USD", "cik": "0000825542", "fillingDate": "2023-11-22", "acceptedDate": "2023-11-22 16:26:44", "calendarYear": "2023", "period": "FY", "revenue": 3551300000, "costOfRevenue": 2894000000, "grossProfit": 657300000, "grossProfitRatio": 0.1850871512, "researchAndDevelopmentExpenses": 35700000, "generalAndAdministrativeExpenses": 369300000, "sellingAndMarketingExpenses": 123700000, "sellingGeneralAndAdministrativeExpenses": 551300000, "otherExpenses": 300000, "operatingExpenses": 551200000, "costAndExpenses": 3445200000, "interestIncome": 178100000, "interestExpense": 178100000, "depreciationAndAmortization": 92500000, "ebitda": 97800000, "ebitdaratio": 0.027539211, "operatingIncome": -174400000, "operatingIncomeRatio": -0.0491087771, "totalOtherIncomeExpensesNet": -381300000, "incomeBeforeTax": -453300000, "incomeBeforeTaxRatio": -0.1276433982, "incomeTaxExpense": -73200000, "netIncome": -380100000, "netIncomeRatio": -0.107031228, "eps": -6.79, "epsdiluted": -6.79, "weightedAverageShsOut": 56000000, "weightedAverageShsOutDil": 56000000, "link": "https://www.sec.gov/Archives/edgar/data/825542/000154638023000037/0001546380-23-000037-index.htm", "finalLink": "https://www.sec.gov/Archives/edgar/data/825542/000154638023000037/smg-20230930.htm", "calculatedOtherExpenses": 244700000, "calculatedOperatingExpenses": 831700000, "calculatedNetInterest": 0, "calculatedOtherIncome": -278900000, "calculatedIncomeNonControlling": 0, "calculatedEbitda": -81900000}, {"date": "2022-09-30", "symbol": "SMG", "reportedCurrency": "USD", "cik": "0000825542", "fillingDate": "2022-11-28", "acceptedDate": "2022-11-28 08:55:55", "calendarYear": "2022", "period": "FY", "revenue": 3924100000, "costOfRevenue": 3051200000, "grossProfit": 872900000, "grossProfitRatio": 0.2224459112, "researchAndDevelopmentExpenses": 45300000, "generalAndAdministrativeExpenses": 416400000, "sellingAndMarketingExpenses": 120300000, "sellingGeneralAndAdministrativeExpenses": 613000000, "otherExpenses": -44500000, "operatingExpenses": 613800000, "costAndExpenses": 3665000000, "interestIncome": 2700000, "interestExpense": 118100000, "depreciationAndAmortization": 105200000, "ebitda": 358300000, "ebitdaratio": 0.091307561, "operatingIncome": 253100000, "operatingIncomeRatio": 0.064498866, "totalOtherIncomeExpensesNet": -811200000, "incomeBeforeTax": -558100000, "incomeBeforeTaxRatio": -0.1422236946, "incomeTaxExpense": -120600000, "netIncome": -437500000, "netIncomeRatio": -0.1114905329, "eps": -7.88, "epsdiluted": -7.88, "weightedAverageShsOut": 55500000, "weightedAverageShsOutDil": 55500000, "link": "https://www.sec.gov/Archives/edgar/data/825542/000154638022000035/0001546380-22-000035-index.htm", "finalLink": "https://www.sec.gov/Archives/edgar/data/825542/000154638022000035/smg-20220930.htm", "calculatedOtherExpenses": -38500000, "calculatedOperatingExpenses": 619800000, "calculatedNetInterest": -115400000, "calculatedOtherIncome": -695800000, "calculatedIncomeNonControlling": 0, "calculatedEbitda": 358300000}, {"date": "2021-09-30", "symbol": "SMG", "reportedCurrency": "USD", "cik": "0000825542", "fillingDate": "2021-11-23", "acceptedDate": "2021-11-23 16:35:17", "calendarYear": "2021", "period": "FY", "revenue": 4925000000, "costOfRevenue": 3456000000, "grossProfit": 1469000000, "grossProfitRatio": 0.2982741117, "researchAndDevelopmentExpenses": 45400000, "generalAndAdministrativeExpenses": 503300000, "sellingAndMarketingExpenses": 165700000, "sellingGeneralAndAdministrativeExpenses": 743500000, "otherExpenses": -47200000, "operatingExpenses": 741700000, "costAndExpenses": 4197700000, "interestIncome": 4099999, "interestExpense": 78900000, "depreciationAndAmortization": 131100000, "ebitda": 854100000, "ebitdaratio": 0.1734213198, "operatingIncome": 723000000, "operatingIncomeRatio": 0.1468020305, "totalOtherIncomeExpensesNet": -45900000, "incomeBeforeTax": 677100000, "incomeBeforeTaxRatio": 0.1374822335, "incomeTaxExpense": 159800000, "netIncome": 512500000, "netIncomeRatio": 0.1040609137, "eps": 9.2, "epsdiluted": 8.96, "weightedAverageShsOut": 55700000, "weightedAverageShsOutDil": 57200000, "link": "https://www.sec.gov/Archives/edgar/data/825542/000154638021000037/0001546380-21-000037-index.htm", "finalLink": "https://www.sec.gov/Archives/edgar/data/825542/000154638021000037/smg-20210930.htm", "calculatedOtherExpenses": -42900000, "calculatedOperatingExpenses": 746000000, "calculatedNetInterest": -74800001, "calculatedOtherIncome": 28900001, "calculatedIncomeNonControlling": 4800000, "calculatedEbitda": 854100000}, {"date": "2020-09-30", "symbol": "SMG", "reportedCurrency": "USD", "cik": "0000825542", "fillingDate": "2020-11-24", "acceptedDate": "2020-11-24 17:06:25", "calendarYear": "2020", "period": "FY", "revenue": 4131600000, "costOfRevenue": 2784600000, "grossProfit": 1347000000, "grossProfitRatio": 0.3260238164, "researchAndDevelopmentExpenses": 39700000, "generalAndAdministrativeExpenses": 539200000, "sellingAndMarketingExpenses": 147400000, "sellingGeneralAndAdministrativeExpenses": 757800000, "otherExpenses": -36500000, "operatingExpenses": 761000000, "costAndExpenses": 3545600000, "interestIncome": 7600000, "interestExpense": 79600000, "depreciationAndAmortization": 100500000, "ebitda": 685700000, "ebitdaratio": 0.1659647594, "operatingIncome": 585200000, "operatingIncomeRatio": 0.1416400426, "totalOtherIncomeExpensesNet": -74600000, "incomeBeforeTax": 510600000, "incomeBeforeTaxRatio": 0.1235840836, "incomeTaxExpense": 123700000, "netIncome": 387400000, "netIncomeRatio": 0.0937651273, "eps": 6.96, "epsdiluted": 6.81, "weightedAverageShsOut": 55700000, "weightedAverageShsOutDil": 56900000, "link": "https://www.sec.gov/Archives/edgar/data/825542/000154638020000045/0001546380-20-000045-index.htm", "finalLink": "https://www.sec.gov/Archives/edgar/data/825542/000154638020000045/smg-20200930.htm", "calculatedOtherExpenses": -35700000, "calculatedOperatingExpenses": 761800000, "calculatedNetInterest": -72000000, "calculatedOtherIncome": -2600000, "calculatedIncomeNonControlling": -500000, "calculatedEbitda": 685700000}, {"date": "2019-09-30", "symbol": "SMG", "reportedCurrency": "USD", "cik": "0000825542", "fillingDate": "2019-11-27", "acceptedDate": "2019-11-27 09:17:39", "calendarYear": "2019", "period": "FY", "revenue": 3156000000, "costOfRevenue": 2136400000, "grossProfit": 1019600000, "grossProfitRatio": 0.3230671736, "researchAndDevelopmentExpenses": 39600000, "generalAndAdministrativeExpenses": 408500000, "sellingAndMarketingExpenses": 120300000, "sellingGeneralAndAdministrativeExpenses": 601300000, "otherExpenses": -38300000, "operatingExpenses": 602600000, "costAndExpenses": 2739000000, "interestIncome": 8600000, "interestExpense": 101800000, "depreciationAndAmortization": 89300000, "ebitda": 780100000, "ebitdaratio": 0.2471799747, "operatingIncome": 690800000, "operatingIncomeRatio": 0.2188846641, "totalOtherIncomeExpensesNet": -109200000, "incomeBeforeTax": 581600000, "incomeBeforeTaxRatio": 0.1842839037, "incomeTaxExpense": 144900000, "netIncome": 460700000, "netIncomeRatio": 0.1459759189, "eps": 8.3, "epsdiluted": 8.18, "weightedAverageShsOut": 55500000, "weightedAverageShsOutDil": 56300000, "link": "https://www.sec.gov/Archives/edgar/data/825542/000154638019000034/0001546380-19-000034-index.htm", "finalLink": "https://www.sec.gov/Archives/edgar/data/825542/000154638019000034/smg930201910k.htm", "calculatedOtherExpenses": -312100000, "calculatedOperatingExpenses": 328800000, "calculatedNetInterest": -93200000, "calculatedOtherIncome": -16000000, "calculatedIncomeNonControlling": -24000000, "calculatedEbitda": 780100000}, {"date": "2018-09-30", "symbol": "SMG", "reportedCurrency": "USD", "cik": "0000825542", "fillingDate": "2018-11-29", "acceptedDate": "2018-11-29 08:21:16", "calendarYear": "2018", "period": "FY", "revenue": 2663400000, "costOfRevenue": 1798800000, "grossProfit": 864600000, "grossProfitRatio": 0.3246226628, "researchAndDevelopmentExpenses": 42500000, "generalAndAdministrativeExpenses": 364500000, "sellingAndMarketingExpenses": 104200000, "sellingGeneralAndAdministrativeExpenses": 540100000, "otherExpenses": 5000000, "operatingExpenses": 540100000, "costAndExpenses": 2338900000, "interestIncome": 0, "interestExpense": 86400000, "depreciationAndAmortization": 83400000, "ebitda": 417800000, "ebitdaratio": 0.1568671623, "operatingIncome": 198900000, "operatingIncomeRatio": 0.0746789818, "totalOtherIncomeExpensesNet": -122400000, "incomeBeforeTax": 115700000, "incomeBeforeTaxRatio": 0.0434407149, "incomeTaxExpense": -11900000, "netIncome": 63700000, "netIncomeRatio": 0.0239167981, "eps": 1.13, "epsdiluted": 1.12, "weightedAverageShsOut": 56200000, "weightedAverageShsOutDil": 57100000, "link": "https://www.sec.gov/Archives/edgar/data/825542/000154638018000030/0001546380-18-000030-index.htm", "finalLink": "https://www.sec.gov/Archives/edgar/data/825542/000154638018000030/smg930201810k.htm", "calculatedOtherExpenses": 83100000, "calculatedOperatingExpenses": 665700000, "calculatedNetInterest": -86400000, "calculatedOtherIncome": 3200000, "calculatedIncomeNonControlling": 63900000, "calculatedEbitda": 282300000}, {"date": "2017-09-30", "symbol": "SMG", "reportedCurrency": "USD", "cik": "0000825542", "fillingDate": "2017-11-28", "acceptedDate": "2017-11-28 17:27:24", "calendarYear": "2017", "period": "FY", "revenue": 2642100000, "costOfRevenue": 1669500000, "grossProfit": 972600000, "grossProfitRatio": 0.3681162711, "researchAndDevelopmentExpenses": 39900000, "generalAndAdministrativeExpenses": 366100000, "sellingAndMarketingExpenses": 123000000, "sellingGeneralAndAdministrativeExpenses": 550900000, "otherExpenses": 3200000, "operatingExpenses": 550900000, "costAndExpenses": 2220400000, "interestIncome": 10000000, "interestExpense": 76100000, "depreciationAndAmortization": 80100000, "ebitda": 476000000, "ebitdaratio": 0.1801597214, "operatingIncome": 433400000, "operatingIncomeRatio": 0.1640361833, "totalOtherIncomeExpensesNet": -30700000, "incomeBeforeTax": 314900000, "incomeBeforeTaxRatio": 0.1191854964, "incomeTaxExpense": 116600000, "netIncome": 218300000, "netIncomeRatio": 0.0826236706, "eps": 3.68, "epsdiluted": 3.63, "weightedAverageShsOut": 59400000, "weightedAverageShsOutDil": 60200000, "link": "https://www.sec.gov/Archives/edgar/data/825542/000154638017000042/0001546380-17-000042-index.htm", "finalLink": "https://www.sec.gov/Archives/edgar/data/825542/000154638017000042/smg930201710k.htm", "calculatedOtherExpenses": -51600000, "calculatedOperatingExpenses": 539200000, "calculatedNetInterest": -66100000, "calculatedOtherIncome": -52400000, "calculatedIncomeNonControlling": -20000000, "calculatedEbitda": 513500000}, {"date": "2016-09-30", "symbol": "SMG", "reportedCurrency": "USD", "cik": "0000825542", "fillingDate": "2016-11-28", "acceptedDate": "2016-11-28 09:10:39", "calendarYear": "2016", "period": "FY", "revenue": 2836100000, "costOfRevenue": 1840700000, "grossProfit": 995400000, "grossProfitRatio": 0.3509749304, "researchAndDevelopmentExpenses": 45500000, "generalAndAdministrativeExpenses": 402900000, "sellingAndMarketingExpenses": 132200000, "sellingGeneralAndAdministrativeExpenses": 597100000, "otherExpenses": 13800000, "operatingExpenses": 597100000, "costAndExpenses": 2437800000, "interestIncome": 3900000, "interestExpense": 65600000, "depreciationAndAmortization": 73500000, "ebitda": 411100000, "ebitdaratio": 0.1449525757, "operatingIncome": 459300000, "operatingIncomeRatio": 0.1619477451, "totalOtherIncomeExpensesNet": 68800000, "incomeBeforeTax": 392700000, "incomeBeforeTaxRatio": 0.1384647932, "incomeTaxExpense": 139400000, "netIncome": 320300000, "netIncomeRatio": 0.1129367794, "eps": 5.16, "epsdiluted": 5.09, "weightedAverageShsOut": 61100000, "weightedAverageShsOutDil": 62000000, "link": "https://www.sec.gov/Archives/edgar/data/825542/000154638016000078/0001546380-16-000078-index.htm", "finalLink": "https://www.sec.gov/Archives/edgar/data/825542/000154638016000078/smg930201610k.htm", "calculatedOtherExpenses": -106500000, "calculatedOperatingExpenses": 536100000, "calculatedNetInterest": -61700000, "calculatedOtherIncome": -4900000, "calculatedIncomeNonControlling": -67000000, "calculatedEbitda": 532800000}, {"date": "2015-09-30", "symbol": "SMG", "reportedCurrency": "USD", "cik": "0000825542", "fillingDate": "2015-11-24", "acceptedDate": "2015-11-24 16:15:21", "calendarYear": "2015", "period": "FY", "revenue": 3016500000, "costOfRevenue": 1951600000, "grossProfit": 1064900000, "grossProfitRatio": 0.353025029, "researchAndDevelopmentExpenses": 36500000, "generalAndAdministrativeExpenses": 576900000, "sellingAndMarketingExpenses": 121500000, "sellingGeneralAndAdministrativeExpenses": 698400000, "otherExpenses": 6100000, "operatingExpenses": 698400000, "costAndExpenses": 2650000000, "interestIncome": 0, "interestExpense": 50500000, "depreciationAndAmortization": 69000000, "ebitda": 372600000, "ebitdaratio": 0.1235206365, "operatingIncome": 294600000, "operatingIncomeRatio": 0.0976628543, "totalOtherIncomeExpensesNet": -71900000, "incomeBeforeTax": 244100000, "incomeBeforeTaxRatio": 0.0809215979, "incomeTaxExpense": 85400000, "netIncome": 159800000, "netIncomeRatio": 0.0529753025, "eps": 2.62, "epsdiluted": 2.57, "weightedAverageShsOut": 61100000, "weightedAverageShsOutDil": 62200000, "link": "https://www.sec.gov/Archives/edgar/data/825542/000154638015000033/0001546380-15-000033-index.htm", "finalLink": "https://www.sec.gov/Archives/edgar/data/825542/000154638015000033/smg930201510k.htm", "calculatedOtherExpenses": 35400000, "calculatedOperatingExpenses": 770300000, "calculatedNetInterest": -50500000, "calculatedOtherIncome": 0, "calculatedIncomeNonControlling": -1100000, "calculatedEbitda": 363600000}, {"date": "2014-09-30", "symbol": "SMG", "reportedCurrency": "USD", "cik": "0000825542", "fillingDate": "2014-11-25", "acceptedDate": "2014-11-25 16:45:35", "calendarYear": "2014", "period": "FY", "revenue": 2841300000, "costOfRevenue": 1809900000, "grossProfit": 1031400000, "grossProfitRatio": 0.3630028508, "researchAndDevelopmentExpenses": 48400000, "generalAndAdministrativeExpenses": 478300000, "sellingAndMarketingExpenses": 143600000, "sellingGeneralAndAdministrativeExpenses": 680500000, "otherExpenses": 14700000, "operatingExpenses": 680500000, "costAndExpenses": 2490400000, "interestIncome": 0, "interestExpense": 47300000, "depreciationAndAmortization": 64400000, "ebitda": 354900000, "ebitdaratio": 0.1249076127, "operatingIncome": 314600000, "operatingIncomeRatio": 0.1107239644, "totalOtherIncomeExpensesNet": -36300000, "incomeBeforeTax": 256600000, "incomeBeforeTaxRatio": 0.0903107732, "incomeTaxExpense": 91200000, "netIncome": 166500000, "netIncomeRatio": 0.0585999366, "eps": 2.7, "epsdiluted": 2.65, "weightedAverageShsOut": 61600000, "weightedAverageShsOutDil": 62700000, "link": "https://www.sec.gov/Archives/edgar/data/825542/000154638014000035/0001546380-14-000035-index.htm", "finalLink": "https://www.sec.gov/Archives/edgar/data/825542/000154638014000035/smg930201410k.htm", "calculatedOtherExpenses": -12100000, "calculatedOperatingExpenses": 716800000, "calculatedNetInterest": -47300000, "calculatedOtherIncome": -10700000, "calculatedIncomeNonControlling": -1100000, "calculatedEbitda": 379000000}, {"date": "2013-09-30", "symbol": "SMG", "reportedCurrency": "USD", "cik": "0000825542", "fillingDate": "2013-11-20", "acceptedDate": "2013-11-20 17:07:41", "calendarYear": "2013", "period": "FY", "revenue": 2816500000, "costOfRevenue": 1834100000, "grossProfit": 982400000, "grossProfitRatio": 0.3488017042, "researchAndDevelopmentExpenses": 53700000, "generalAndAdministrativeExpenses": 518900000, "sellingAndMarketingExpenses": 142200000, "sellingGeneralAndAdministrativeExpenses": 661100000, "otherExpenses": 10000000, "operatingExpenses": 661100000, "costAndExpenses": 2495200000, "interestIncome": 0, "interestExpense": 59200000, "depreciationAndAmortization": 66100000, "ebitda": 331300000, "ebitdaratio": 0.117628262, "operatingIncome": 313200000, "operatingIncomeRatio": 0.1112018463, "totalOtherIncomeExpensesNet": -8100000, "incomeBeforeTax": 254000000, "incomeBeforeTaxRatio": 0.0901828511, "incomeTaxExpense": 92800000, "netIncome": 161100000, "netIncomeRatio": 0.0571986508, "eps": 2.61, "epsdiluted": 2.57, "weightedAverageShsOut": 61700000, "weightedAverageShsOutDil": 62600000, "link": "https://www.sec.gov/Archives/edgar/data/825542/000154638013000032/0001546380-13-000032-index.htm", "finalLink": "https://www.sec.gov/Archives/edgar/data/825542/000154638013000032/smg-0930201310kf13.htm", "calculatedOtherExpenses": -45600000, "calculatedOperatingExpenses": 669200000, "calculatedNetInterest": -59200000, "calculatedOtherIncome": 0, "calculatedIncomeNonControlling": 100000, "calculatedEbitda": 379300000}, {"date": "2012-09-30", "symbol": "SMG", "reportedCurrency": "USD", "cik": "0000825542", "fillingDate": "2012-11-20", "acceptedDate": "2012-11-20 09:13:44", "calendarYear": "2012", "period": "FY", "revenue": 2826100000, "costOfRevenue": 1864800000, "grossProfit": 961300000, "grossProfitRatio": 0.3401507378, "researchAndDevelopmentExpenses": 58800000, "generalAndAdministrativeExpenses": 536800000, "sellingAndMarketingExpenses": 168900000, "sellingGeneralAndAdministrativeExpenses": 705700000, "otherExpenses": 2900000, "operatingExpenses": 713500000, "costAndExpenses": 2578300000, "interestIncome": 0, "interestExpense": 61800000, "depreciationAndAmortization": 62400000, "ebitda": 250700000, "ebitdaratio": 0.0887088213, "operatingIncome": 243600000, "operatingIncomeRatio": 0.0861965252, "totalOtherIncomeExpensesNet": -4200000, "incomeBeforeTax": 181800000, "incomeBeforeTaxRatio": 0.0643289339, "incomeTaxExpense": 68600000, "netIncome": 106500000, "netIncomeRatio": 0.0376844415, "eps": 1.75, "epsdiluted": 1.71, "weightedAverageShsOut": 61000000, "weightedAverageShsOutDil": 62100000, "link": "https://www.sec.gov/Archives/edgar/data/825542/000154638012000025/0001546380-12-000025-index.htm", "finalLink": "https://www.sec.gov/Archives/edgar/data/825542/000154638012000025/smg930201210k.htm", "calculatedOtherExpenses": -46800000, "calculatedOperatingExpenses": 717700000, "calculatedNetInterest": -61800000, "calculatedOtherIncome": 0, "calculatedIncomeNonControlling": 6700000, "calculatedEbitda": 306000000}, {"date": "2011-09-30", "symbol": "SMG", "reportedCurrency": "USD", "cik": "0000825542", "fillingDate": "2011-11-23", "acceptedDate": "2011-11-23 09:03:03", "calendarYear": "2011", "period": "FY", "revenue": 2835700000, "costOfRevenue": 1832700000, "grossProfit": 1003000000, "grossProfitRatio": 0.3537045527, "researchAndDevelopmentExpenses": 0, "generalAndAdministrativeExpenses": 0, "sellingAndMarketingExpenses": 0, "sellingGeneralAndAdministrativeExpenses": 699900000, "otherExpenses": 0, "operatingExpenses": 698200000, "costAndExpenses": 2530900000, "interestIncome": 0, "interestExpense": 51000000, "depreciationAndAmortization": 61700000, "ebitda": 304800000, "ebitdaratio": 0.1074866876, "operatingIncome": 247000000, "operatingIncomeRatio": 0.0871037134, "totalOtherIncomeExpensesNet": -59000000, "incomeBeforeTax": 194800000, "incomeBeforeTaxRatio": 0.0686955602, "incomeTaxExpense": 72900000, "netIncome": 167900000, "netIncomeRatio": 0.0592093663, "eps": 2.6, "epsdiluted": 2.54, "weightedAverageShsOut": 64700000, "weightedAverageShsOutDil": 66200000, "link": "https://www.sec.gov/Archives/edgar/data/825542/000119312511320616/0001193125-11-320616-index.htm", "finalLink": "https://www.sec.gov/Archives/edgar/data/825542/000119312511320616/d235241d10k.htm", "calculatedOtherExpenses": 56100000, "calculatedOperatingExpenses": 756000000, "calculatedNetInterest": -51000000, "calculatedOtherIncome": -1200000, "calculatedIncomeNonControlling": -46000000, "calculatedEbitda": 308700000}, {"date": "2010-09-30", "symbol": "SMG", "reportedCurrency": "USD", "cik": "0000825542", "fillingDate": "2010-11-24", "acceptedDate": "2010-11-24 17:07:21", "calendarYear": "2010", "period": "FY", "revenue": 3139900000, "costOfRevenue": 1992600000, "grossProfit": 1147300000, "grossProfitRatio": 0.3653938024, "researchAndDevelopmentExpenses": 0, "generalAndAdministrativeExpenses": 0, "sellingAndMarketingExpenses": 0, "sellingGeneralAndAdministrativeExpenses": 752400000, "otherExpenses": -8200000, "operatingExpenses": 744200000, "costAndExpenses": 2736800000, "interestIncome": 0, "interestExpense": 46800000, "depreciationAndAmortization": 59400000, "ebitda": 403100000, "ebitdaratio": 0.1283798847, "operatingIncome": 384600000, "operatingIncomeRatio": 0.1224879773, "totalOtherIncomeExpensesNet": -18500000, "incomeBeforeTax": 337800000, "incomeBeforeTaxRatio": 0.107583044, "incomeTaxExpense": 125400000, "netIncome": 204100000, "netIncomeRatio": 0.0650020701, "eps": 3.08, "epsdiluted": 3.02, "weightedAverageShsOut": 66300000, "weightedAverageShsOutDil": 67600000, "link": "https://www.sec.gov/Archives/edgar/data/825542/000095012310108803/0000950123-10-108803-index.htm", "finalLink": "https://www.sec.gov/Archives/edgar/data/825542/000095012310108803/l40692e10vk.htm", "calculatedOtherExpenses": 10300000, "calculatedOperatingExpenses": 762700000, "calculatedNetInterest": -46800000, "calculatedOtherIncome": 0, "calculatedIncomeNonControlling": 8300000, "calculatedEbitda": 444000000}, {"date": "2009-09-30", "symbol": "SMG", "reportedCurrency": "USD", "cik": "0000825542", "fillingDate": "2009-11-24", "acceptedDate": "2009-11-24 17:14:05", "calendarYear": "2009", "period": "FY", "revenue": 2980700000, "costOfRevenue": 1923100000, "grossProfit": 1057600000, "grossProfitRatio": 0.3548159828, "researchAndDevelopmentExpenses": 0, "generalAndAdministrativeExpenses": 0, "sellingAndMarketingExpenses": 0, "sellingGeneralAndAdministrativeExpenses": 742900000, "otherExpenses": -2200000, "operatingExpenses": 743200000, "costAndExpenses": 2666300000, "interestIncome": 0, "interestExpense": 56400000, "depreciationAndAmortization": 60400000, "ebitda": 374800000, "ebitdaratio": 0.1257422753, "operatingIncome": 297600000, "operatingIncomeRatio": 0.0998423189, "totalOtherIncomeExpensesNet": -16800000, "incomeBeforeTax": 241200000, "incomeBeforeTaxRatio": 0.0809205891, "incomeTaxExpense": 86600000, "netIncome": 153300000, "netIncomeRatio": 0.0514308719, "eps": 2.36, "epsdiluted": 2.32, "weightedAverageShsOut": 64957627, "weightedAverageShsOutDil": 66077586, "link": "https://www.sec.gov/Archives/edgar/data/825542/000095012309065759/0000950123-09-065759-index.htm", "finalLink": "https://www.sec.gov/Archives/edgar/data/825542/000095012309065759/l38095e10vk.htm", "calculatedOtherExpenses": 17100000, "calculatedOperatingExpenses": 760000000, "calculatedNetInterest": -56400000, "calculatedOtherIncome": 0, "calculatedIncomeNonControlling": 1300000, "calculatedEbitda": 358000000}, {"date": "2008-09-30", "symbol": "SMG", "reportedCurrency": "USD", "cik": "0000825542", "fillingDate": "2008-11-25", "acceptedDate": "2008-11-25 17:29:35", "calendarYear": "2008", "period": "FY", "revenue": 2981800000, "costOfRevenue": 2042200000, "grossProfit": 939600000, "grossProfitRatio": 0.3151116775, "researchAndDevelopmentExpenses": 0, "generalAndAdministrativeExpenses": 0, "sellingAndMarketingExpenses": 0, "sellingGeneralAndAdministrativeExpenses": 717600000, "otherExpenses": 124000000, "operatingExpenses": 841600000, "costAndExpenses": 2883800000, "interestIncome": 0, "interestExpense": 0, "depreciationAndAmortization": 70300000, "ebitda": 292300000, "ebitdaratio": 0.0980280368, "operatingIncome": 98000000, "operatingIncomeRatio": 0.0328660541, "totalOtherIncomeExpensesNet": -124000000, "incomeBeforeTax": 15800000, "incomeBeforeTaxRatio": 0.0052988128, "incomeTaxExpense": 26700000, "netIncome": -10900000, "netIncomeRatio": -0.0036555101, "eps": -0.17, "epsdiluted": -0.17, "weightedAverageShsOut": 64500000, "weightedAverageShsOutDil": 64500000, "link": "https://www.sec.gov/Archives/edgar/data/825542/000095015208009725/0000950152-08-009725-index.htm", "finalLink": "https://www.sec.gov/Archives/edgar/data/825542/000095015208009725/l34070ae10vk.htm", "calculatedOtherExpenses": 124000000, "calculatedOperatingExpenses": 841600000, "calculatedNetInterest": 0, "calculatedOtherIncome": -82200000, "calculatedIncomeNonControlling": 0, "calculatedEbitda": 168300000}, {"date": "2007-09-30", "symbol": "SMG", "reportedCurrency": "USD", "cik": "0000825542", "fillingDate": "2007-11-29", "acceptedDate": "2007-11-29 17:12:09", "calendarYear": "2007", "period": "FY", "revenue": 2871800000, "costOfRevenue": 1867300000, "grossProfit": 1004500000, "grossProfitRatio": 0.3497806254, "researchAndDevelopmentExpenses": 0, "generalAndAdministrativeExpenses": 0, "sellingAndMarketingExpenses": 0, "sellingGeneralAndAdministrativeExpenses": 700900000, "otherExpenses": 23700000, "operatingExpenses": 724600000, "costAndExpenses": 2591900000, "interestIncome": 0, "interestExpense": 0, "depreciationAndAmortization": 67500000, "ebitda": 392200000, "ebitdaratio": 0.136569399, "operatingIncome": 277200000, "operatingIncomeRatio": 0.0965248276, "totalOtherIncomeExpensesNet": -44800000, "incomeBeforeTax": 188100000, "incomeBeforeTaxRatio": 0.0654989902, "incomeTaxExpense": 74700000, "netIncome": 113400000, "netIncomeRatio": 0.0394874295, "eps": 1.74, "epsdiluted": 1.69, "weightedAverageShsOut": 65200000, "weightedAverageShsOutDil": 67100592, "link": "https://www.sec.gov/Archives/edgar/data/825542/000095015207009349/0000950152-07-009349-index.htm", "finalLink": "https://www.sec.gov/Archives/edgar/data/825542/000095015207009349/l28885ae10vk.htm", "calculatedOtherExpenses": 26400000, "calculatedOperatingExpenses": 727300000, "calculatedNetInterest": 0, "calculatedOtherIncome": -89100000, "calculatedIncomeNonControlling": 0, "calculatedEbitda": 344700000}, {"date": "2006-09-30", "symbol": "SMG", "reportedCurrency": "USD", "cik": "0000825542", "fillingDate": "2006-12-14", "acceptedDate": "2006-12-14 15:37:54", "calendarYear": "2006", "period": "FY", "revenue": 2697100000, "costOfRevenue": 1741200000, "grossProfit": 955900000, "grossProfitRatio": 0.3544177079, "researchAndDevelopmentExpenses": 0, "generalAndAdministrativeExpenses": 0, "sellingAndMarketingExpenses": 0, "sellingGeneralAndAdministrativeExpenses": 636900000, "otherExpenses": 57200000, "operatingExpenses": 694100000, "costAndExpenses": 2435300000, "interestIncome": 0, "interestExpense": 0, "depreciationAndAmortization": 67000000, "ebitda": 395300000, "ebitdaratio": 0.1465648289, "operatingIncome": 252500000, "operatingIncomeRatio": 0.0936190723, "totalOtherIncomeExpensesNet": -66500000, "incomeBeforeTax": 212900000, "incomeBeforeTaxRatio": 0.0789366356, "incomeTaxExpense": 80200000, "netIncome": 132700000, "netIncomeRatio": 0.0492009937, "eps": 1.97, "epsdiluted": 1.91, "weightedAverageShsOut": 67360406, "weightedAverageShsOutDil": 69476440, "link": "https://www.sec.gov/Archives/edgar/data/825542/000095015206010156/0000950152-06-010156-index.htm", "finalLink": "https://www.sec.gov/Archives/edgar/data/825542/000095015206010156/l23626ae10vk.htm", "calculatedOtherExpenses": 66500000, "calculatedOperatingExpenses": 703400000, "calculatedNetInterest": 0, "calculatedOtherIncome": -39600000, "calculatedIncomeNonControlling": 0, "calculatedEbitda": 319500000}, {"date": "2005-09-30", "symbol": "SMG", "reportedCurrency": "USD", "cik": "0000825542", "fillingDate": "2005-12-15", "acceptedDate": "2005-12-14 17:34:40", "calendarYear": "2005", "period": "FY", "revenue": 2369300000, "costOfRevenue": 1509200000, "grossProfit": 860100000, "grossProfitRatio": 0.3630186131, "researchAndDevelopmentExpenses": 0, "generalAndAdministrativeExpenses": 0, "sellingAndMarketingExpenses": 0, "sellingGeneralAndAdministrativeExpenses": 633800000, "otherExpenses": 26000000, "operatingExpenses": 659800000, "costAndExpenses": 2169000000, "interestIncome": 0, "interestExpense": 0, "depreciationAndAmortization": 67200000, "ebitda": 292900000, "ebitdaratio": 0.123623011, "operatingIncome": 200900000, "operatingIncomeRatio": 0.0847929768, "totalOtherIncomeExpensesNet": -25400000, "incomeBeforeTax": 158100000, "incomeBeforeTaxRatio": 0.0667285696, "incomeTaxExpense": 57700000, "netIncome": 100600000, "netIncomeRatio": 0.0424597983, "eps": 1.51, "epsdiluted": 1.47, "weightedAverageShsOut": 66622517, "weightedAverageShsOutDil": 68435374, "link": "https://www.sec.gov/Archives/edgar/data/825542/000095015205009969/0000950152-05-009969-index.htm", "finalLink": "https://www.sec.gov/Archives/edgar/data/825542/000095015205009969/l17406ae10vk.htm", "calculatedOtherExpenses": 25400000, "calculatedOperatingExpenses": 659200000, "calculatedNetInterest": 0, "calculatedOtherIncome": -42800000, "calculatedIncomeNonControlling": -200000, "calculatedEbitda": 268100000}, {"date": "2004-09-30", "symbol": "SMG", "reportedCurrency": "USD", "cik": "0000825542", "fillingDate": "2004-11-24", "acceptedDate": "2004-11-24 17:28:21", "calendarYear": "2004", "period": "FY", "revenue": 2037900000, "costOfRevenue": 1267600000, "grossProfit": 770300000, "grossProfitRatio": 0.3779871436, "researchAndDevelopmentExpenses": 0, "generalAndAdministrativeExpenses": 459600000, "sellingAndMarketingExpenses": 105000000, "sellingGeneralAndAdministrativeExpenses": 564600000, "otherExpenses": -57400000, "operatingExpenses": 507200000, "costAndExpenses": 1774800000, "interestIncome": 0, "interestExpense": 0, "depreciationAndAmortization": 57700000, "ebitda": 307600000, "ebitdaratio": 0.1509396928, "operatingIncome": 252800000, "operatingIncomeRatio": 0.1240492664, "totalOtherIncomeExpensesNet": 13200000, "incomeBeforeTax": 158500000, "incomeBeforeTaxRatio": 0.0777761421, "incomeTaxExpense": 58000000, "netIncome": 100900000, "netIncomeRatio": 0.0495117523, "eps": 1.56, "epsdiluted": 1.52, "weightedAverageShsOut": 64679487, "weightedAverageShsOutDil": 66381579, "link": "https://www.sec.gov/Archives/edgar/data/825542/000095015204008595/0000950152-04-008595-index.htm", "finalLink": "https://www.sec.gov/Archives/edgar/data/825542/000095015204008595/l10620ae10vk.htm", "calculatedOtherExpenses": -47100000, "calculatedOperatingExpenses": 517500000, "calculatedNetInterest": 0, "calculatedOtherIncome": -94300000, "calculatedIncomeNonControlling": -400000, "calculatedEbitda": 310500000}, {"date": "2003-09-30", "symbol": "SMG", "reportedCurrency": "USD", "cik": "0000825542", "fillingDate": "2003-12-11", "acceptedDate": "2003-12-11 06:24:19", "calendarYear": "2003", "period": "FY", "revenue": 1910100000, "costOfRevenue": 1210200000, "grossProfit": 699900000, "grossProfitRatio": 0.3664206063, "researchAndDevelopmentExpenses": 0, "generalAndAdministrativeExpenses": 372400000, "sellingAndMarketingExpenses": 97700000, "sellingGeneralAndAdministrativeExpenses": 470100000, "otherExpenses": -28900000, "operatingExpenses": 441200000, "costAndExpenses": 1651400000, "interestIncome": 0, "interestExpense": 0, "depreciationAndAmortization": 52200000, "ebitda": 299600000, "ebitdaratio": 0.1568504267, "operatingIncome": 232500000, "operatingIncomeRatio": 0.1217213758, "totalOtherIncomeExpensesNet": 11300000, "incomeBeforeTax": 16300000, "incomeBeforeTaxRatio": 0.0085335846, "incomeTaxExpense": 59500000, "netIncome": 103800000, "netIncomeRatio": 0.0543427046, "eps": 1.68, "epsdiluted": 1.62, "weightedAverageShsOut": 61785714, "weightedAverageShsOutDil": 64074074, "link": "https://www.sec.gov/Archives/edgar/data/825542/000095012303013672/0000950123-03-013672-index.htm", "finalLink": "https://www.sec.gov/Archives/edgar/data/825542/000095012303013672/l04215ae10vk.txt", "calculatedOtherExpenses": -2700000, "calculatedOperatingExpenses": 467400000, "calculatedNetInterest": 0, "calculatedOtherIncome": -216200000, "calculatedIncomeNonControlling": -147000000, "calculatedEbitda": 284700000}, {"date": "2002-09-30", "symbol": "SMG", "reportedCurrency": "USD", "cik": "0000825542", "fillingDate": "2002-12-12", "acceptedDate": "2002-12-12 16:53:21", "calendarYear": "2002", "period": "FY", "revenue": 1760600000, "costOfRevenue": 1124000000, "grossProfit": 636600000, "grossProfitRatio": 0.3615812791, "researchAndDevelopmentExpenses": 0, "generalAndAdministrativeExpenses": 329600000, "sellingAndMarketingExpenses": 82200000, "sellingGeneralAndAdministrativeExpenses": 411800000, "otherExpenses": -24200000, "operatingExpenses": 387600000, "costAndExpenses": 1511600000, "interestIncome": 0, "interestExpense": 0, "depreciationAndAmortization": 43500000, "ebitda": 272400000, "ebitdaratio": 0.1547199818, "operatingIncome": 239200000, "operatingIncomeRatio": 0.1358627741, "totalOtherIncomeExpensesNet": 20100000, "incomeBeforeTax": 162900000, "incomeBeforeTaxRatio": 0.0925252755, "incomeTaxExpense": 61900000, "netIncome": 82500000, "netIncomeRatio": 0.0468590253, "eps": 1.41, "epsdiluted": 1.31, "weightedAverageShsOut": 58600000, "weightedAverageShsOutDil": 63400000, "link": "https://www.sec.gov/Archives/edgar/data/825542/000095015202009259/0000950152-02-009259-index.htm", "finalLink": "https://www.sec.gov/Archives/edgar/data/825542/000095015202009259/l97330ae10vk.txt", "calculatedOtherExpenses": -14400000, "calculatedOperatingExpenses": 397400000, "calculatedNetInterest": 0, "calculatedOtherIncome": -76300000, "calculatedIncomeNonControlling": 18500000, "calculatedEbitda": 282700000}, {"date": "2001-09-30", "symbol": "SMG", "reportedCurrency": "USD", "cik": "0000825542", "fillingDate": "2001-12-14", "acceptedDate": "2001-12-14 00:00:00", "calendarYear": "2001", "period": "FY", "revenue": 1747700000, "costOfRevenue": 1089000000, "grossProfit": 658700000, "grossProfitRatio": 0.3768953482, "researchAndDevelopmentExpenses": 0, "generalAndAdministrativeExpenses": 317200000, "sellingAndMarketingExpenses": 151000000, "sellingGeneralAndAdministrativeExpenses": 468200000, "otherExpenses": -8900000, "operatingExpenses": 459300000, "costAndExpenses": 1548300000, "interestIncome": 0, "interestExpense": 0, "depreciationAndAmortization": 63600000, "ebitda": 309400000, "ebitdaratio": 0.1770326715, "operatingIncome": 116400000, "operatingIncomeRatio": 0.0666018195, "totalOtherIncomeExpensesNet": -46400000, "incomeBeforeTax": 28700000, "incomeBeforeTaxRatio": 0.0164215827, "incomeTaxExpense": 13200000, "netIncome": 15500000, "netIncomeRatio": 0.008868799, "eps": 0.27, "epsdiluted": 0.25, "weightedAverageShsOut": 57407407, "weightedAverageShsOutDil": 62000000, "link": "https://www.sec.gov/Archives/edgar/data/825542/000095015201506415/0000950152-01-506415-index.htm", "finalLink": "https://www.sec.gov/Archives/edgar/data/825542/000095015201506415/l90295ae10-k.txt", "calculatedOtherExpenses": 74100000, "calculatedOperatingExpenses": 542300000, "calculatedNetInterest": 0, "calculatedOtherIncome": -87700000, "calculatedIncomeNonControlling": 0, "calculatedEbitda": 180000000}, {"date": "2000-09-30", "symbol": "SMG", "reportedCurrency": "USD", "cik": "0000825542", "fillingDate": "2000-12-28", "acceptedDate": "2000-12-28 00:00:00", "calendarYear": "2000", "period": "FY", "revenue": 1764300000, "costOfRevenue": 1011300000, "grossProfit": 753000000, "grossProfitRatio": 0.4267981636, "researchAndDevelopmentExpenses": 0, "generalAndAdministrativeExpenses": 0, "sellingAndMarketingExpenses": 0, "sellingGeneralAndAdministrativeExpenses": 511800000, "otherExpenses": 66300000, "operatingExpenses": 578100000, "costAndExpenses": 1589400000, "interestIncome": 0, "interestExpense": 0, "depreciationAndAmortization": 66300000, "ebitda": 205900000, "ebitdaratio": 0.1167035085, "operatingIncome": 174900000, "operatingIncomeRatio": 0.0991328005, "totalOtherIncomeExpensesNet": 35300000, "incomeBeforeTax": 116300000, "incomeBeforeTaxRatio": 0.0659184946, "incomeTaxExpense": 43200000, "netIncome": 73100000, "netIncomeRatio": 0.0414328629, "eps": 1.2, "epsdiluted": 1.13, "weightedAverageShsOut": 55800000, "weightedAverageShsOutDil": 59200000, "link": "https://www.sec.gov/Archives/edgar/data/825542/000095015200008701/0000950152-00-008701-index.htm", "finalLink": "https://www.sec.gov/Archives/edgar/data/825542/000095015200008701/l84098ae10-k.txt", "calculatedOtherExpenses": 66300000, "calculatedOperatingExpenses": 578100000, "calculatedNetInterest": 0, "calculatedOtherIncome": -58600000, "calculatedIncomeNonControlling": 0, "calculatedEbitda": 241200000}, {"date": "1999-09-30", "symbol": "SMG", "reportedCurrency": "USD", "cik": "0000825542", "fillingDate": "1999-12-23", "acceptedDate": "1999-12-23 00:00:00", "calendarYear": "1999", "period": "FY", "revenue": 1648300000, "costOfRevenue": 954300000, "grossProfit": 694000000, "grossProfitRatio": 0.4210398592, "researchAndDevelopmentExpenses": 0, "generalAndAdministrativeExpenses": 0, "sellingAndMarketingExpenses": 0, "sellingGeneralAndAdministrativeExpenses": 470200000, "otherExpenses": 60200000, "operatingExpenses": 530400000, "costAndExpenses": 1484700000, "interestIncome": 0, "interestExpense": 0, "depreciationAndAmortization": 60200000, "ebitda": 191300000, "ebitdaratio": 0.1160589698, "operatingIncome": 163600000, "operatingIncomeRatio": 0.0992537766, "totalOtherIncomeExpensesNet": 32500000, "incomeBeforeTax": 117000000, "incomeBeforeTaxRatio": 0.0709822241, "incomeTaxExpense": 47900000, "netIncome": 63200000, "netIncomeRatio": 0.0383425347, "eps": 1.47, "epsdiluted": 1.04, "weightedAverageShsOut": 36600000, "weightedAverageShsOutDil": 61000000, "link": "https://www.sec.gov/Archives/edgar/data/825542/000095015299009899/0000950152-99-009899-index.html", "finalLink": "https://www.sec.gov/Archives/edgar/data/825542/000095015299009899/", "calculatedOtherExpenses": 60200000, "calculatedOperatingExpenses": 530400000, "calculatedNetInterest": 0, "calculatedOtherIncome": -46600000, "calculatedIncomeNonControlling": 5900000, "calculatedEbitda": 223800000}, {"date": "1998-09-30", "symbol": "SMG", "reportedCurrency": "USD", "cik": "0000825542", "fillingDate": "1998-12-21", "acceptedDate": "1998-12-21 00:00:00", "calendarYear": "1998", "period": "FY", "revenue": 1113000000, "costOfRevenue": 690100000, "grossProfit": 422900000, "grossProfitRatio": 0.3799640611, "researchAndDevelopmentExpenses": 0, "generalAndAdministrativeExpenses": 0, "sellingAndMarketingExpenses": 0, "sellingGeneralAndAdministrativeExpenses": 271600000, "otherExpenses": 37800000, "operatingExpenses": 309400000, "costAndExpenses": 999500000, "interestIncome": 0, "interestExpense": 0, "depreciationAndAmortization": 37800000, "ebitda": 170700000, "ebitdaratio": 0.1533692722, "operatingIncome": 113500000, "operatingIncomeRatio": 0.1019766397, "totalOtherIncomeExpensesNet": -19400000, "incomeBeforeTax": 61900000, "incomeBeforeTaxRatio": 0.0556154537, "incomeTaxExpense": 24900000, "netIncome": 36300000, "netIncomeRatio": 0.0326145553, "eps": 0.71, "epsdiluted": 0.6, "weightedAverageShsOut": 37400000, "weightedAverageShsOutDil": 60600000, "link": "https://www.sec.gov/Archives/edgar/data/825542/000095015298009704/0000950152-98-009704-index.html", "finalLink": "https://www.sec.gov/Archives/edgar/data/825542/", "calculatedOtherExpenses": 37800000, "calculatedOperatingExpenses": 309400000, "calculatedNetInterest": 0, "calculatedOtherIncome": -51600000, "calculatedIncomeNonControlling": 700000, "calculatedEbitda": 151300000}, {"date": "1997-09-30", "symbol": "SMG", "reportedCurrency": "USD", "cik": "0000825542", "fillingDate": "1997-12-19", "acceptedDate": "1997-12-19 00:00:00", "calendarYear": "1997", "period": "FY", "revenue": 900800000, "costOfRevenue": 553400000, "grossProfit": 347400000, "grossProfitRatio": 0.3856571936, "researchAndDevelopmentExpenses": 0, "generalAndAdministrativeExpenses": 0, "sellingAndMarketingExpenses": 0, "sellingGeneralAndAdministrativeExpenses": 214400000, "otherExpenses": 30400000, "operatingExpenses": 244800000, "costAndExpenses": 798200000, "interestIncome": 0, "interestExpense": 0, "depreciationAndAmortization": 30400000, "ebitda": 139300000, "ebitdaratio": 0.1546403197, "operatingIncome": 102600000, "operatingIncomeRatio": 0.1138987567, "totalOtherIncomeExpensesNet": -6300000, "incomeBeforeTax": 69600000, "incomeBeforeTaxRatio": 0.0772646536, "incomeTaxExpense": 30100000, "netIncome": 39500000, "netIncomeRatio": 0.0438499112, "eps": 0.8, "epsdiluted": 0.68, "weightedAverageShsOut": 37125000, "weightedAverageShsOutDil": 44000000, "link": "https://www.sec.gov/Archives/edgar/data/825542/000095015297008729/0000950152-97-008729-index.html", "finalLink": "https://www.sec.gov/Archives/edgar/data/825542/", "calculatedOtherExpenses": 30400000, "calculatedOperatingExpenses": 244800000, "calculatedNetInterest": 0, "calculatedOtherIncome": -33000000, "calculatedIncomeNonControlling": 0, "calculatedEbitda": 133000000}, {"date": "1996-09-30", "symbol": "SMG", "reportedCurrency": "USD", "cik": "0000825542", "fillingDate": "1996-12-30", "acceptedDate": "1996-12-30 00:00:00", "calendarYear": "1996", "period": "FY", "revenue": 751900000, "costOfRevenue": 393600000, "grossProfit": 358300000, "grossProfitRatio": 0.4765261338, "researchAndDevelopmentExpenses": 0, "generalAndAdministrativeExpenses": 0, "sellingAndMarketingExpenses": 0, "sellingGeneralAndAdministrativeExpenses": 281000000, "otherExpenses": 29300000, "operatingExpenses": 310300000, "costAndExpenses": 703900000, "interestIncome": 0, "interestExpense": 0, "depreciationAndAmortization": 29300000, "ebitda": 97500000, "ebitdaratio": 0.1296714989, "operatingIncome": 48000000, "operatingIncomeRatio": 0.0638382764, "totalOtherIncomeExpensesNet": -20200000, "incomeBeforeTax": 1300000, "incomeBeforeTaxRatio": 0.0017289533, "incomeTaxExpense": 3800000, "netIncome": -2500000, "netIncomeRatio": -0.0033249102, "eps": -0.0661, "epsdiluted": -0.0661, "weightedAverageShsOut": 37846154, "weightedAverageShsOutDil": 37846154, "link": "https://www.sec.gov/Archives/edgar/data/825542/000091205796030425/0000912057-96-030425-index.html", "finalLink": "https://www.sec.gov/Archives/edgar/data/825542/", "calculatedOtherExpenses": 29300000, "calculatedOperatingExpenses": 310300000, "calculatedNetInterest": 0, "calculatedOtherIncome": -46700000, "calculatedIncomeNonControlling": 0, "calculatedEbitda": 77300000}, {"date": "1995-09-30", "symbol": "SMG", "reportedCurrency": "USD", "cik": "0000825542", "fillingDate": "1995-12-29", "acceptedDate": "1995-12-29 00:00:00", "calendarYear": "1995", "period": "FY", "revenue": 732800000, "costOfRevenue": 368700000, "grossProfit": 364100000, "grossProfitRatio": 0.4968613537, "researchAndDevelopmentExpenses": 0, "generalAndAdministrativeExpenses": 0, "sellingAndMarketingExpenses": 0, "sellingGeneralAndAdministrativeExpenses": 271600000, "otherExpenses": 25700000, "operatingExpenses": 297300000, "costAndExpenses": 666000000, "interestIncome": 0, "interestExpense": 0, "depreciationAndAmortization": 25700000, "ebitda": 92500000, "ebitdaratio": 0.1262281659, "operatingIncome": 66800000, "operatingIncomeRatio": 0.0911572052, "totalOtherIncomeExpensesNet": -26100000, "incomeBeforeTax": 40700000, "incomeBeforeTaxRatio": 0.055540393, "incomeTaxExpense": 15600000, "netIncome": 25100000, "netIncomeRatio": 0.0342521834, "eps": 0.56, "epsdiluted": 0.56, "weightedAverageShsOut": 45234000, "weightedAverageShsOutDil": 45234000, "link": "https://www.sec.gov/Archives/edgar/data/825542/000089646395000153/0000896463-95-000153-index.html", "finalLink": "https://www.sec.gov/Archives/edgar/data/825542/", "calculatedOtherExpenses": 25700000, "calculatedOperatingExpenses": 297300000, "calculatedNetInterest": 0, "calculatedOtherIncome": -26100000, "calculatedIncomeNonControlling": 0, "calculatedEbitda": 92500000}, {"date": "1994-09-30", "symbol": "SMG", "reportedCurrency": "USD", "cik": "0000825542", "fillingDate": "1994-12-29", "acceptedDate": "1994-12-29 00:00:00", "calendarYear": "1994", "period": "FY", "revenue": 606300000, "costOfRevenue": 297700000, "grossProfit": 308600000, "grossProfitRatio": 0.5089889494, "researchAndDevelopmentExpenses": 0, "generalAndAdministrativeExpenses": 0, "sellingAndMarketingExpenses": 0, "sellingGeneralAndAdministrativeExpenses": 227400000, "otherExpenses": 22000000, "operatingExpenses": 249400000, "costAndExpenses": 547100000, "interestIncome": 0, "interestExpense": 0, "depreciationAndAmortization": 22000000, "ebitda": 81200000, "ebitdaratio": 0.1339270988, "operatingIncome": 59200000, "operatingIncomeRatio": 0.0976414316, "totalOtherIncomeExpensesNet": -17400000, "incomeBeforeTax": 41800000, "incomeBeforeTaxRatio": 0.0689427676, "incomeTaxExpense": 17900000, "netIncome": 22900000, "netIncomeRatio": 0.0377700808, "eps": 0.61, "epsdiluted": 0.61, "weightedAverageShsOut": 37570000, "weightedAverageShsOutDil": 37657658, "link": "https://www.sec.gov/Archives/edgar/data/825542/000089646394000118/0000896463-94-000118-index.html", "finalLink": "https://www.sec.gov/Archives/edgar/data/825542/", "calculatedOtherExpenses": 22000000, "calculatedOperatingExpenses": 249400000, "calculatedNetInterest": 0, "calculatedOtherIncome": -17400000, "calculatedIncomeNonControlling": 1000000, "calculatedEbitda": 81200000}, {"date": "1993-09-30", "symbol": "SMG", "reportedCurrency": "USD", "cik": "0000825542", "fillingDate": "1993-09-30", "acceptedDate": "1993-09-29 20:00:00", "calendarYear": "1993", "period": "FY", "revenue": 466000000, "costOfRevenue": 226100000, "grossProfit": 239900000, "grossProfitRatio": 0.514806867, "researchAndDevelopmentExpenses": 0, "generalAndAdministrativeExpenses": 0, "sellingAndMarketingExpenses": 0, "sellingGeneralAndAdministrativeExpenses": 177400000, "otherExpenses": 18100000, "operatingExpenses": 195500000, "costAndExpenses": 421600000, "interestIncome": 0, "interestExpense": 0, "depreciationAndAmortization": 18100000, "ebitda": 62500000, "ebitdaratio": 0.1341201717, "operatingIncome": 44400000, "operatingIncomeRatio": 0.09527897, "totalOtherIncomeExpensesNet": -9100000, "incomeBeforeTax": 35300000, "incomeBeforeTaxRatio": 0.075751073, "incomeTaxExpense": 14300000, "netIncome": 7800000, "netIncomeRatio": 0.0167381974, "eps": 0.2, "epsdiluted": 0.2, "weightedAverageShsOut": 39000000, "weightedAverageShsOutDil": 39000000, "link": "", "finalLink": "", "calculatedOtherExpenses": 18100000, "calculatedOperatingExpenses": 195500000, "calculatedNetInterest": 0, "calculatedOtherIncome": -9100000, "calculatedIncomeNonControlling": 13200000, "calculatedEbitda": 62500000}, {"date": "1992-09-30", "symbol": "SMG", "reportedCurrency": "USD", "cik": "0000825542", "fillingDate": "1992-09-30", "acceptedDate": "1992-09-29 20:00:00", "calendarYear": "1992", "period": "FY", "revenue": 412800000, "costOfRevenue": 197400000, "grossProfit": 215400000, "grossProfitRatio": 0.5218023256, "researchAndDevelopmentExpenses": 0, "generalAndAdministrativeExpenses": 0, "sellingAndMarketingExpenses": 0, "sellingGeneralAndAdministrativeExpenses": 157000000, "otherExpenses": 15800000, "operatingExpenses": 172800000, "costAndExpenses": 370200000, "interestIncome": 0, "interestExpense": 0, "depreciationAndAmortization": 15800000, "ebitda": 58400000, "ebitdaratio": 0.1414728682, "operatingIncome": 42600000, "operatingIncomeRatio": 0.1031976744, "totalOtherIncomeExpensesNet": -16400000, "incomeBeforeTax": 26200000, "incomeBeforeTaxRatio": 0.0634689922, "incomeTaxExpense": 11100000, "netIncome": 15600000, "netIncomeRatio": 0.0377906977, "eps": 0.44, "epsdiluted": 0.44, "weightedAverageShsOut": 35862069, "weightedAverageShsOutDil": 35862069, "link": "", "finalLink": "", "calculatedOtherExpenses": 15800000, "calculatedOperatingExpenses": 172800000, "calculatedNetInterest": 0, "calculatedOtherIncome": -16400000, "calculatedIncomeNonControlling": -500000, "calculatedEbitda": 58400000}, {"date": "1991-09-30", "symbol": "SMG", "reportedCurrency": "USD", "cik": "0000825542", "fillingDate": "1991-09-30", "acceptedDate": "1991-09-29 20:00:00", "calendarYear": "1991", "period": "FY", "revenue": 388100000, "costOfRevenue": 197700000, "grossProfit": 190400000, "grossProfitRatio": 0.4905952074, "researchAndDevelopmentExpenses": 0, "generalAndAdministrativeExpenses": 0, "sellingAndMarketingExpenses": 0, "sellingGeneralAndAdministrativeExpenses": 142200000, "otherExpenses": 10700000, "operatingExpenses": 152900000, "costAndExpenses": 350600000, "interestIncome": 0, "interestExpense": 0, "depreciationAndAmortization": 10700000, "ebitda": 50400000, "ebitdaratio": 0.1298634373, "operatingIncome": 37500000, "operatingIncomeRatio": 0.0966245813, "totalOtherIncomeExpensesNet": -2200000, "incomeBeforeTax": 4400000, "incomeBeforeTaxRatio": 0.0113372842, "incomeTaxExpense": 2700000, "netIncome": 1700000, "netIncomeRatio": 0.0043803144, "eps": 0.075, "epsdiluted": 0.075, "weightedAverageShsOut": 50000000, "weightedAverageShsOutDil": 50000000, "link": "", "finalLink": "", "calculatedOtherExpenses": 10700000, "calculatedOperatingExpenses": 152900000, "calculatedNetInterest": 0, "calculatedOtherIncome": -33100000, "calculatedIncomeNonControlling": 0, "calculatedEbitda": 48200000}, {"date": "1990-09-30", "symbol": "SMG", "reportedCurrency": "USD", "cik": "0000825542", "fillingDate": "1990-09-30", "acceptedDate": "1990-09-29 20:00:00", "calendarYear": "1990", "period": "FY", "revenue": 350400000, "costOfRevenue": 176900000, "grossProfit": 173500000, "grossProfitRatio": 0.4951484018, "researchAndDevelopmentExpenses": 0, "generalAndAdministrativeExpenses": 0, "sellingAndMarketingExpenses": 0, "sellingGeneralAndAdministrativeExpenses": 132500000, "otherExpenses": 10300000, "operatingExpenses": 142800000, "costAndExpenses": 319700000, "interestIncome": 0, "interestExpense": 0, "depreciationAndAmortization": 10300000, "ebitda": 44000000, "ebitdaratio": 0.1255707763, "operatingIncome": 30700000, "operatingIncomeRatio": 0.0876141553, "totalOtherIncomeExpensesNet": -3000000, "incomeBeforeTax": -6800000, "incomeBeforeTaxRatio": -0.0194063927, "incomeTaxExpense": 100000, "netIncome": -6900000, "netIncomeRatio": -0.0196917808, "eps": -0.19, "epsdiluted": -0.19, "weightedAverageShsOut": 36315789, "weightedAverageShsOutDil": 36315789, "link": "", "finalLink": "", "calculatedOtherExpenses": 10300000, "calculatedOperatingExpenses": 142800000, "calculatedNetInterest": 0, "calculatedOtherIncome": -37500000, "calculatedIncomeNonControlling": 0, "calculatedEbitda": 41000000}]}