{"originalCurrency": "USD", "convertedCurrency": "USD", "report": [{"date": "2023-12-31", "symbol": "SMMT", "reportedCurrency": "USD", "cik": "0001599298", "fillingDate": "2024-02-20", "acceptedDate": "2024-02-20 07:32:56", "calendarYear": "2023", "period": "FY", "revenue": 0, "costOfRevenue": 2050000, "grossProfit": -2050000, "grossProfitRatio": 0, "researchAndDevelopmentExpenses": 59471000, "generalAndAdministrativeExpenses": 23740773, "sellingAndMarketingExpenses": -2050000, "sellingGeneralAndAdministrativeExpenses": 28215000, "otherExpenses": 520915000, "operatingExpenses": 87686000, "costAndExpenses": 89736000, "interestIncome": 10403000, "interestExpense": 16461000, "depreciationAndAmortization": 2050000, "ebitda": -87686000, "ebitdaratio": 0, "operatingIncome": -89736000, "operatingIncomeRatio": 0, "totalOtherIncomeExpensesNet": -526138000, "incomeBeforeTax": -615874000, "incomeBeforeTaxRatio": 0, "incomeTaxExpense": -946000, "netIncome": -614928000, "netIncomeRatio": 0, "eps": -0.99, "epsdiluted": -0.99, "weightedAverageShsOut": 619646180, "weightedAverageShsOutDil": 619646180, "link": "https://www.sec.gov/Archives/edgar/data/1599298/000159929824000031/0001599298-24-000031-index.htm", "finalLink": "https://www.sec.gov/Archives/edgar/data/1599298/000159929824000031/smmt-20231231.htm", "calculatedOtherExpenses": 0, "calculatedOperatingExpenses": 87686000, "calculatedNetInterest": -6058000, "calculatedOtherIncome": -520080000, "calculatedIncomeNonControlling": 0, "calculatedEbitda": -87686000}, {"date": "2022-12-31", "symbol": "SMMT", "reportedCurrency": "USD", "cik": "0001599298", "fillingDate": "2023-03-09", "acceptedDate": "2023-03-09 16:53:38", "calendarYear": "2022", "period": "FY", "revenue": 704295, "costOfRevenue": 2514000, "grossProfit": -1809705, "grossProfitRatio": -2.5695269738, "researchAndDevelopmentExpenses": 51999000, "generalAndAdministrativeExpenses": 26700000, "sellingAndMarketingExpenses": 0, "sellingGeneralAndAdministrativeExpenses": 26700000, "otherExpenses": -14416000, "operatingExpenses": 64283000, "costAndExpenses": 64283000, "interestIncome": 1513000, "interestExpense": 4401000, "depreciationAndAmortization": 11286000, "ebitda": -60803000, "ebitdaratio": -86.3317217927, "operatingIncome": -72089000, "operatingIncomeRatio": -102.3562569662, "totalOtherIncomeExpensesNet": -6693000, "incomeBeforeTax": -78782000, "incomeBeforeTaxRatio": -111.8593771076, "incomeTaxExpense": -4401000, "netIncome": -74381000, "netIncomeRatio": -105.6105751141, "eps": -0.38, "epsdiluted": -0.38, "weightedAverageShsOut": 193336063, "weightedAverageShsOutDil": 193336063, "link": "https://www.sec.gov/Archives/edgar/data/1599298/000159929823000034/0001599298-23-000034-index.htm", "finalLink": "https://www.sec.gov/Archives/edgar/data/1599298/000159929823000034/smmt-20221231.htm", "calculatedOtherExpenses": -8419705, "calculatedOperatingExpenses": 70279295, "calculatedNetInterest": -2888000, "calculatedOtherIncome": -3805000, "calculatedIncomeNonControlling": 0, "calculatedEbitda": -60803000}, {"date": "2021-12-31", "symbol": "SMMT", "reportedCurrency": "USD", "cik": "0001599298", "fillingDate": "2022-03-17", "acceptedDate": "2022-03-17 17:15:48", "calendarYear": "2021", "period": "FY", "revenue": 1809000, "costOfRevenue": 0, "grossProfit": 1809000, "grossProfitRatio": 1, "researchAndDevelopmentExpenses": 85352000, "generalAndAdministrativeExpenses": 23611000, "sellingAndMarketingExpenses": 0, "sellingGeneralAndAdministrativeExpenses": 23611000, "otherExpenses": -20968000, "operatingExpenses": 87995000, "costAndExpenses": 87995000, "interestIncome": 178951, "interestExpense": 281000, "depreciationAndAmortization": 2455000, "ebitda": -86186000, "ebitdaratio": -47.642896628, "operatingIncome": -86186000, "operatingIncomeRatio": -47.642896628, "totalOtherIncomeExpensesNet": -2416000, "incomeBeforeTax": -88602000, "incomeBeforeTaxRatio": -48.9784411277, "incomeTaxExpense": -2455000, "netIncome": -86147000, "netIncomeRatio": -47.6213377557, "eps": -0.93, "epsdiluted": -0.93, "weightedAverageShsOut": 92239306, "weightedAverageShsOutDil": 92239306, "link": "https://www.sec.gov/Archives/edgar/data/1599298/000159929822000032/0001599298-22-000032-index.htm", "finalLink": "https://www.sec.gov/Archives/edgar/data/1599298/000159929822000032/smmt-20211231.htm", "calculatedOtherExpenses": -20968000, "calculatedOperatingExpenses": 87995000, "calculatedNetInterest": -102049, "calculatedOtherIncome": -2313951, "calculatedIncomeNonControlling": 0, "calculatedEbitda": -83731000}, {"date": "2020-12-31", "symbol": "SMMT", "reportedCurrency": "USD", "cik": "0001599298", "fillingDate": "2021-03-31", "acceptedDate": "2021-03-31 16:50:32", "calendarYear": "2020", "period": "FY", "revenue": 860000, "costOfRevenue": 0, "grossProfit": 860000, "grossProfitRatio": 1, "researchAndDevelopmentExpenses": 53274000, "generalAndAdministrativeExpenses": 19232000, "sellingAndMarketingExpenses": 0, "sellingGeneralAndAdministrativeExpenses": 19232000, "otherExpenses": -19312000, "operatingExpenses": 53194000, "costAndExpenses": 53194000, "interestIncome": 4000, "interestExpense": 255000, "depreciationAndAmortization": 1718000, "ebitda": -51475000, "ebitdaratio": -59.8546511628, "operatingIncome": -53193000, "operatingIncomeRatio": -61.8523255814, "totalOtherIncomeExpensesNet": 283000, "incomeBeforeTax": -52910000, "incomeBeforeTaxRatio": -61.523255814, "incomeTaxExpense": -213000, "netIncome": -52697000, "netIncomeRatio": -61.2755813953, "eps": -0.76, "epsdiluted": -0.76, "weightedAverageShsOut": 69524148, "weightedAverageShsOutDil": 69524148, "link": "https://www.sec.gov/Archives/edgar/data/1599298/000159929821000011/0001599298-21-000011-index.htm", "finalLink": "https://www.sec.gov/Archives/edgar/data/1599298/000159929821000011/smmt-20201231.htm", "calculatedOtherExpenses": -18453000, "calculatedOperatingExpenses": 54053000, "calculatedNetInterest": -251000, "calculatedOtherIncome": 534000, "calculatedIncomeNonControlling": 0, "calculatedEbitda": -51475000}, {"date": "2019-12-31", "symbol": "SMMT", "reportedCurrency": "USD", "cik": "0001599298", "fillingDate": "2020-04-30", "acceptedDate": "2020-04-30 09:22:09", "calendarYear": "2019", "period": "FY", "revenue": 811370, "costOfRevenue": 199498, "grossProfit": 611872, "grossProfitRatio": 0.7541220405, "researchAndDevelopmentExpenses": 41986692, "generalAndAdministrativeExpenses": 9288440, "sellingAndMarketingExpenses": 2649703, "sellingGeneralAndAdministrativeExpenses": 11938143, "otherExpenses": 0, "operatingExpenses": 53924835, "costAndExpenses": 55711799, "interestIncome": 5566.8656469816, "interestExpense": 41751, "depreciationAndAmortization": 1786963, "ebitda": -53113470, "ebitdaratio": -65.4614664087, "operatingIncome": -54900430, "operatingIncomeRatio": -67.6638648212, "totalOtherIncomeExpensesNet": 18430501, "incomeBeforeTax": -36469928, "incomeBeforeTaxRatio": -44.9485783305, "incomeTaxExpense": -5807632, "netIncome": -30662295, "netIncomeRatio": -37.7907674674, "eps": -0.19, "epsdiluted": -0.19, "weightedAverageShsOut": 164145000, "weightedAverageShsOutDil": 164145000, "link": "https://www.sec.gov/Archives/edgar/data/1599298/000159929820000005/0001599298-20-000005-index.htm", "finalLink": "https://www.sec.gov/Archives/edgar/data/1599298/000159929820000005/summittherapeutics20fdec20.htm", "calculatedOtherExpenses": 1587467, "calculatedOperatingExpenses": 55512302, "calculatedNetInterest": -36184.1343530184, "calculatedOtherIncome": 18466686.13435302, "calculatedIncomeNonControlling": -1, "calculatedEbitda": -53113467}, {"date": "2018-12-31", "symbol": "SMMT", "reportedCurrency": "GBP", "cik": "0001599298", "fillingDate": "2019-03-29", "acceptedDate": "2019-03-29 06:28:43", "calendarYear": "2018", "period": "FY", "revenue": 56412879, "costOfRevenue": 24919, "grossProfit": 56387960, "grossProfitRatio": 0.9995582746, "researchAndDevelopmentExpenses": 51379106, "generalAndAdministrativeExpenses": 16187290, "sellingAndMarketingExpenses": 0, "sellingGeneralAndAdministrativeExpenses": 16187290, "otherExpenses": -19878024.788511008, "operatingExpenses": 47688373, "costAndExpenses": 47688373, "interestIncome": 3656633, "interestExpense": 556102, "depreciationAndAmortization": 1492556, "ebitda": 13873696, "ebitdaratio": 0.245931359, "operatingIncome": 12381139, "operatingIncomeRatio": 0.2194736241, "totalOtherIncomeExpensesNet": -5782674.273723, "incomeBeforeTax": 6598465, "incomeBeforeTaxRatio": 0.1169673507, "incomeTaxExpense": -3273657.289003, "netIncome": 9872122, "netIncomeRatio": 0.1749976632, "eps": 0.11, "epsdiluted": 0.11, "weightedAverageShsOut": 86144000, "weightedAverageShsOutDil": 86144000, "link": "https://www.sec.gov/Archives/edgar/data/1599298/000159929819000008/0001599298-19-000008-index.htm", "finalLink": "https://www.sec.gov/Archives/edgar/data/1599298/000159929819000008/summittherapeutics20f2019.htm", "calculatedOtherExpenses": -23559575, "calculatedOperatingExpenses": 44006821, "calculatedNetInterest": 3100531, "calculatedOtherIncome": -8883205, "calculatedIncomeNonControlling": 0.28900299966335297, "calculatedEbitda": 13873695}, {"date": "2017-12-31", "symbol": "SMMT", "reportedCurrency": "GBP", "cik": "0001599298", "fillingDate": "2018-04-13", "acceptedDate": "2018-04-13 09:04:55", "calendarYear": "2017", "period": "FY", "revenue": 35979787, "costOfRevenue": 97667, "grossProfit": 35882119, "grossProfitRatio": 0.9972854951, "researchAndDevelopmentExpenses": 41006114, "generalAndAdministrativeExpenses": 16984203, "sellingAndMarketingExpenses": 0, "sellingGeneralAndAdministrativeExpenses": 16984203, "otherExpenses": -3857150.9455320016, "operatingExpenses": 54133167, "costAndExpenses": 54133167, "interestIncome": 4382289, "interestExpense": 1647605, "depreciationAndAmortization": 4828162, "ebitda": -13422885.290454, "ebitdaratio": -0.3730673905, "operatingIncome": -18251047.446494997, "operatingIncomeRatio": -0.5072583501, "totalOtherIncomeExpensesNet": 2832351, "incomeBeforeTax": -15418695.504473, "incomeBeforeTaxRatio": -0.428537708, "incomeTaxExpense": -5324991.507191, "netIncome": -10093703.997282002, "netIncomeRatio": -0.2805381801, "eps": -0.16, "epsdiluted": -0.15, "weightedAverageShsOut": 65025806, "weightedAverageShsOutDil": 65434000, "link": "https://www.sec.gov/Archives/edgar/data/1599298/000162828018004229/0001628280-18-004229-index.htm", "finalLink": "https://www.sec.gov/Archives/edgar/data/1599298/000162828018004229/summittherapeutics20f2018.htm", "calculatedOtherExpenses": -3857150.5535050035, "calculatedOperatingExpenses": 54133166.446495, "calculatedNetInterest": 2734684, "calculatedOtherIncome": 97667.94202199578, "calculatedIncomeNonControlling": 0.0, "calculatedEbitda": -13422885.446494997}, {"date": "2016-12-31", "symbol": "SMMT", "reportedCurrency": "GBP", "cik": "0001599298", "fillingDate": "2017-03-30", "acceptedDate": "2017-03-30 16:17:10", "calendarYear": "2016", "period": "FY", "revenue": 2879892, "costOfRevenue": 0, "grossProfit": 2879892, "grossProfitRatio": 1, "researchAndDevelopmentExpenses": 23689111, "generalAndAdministrativeExpenses": 10345862, "sellingAndMarketingExpenses": 0, "sellingGeneralAndAdministrativeExpenses": 10345862, "otherExpenses": -1949725.8420560025, "operatingExpenses": 33944977, "costAndExpenses": 33944977, "interestIncome": 9999.625014, "interestExpense": 1077459, "depreciationAndAmortization": 72497, "ebitda": -30982588.152944, "ebitdaratio": -10.7582465278, "operatingIncome": -31065085.05931, "operatingIncomeRatio": -10.7868923611, "totalOtherIncomeExpensesNet": 42725, "incomeBeforeTax": -32132545.029561, "incomeBeforeTaxRatio": -11.1575520833, "incomeTaxExpense": -5419796.757622, "netIncome": -26712748.27194, "netIncomeRatio": -9.2756076389, "eps": -0.43, "epsdiluted": -0.43, "weightedAverageShsOut": 61548557, "weightedAverageShsOutDil": 61549000, "link": "https://www.sec.gov/Archives/edgar/data/1599298/000119312517104086/0001193125-17-104086-index.htm", "finalLink": "https://www.sec.gov/Archives/edgar/data/1599298/000119312517104086/d365559d20f.htm", "calculatedOtherExpenses": -89995.94068999961, "calculatedOperatingExpenses": 33944977.059310004, "calculatedNetInterest": -1067459.374986, "calculatedOtherIncome": -0.5952650015242398, "calculatedIncomeNonControlling": 9.98377799987793e-07, "calculatedEbitda": -30992588.05931}, {"date": "2015-12-31", "symbol": "SMMT", "reportedCurrency": "GBP", "cik": "0001599298", "fillingDate": "2016-05-12", "acceptedDate": "2016-05-11 18:53:45", "calendarYear": "2015", "period": "FY", "revenue": 0, "costOfRevenue": 0, "grossProfit": 0, "grossProfitRatio": 0, "researchAndDevelopmentExpenses": 23943601, "generalAndAdministrativeExpenses": 7454247, "sellingAndMarketingExpenses": 0, "sellingGeneralAndAdministrativeExpenses": 7454247, "otherExpenses": -3141479.5841500014, "operatingExpenses": 29448123, "costAndExpenses": 29448123, "interestIncome": 42725, "interestExpense": -351062.22691000137, "depreciationAndAmortization": 68361, "ebitda": -30093284.910632, "ebitdaratio": 0, "operatingIncome": -28734600.86876, "operatingIncomeRatio": 0, "totalOtherIncomeExpensesNet": 76841, "incomeBeforeTax": -28691874.955494, "incomeBeforeTaxRatio": 0, "incomeTaxExpense": -4355194.758955, "netIncome": -24336680.196539, "netIncomeRatio": 0, "eps": -0.41, "epsdiluted": -0.41, "weightedAverageShsOut": 59102292, "weightedAverageShsOutDil": 59102292, "link": "https://www.sec.gov/Archives/edgar/data/1599298/000119312516587491/0001193125-16-587491-index.htm", "finalLink": "https://www.sec.gov/Archives/edgar/data/1599298/000119312516587491/d185299d20f.htm", "calculatedOtherExpenses": -2663247.131239999, "calculatedOperatingExpenses": 28734600.86876, "calculatedNetInterest": 393787.22691000137, "calculatedOtherIncome": -351061.31364400196, "calculatedIncomeNonControlling": 0.0, "calculatedEbitda": -28666239.86876}, {"date": "2014-12-31", "symbol": "SMMT", "reportedCurrency": "GBP", "cik": "0001599298", "fillingDate": "2015-05-07", "acceptedDate": "2015-05-07 17:17:42", "calendarYear": "2014", "period": "FY", "revenue": 2268078, "costOfRevenue": 0, "grossProfit": 2268078, "grossProfitRatio": 1, "researchAndDevelopmentExpenses": 15635076, "generalAndAdministrativeExpenses": 6795238, "sellingAndMarketingExpenses": 0, "sellingGeneralAndAdministrativeExpenses": 6795238, "otherExpenses": -682897.8622329999, "operatingExpenses": 19288835, "costAndExpenses": 19288835, "interestIncome": 76841, "interestExpense": -14845.605701000895, "depreciationAndAmortization": 49721, "ebitda": -19376224.19768, "ebitdaratio": -8.5430124783, "operatingIncome": -19151725.177038, "operatingIncomeRatio": -8.4440304519, "totalOtherIncomeExpensesNet": 14845, "incomeBeforeTax": -19074883.230375, "incomeBeforeTaxRatio": -8.4101506979, "incomeTaxExpense": -1954196.17297, "netIncome": -17120687.057405, "netIncomeRatio": -7.5485420521, "eps": -0.43, "epsdiluted": -0.43, "weightedAverageShsOut": 39599000, "weightedAverageShsOutDil": 39599000, "link": "https://www.sec.gov/Archives/edgar/data/1599298/000119312515177388/0001193125-15-177388-index.htm", "finalLink": "https://www.sec.gov/Archives/edgar/data/1599298/000119312515177388/d917125d20f.htm", "calculatedOtherExpenses": -1010510.822962001, "calculatedOperatingExpenses": 21419803.177038, "calculatedNetInterest": 91686.6057010009, "calculatedOtherIncome": -14844.659038001206, "calculatedIncomeNonControlling": 0.0, "calculatedEbitda": -19102004.177038}, {"date": "2013-12-31", "symbol": "SMMT", "reportedCurrency": "GBP", "cik": "0001599298", "fillingDate": "2014-01-31", "acceptedDate": "2014-01-30 19:00:00", "calendarYear": "2013", "period": "FY", "revenue": 2268078, "costOfRevenue": 0, "grossProfit": 2268078, "grossProfitRatio": 1, "researchAndDevelopmentExpenses": 10827395, "generalAndAdministrativeExpenses": 3237991, "sellingAndMarketingExpenses": 0, "sellingGeneralAndAdministrativeExpenses": 3237991, "otherExpenses": -682897.8622329999, "operatingExpenses": 13334652, "costAndExpenses": 13334652, "interestIncome": 14845, "interestExpense": 0, "depreciationAndAmortization": 42887, "ebitda": -11023686.988651, "ebitdaratio": -4.8603636364, "operatingIncome": -11066574.294009, "operatingIncomeRatio": -4.8792727273, "totalOtherIncomeExpensesNet": 9000, "incomeBeforeTax": -11051728.688308, "incomeBeforeTaxRatio": -4.8727272727, "incomeTaxExpense": -1001253.628926, "netIncome": -10050475.059382, "netIncomeRatio": -4.4312727273, "eps": -2.08, "epsdiluted": -2.08, "weightedAverageShsOut": 4827666, "weightedAverageShsOutDil": 4827666, "link": null, "finalLink": null, "calculatedOtherExpenses": -730733.7059909999, "calculatedOperatingExpenses": 13334652.294009, "calculatedNetInterest": 14845, "calculatedOtherIncome": 0.6057009994983673, "calculatedIncomeNonControlling": -1.862645149230957e-09, "calculatedEbitda": -11023687.294009}, {"date": "2012-12-31", "symbol": "SMMT", "reportedCurrency": "GBP", "cik": "0001599298", "fillingDate": "2013-01-31", "acceptedDate": "2013-01-30 19:00:00", "calendarYear": "2012", "period": "FY", "revenue": 2865220, "costOfRevenue": 0, "grossProfit": 2865220, "grossProfitRatio": 1, "researchAndDevelopmentExpenses": 5724123, "generalAndAdministrativeExpenses": 2768871, "sellingAndMarketingExpenses": 0, "sellingGeneralAndAdministrativeExpenses": 2768871, "otherExpenses": 18954, "operatingExpenses": 8511948, "costAndExpenses": 8511948, "interestIncome": 17374, "interestExpense": 0, "depreciationAndAmortization": 146893, "ebitda": -5482459.604176, "ebitdaratio": -1.9134509372, "operatingIncome": -7229391.416973, "operatingIncomeRatio": -2.5231532525, "totalOtherIncomeExpensesNet": -683000, "incomeBeforeTax": -7212016.869106, "incomeBeforeTaxRatio": -2.5170893054, "incomeTaxExpense": -538610.983873, "netIncome": -6673405.885233, "netIncomeRatio": -2.329106946, "eps": -0.42, "epsdiluted": -0.42, "weightedAverageShsOut": 15809445, "weightedAverageShsOutDil": 15809445, "link": null, "finalLink": null, "calculatedOtherExpenses": 1601617.4169730004, "calculatedOperatingExpenses": 10094611.416973, "calculatedNetInterest": 17374, "calculatedOtherIncome": 0.5478670001029968, "calculatedIncomeNonControlling": 0.0, "calculatedEbitda": -7082498.416973}, {"date": "2011-12-31", "symbol": "SMMT", "reportedCurrency": "GBP", "cik": "0001599298", "fillingDate": "2012-01-31", "acceptedDate": "2012-01-30 19:00:00", "calendarYear": "2011", "period": "FY", "revenue": 2771583, "costOfRevenue": 1006583, "grossProfit": 1765000, "grossProfitRatio": 0.63682, "researchAndDevelopmentExpenses": 4778430, "generalAndAdministrativeExpenses": 2314625, "sellingAndMarketingExpenses": 0, "sellingGeneralAndAdministrativeExpenses": 2314625, "otherExpenses": 339185, "operatingExpenses": 7451085, "costAndExpenses": 7451085, "interestIncome": 10992, "interestExpense": 4710.907321, "depreciationAndAmortization": 295216, "ebitda": -4373292.296096, "ebitdaratio": -1.5779036827, "operatingIncome": -4714047.92563, "operatingIncomeRatio": -1.7008498584, "totalOtherIncomeExpensesNet": 4000, "incomeBeforeTax": -4707766.715869, "incomeBeforeTaxRatio": -1.6985835694, "incomeTaxExpense": -477371.941836, "netIncome": -4230394.774033, "netIncomeRatio": -1.5263456091, "eps": -0.0238, "epsdiluted": -0.0238, "weightedAverageShsOut": 177884127, "weightedAverageShsOutDil": 177884127, "link": null, "finalLink": null, "calculatedOtherExpenses": -614007.0743699996, "calculatedOperatingExpenses": 6479047.92563, "calculatedNetInterest": 6281.092679, "calculatedOtherIncome": 0.11708200023804238, "calculatedIncomeNonControlling": 0.0, "calculatedEbitda": -4418831.92563}, {"date": "2010-12-31", "symbol": "SMMT", "reportedCurrency": "GBP", "cik": "0001599298", "fillingDate": "2011-01-31", "acceptedDate": "2011-01-30 19:00:00", "calendarYear": "2010", "period": "FY", "revenue": 1207450, "costOfRevenue": 0, "grossProfit": 1207450, "grossProfitRatio": 1, "researchAndDevelopmentExpenses": 3663496, "generalAndAdministrativeExpenses": 2677596, "sellingAndMarketingExpenses": 0, "sellingGeneralAndAdministrativeExpenses": 2677596, "otherExpenses": -10322672.532481, "operatingExpenses": 5553005, "costAndExpenses": 5553005, "interestIncome": 26902, "interestExpense": 6330.01535, "depreciationAndAmortization": 710544, "ebitda": -3608108.749664, "ebitdaratio": -2.9882044561, "operatingIncome": -9382665.252963, "operatingIncomeRatio": -7.7706422018, "totalOtherIncomeExpensesNet": 20572, "incomeBeforeTax": -9362092.703075, "incomeBeforeTaxRatio": -7.753604194, "incomeTaxExpense": -1940149.704863, "netIncome": -7421942.998212, "netIncomeRatio": -6.1467889908, "eps": -0.0446, "epsdiluted": -0.0446, "weightedAverageShsOut": 166289000, "weightedAverageShsOutDil": 166289000, "link": null, "finalLink": null, "calculatedOtherExpenses": 4249023.252963001, "calculatedOperatingExpenses": 10590115.252963, "calculatedNetInterest": 20571.98465, "calculatedOtherIncome": 0.5652380017563701, "calculatedIncomeNonControlling": 9.313225746154785e-10, "calculatedEbitda": -8672121.252963}, {"date": "2009-12-31", "symbol": "SMMT", "reportedCurrency": "GBP", "cik": "0001599298", "fillingDate": "2010-01-31", "acceptedDate": "2010-01-30 19:00:00", "calendarYear": "2009", "period": "FY", "revenue": 301945, "costOfRevenue": 0, "grossProfit": 301945, "grossProfitRatio": 1, "researchAndDevelopmentExpenses": 3677668, "generalAndAdministrativeExpenses": 3829440, "sellingAndMarketingExpenses": 372240, "sellingGeneralAndAdministrativeExpenses": 4201680, "otherExpenses": 3482761, "operatingExpenses": 9492922, "costAndExpenses": 9492922, "interestIncome": 12780, "interestExpense": 107039, "depreciationAndAmortization": 3783110, "ebitda": -5395085.79097, "ebitdaratio": -17.8677248677, "operatingIncome": -9202159.951433, "operatingIncomeRatio": -30.4761904762, "totalOtherIncomeExpensesNet": -94258.23561399989, "incomeBeforeTax": -9296418.187047, "incomeBeforeTaxRatio": -30.7883597884, "incomeTaxExpense": -594306.16353, "netIncome": -8657379.30153, "netIncomeRatio": -28.671957672, "eps": -0.13, "epsdiluted": -0.13, "weightedAverageShsOut": 67010000, "weightedAverageShsOutDil": 67010000, "link": null, "finalLink": null, "calculatedOtherExpenses": 1624756.9514329992, "calculatedOperatingExpenses": 9504104.951433, "calculatedNetInterest": -94259, "calculatedOtherIncome": 0.7643860001116991, "calculatedIncomeNonControlling": -44732.721986999735, "calculatedEbitda": -5419049.951432999}, {"date": "2008-12-31", "symbol": "SMMT", "reportedCurrency": "GBP", "cik": "0001599298", "fillingDate": "2009-01-31", "acceptedDate": "2009-01-30 19:00:00", "calendarYear": "2008", "period": "FY", "revenue": 266639, "costOfRevenue": 5765.184054, "grossProfit": 260874, "grossProfitRatio": 0.9783783784, "researchAndDevelopmentExpenses": 7377994, "generalAndAdministrativeExpenses": 3907353, "sellingAndMarketingExpenses": 1122769, "sellingGeneralAndAdministrativeExpenses": 5030123, "otherExpenses": 2967628, "operatingExpenses": 15427632, "costAndExpenses": 15433397, "interestIncome": 430947, "interestExpense": 116744, "depreciationAndAmortization": 2738462, "ebitda": -11997348.015335, "ebitdaratio": -44.9945945947, "operatingIncome": -19195180.306131, "operatingIncomeRatio": -71.9891891893, "totalOtherIncomeExpensesNet": 314202, "incomeBeforeTax": -18880977.775215, "incomeBeforeTaxRatio": -70.8108108109, "incomeTaxExpense": -2517944.135367, "netIncome": -32289354.587645, "netIncomeRatio": -121.0972972975, "eps": -0.6, "epsdiluted": -0.6, "weightedAverageShsOut": 53389000, "weightedAverageShsOutDil": 53389000, "link": null, "finalLink": null, "calculatedOtherExpenses": 7047937.306131002, "calculatedOperatingExpenses": 19456054.306131, "calculatedNetInterest": 314203, "calculatedOtherIncome": -0.4690839983522892, "calculatedIncomeNonControlling": 15926320.947797002, "calculatedEbitda": -16456718.306131002}, {"date": "2007-12-31", "symbol": "SMMT", "reportedCurrency": "GBP", "cik": "0001599298", "fillingDate": "2008-01-31", "acceptedDate": "2008-01-30 19:00:00", "calendarYear": "2007", "period": "FY", "revenue": 6025174, "costOfRevenue": 2513472, "grossProfit": 3511702, "grossProfitRatio": 0.5828382838, "researchAndDevelopmentExpenses": 15335361, "generalAndAdministrativeExpenses": 5140289, "sellingAndMarketingExpenses": 2169460, "sellingGeneralAndAdministrativeExpenses": 7309749, "otherExpenses": 2700391, "operatingExpenses": 26916423, "costAndExpenses": 29429895, "interestIncome": 1541092, "interestExpense": 75563, "depreciationAndAmortization": 3281035, "ebitda": -18582592.614687, "ebitdaratio": -3.0841584158, "operatingIncome": -23404720.714272, "operatingIncomeRatio": -3.8844884488, "totalOtherIncomeExpensesNet": 1465529, "incomeBeforeTax": -21939191.473284, "incomeBeforeTaxRatio": -3.6412541254, "incomeTaxExpense": -1811529.360297, "netIncome": -20127662.112987, "netIncomeRatio": -3.3405940594, "eps": -0.42, "epsdiluted": -0.42, "weightedAverageShsOut": 47902000, "weightedAverageShsOutDil": 47902000, "link": null, "finalLink": null, "calculatedOtherExpenses": 4271312.714272, "calculatedOperatingExpenses": 26916422.714272, "calculatedNetInterest": 1465529, "calculatedOtherIncome": 0.24098800122737885, "calculatedIncomeNonControlling": 3.725290298461914e-09, "calculatedEbitda": -20123685.714272}, {"date": "2006-12-31", "symbol": "SMMT", "reportedCurrency": "GBP", "cik": "0001599298", "fillingDate": "2007-01-31", "acceptedDate": "2007-01-30 19:00:00", "calendarYear": "2006", "period": "FY", "revenue": 2028206, "costOfRevenue": 596300, "grossProfit": 1431906, "grossProfitRatio": 0.7059961315, "researchAndDevelopmentExpenses": 5790392, "generalAndAdministrativeExpenses": 863066, "sellingAndMarketingExpenses": 1000372, "sellingGeneralAndAdministrativeExpenses": 1863439, "otherExpenses": 2373433, "operatingExpenses": 10027265, "costAndExpenses": 10623565, "interestIncome": 1724171, "interestExpense": 11769, "depreciationAndAmortization": 737529, "ebitda": -6133657.637159, "ebitdaratio": -3.0241779497, "operatingIncome": -8595359.055334, "operatingIncomeRatio": -4.2379110251, "totalOtherIncomeExpensesNet": 1712402, "incomeBeforeTax": -6882956.39552, "incomeBeforeTaxRatio": -3.3936170213, "incomeTaxExpense": -959180.871305, "netIncome": -5923775.524215, "netIncomeRatio": -2.920696325, "eps": -0.16, "epsdiluted": -0.16, "weightedAverageShsOut": 36420000, "weightedAverageShsOutDil": 36420000, "link": null, "finalLink": null, "calculatedOtherExpenses": 2373434.055334, "calculatedOperatingExpenses": 10027265.055334, "calculatedNetInterest": 1712402, "calculatedOtherIncome": 0.6598140001296997, "calculatedIncomeNonControlling": 0.0, "calculatedEbitda": -7857830.055334}, {"date": "2005-12-31", "symbol": "SMMT", "reportedCurrency": "GBP", "cik": "0001599298", "fillingDate": "2006-01-31", "acceptedDate": "2006-01-30 19:00:00", "calendarYear": "2005", "period": "FY", "revenue": 947892, "costOfRevenue": 415930, "grossProfit": 531962, "grossProfitRatio": 0.5612052731, "researchAndDevelopmentExpenses": 1831521, "generalAndAdministrativeExpenses": 1794034, "sellingAndMarketingExpenses": 0, "sellingGeneralAndAdministrativeExpenses": 1794034, "otherExpenses": 119602, "operatingExpenses": 3744443, "costAndExpenses": 4160374, "interestIncome": 1040718, "interestExpense": 0, "depreciationAndAmortization": 240989, "ebitda": -1930773.487567, "ebitdaratio": -2.0369114878, "operatingIncome": -3212481.479498, "operatingIncomeRatio": -3.3890772128, "totalOtherIncomeExpensesNet": 1040718, "incomeBeforeTax": -2171763.151788, "incomeBeforeTaxRatio": -2.2911487759, "incomeTaxExpense": -278476.945322, "netIncome": -1893286.206466, "netIncomeRatio": -1.9973634652, "eps": -0.0605, "epsdiluted": -0.0605, "weightedAverageShsOut": 31313000, "weightedAverageShsOutDil": 31313000, "link": null, "finalLink": null, "calculatedOtherExpenses": 118888.47949799988, "calculatedOperatingExpenses": 3744443.479498, "calculatedNetInterest": 1040718, "calculatedOtherIncome": 0.3277099998667836, "calculatedIncomeNonControlling": 0.0, "calculatedEbitda": -2971492.479498}, {"date": "2004-12-31", "symbol": "SMMT", "reportedCurrency": "GBP", "cik": "0001599298", "fillingDate": "2005-01-31", "acceptedDate": "2005-01-30 19:00:00", "calendarYear": "2004", "period": "FY", "revenue": 212761, "costOfRevenue": 169456, "grossProfit": 43305, "grossProfitRatio": 0.203539823, "researchAndDevelopmentExpenses": 504603, "generalAndAdministrativeExpenses": 75313, "sellingAndMarketingExpenses": 0, "sellingGeneralAndAdministrativeExpenses": 75313, "otherExpenses": 0, "operatingExpenses": 579917, "costAndExpenses": 749373, "interestIncome": 404812, "interestExpense": 0, "depreciationAndAmortization": 9414.245636, "ebitda": -122385.193274, "ebitdaratio": -0.5752212389, "operatingIncome": -536612.00128, "operatingIncomeRatio": -2.5221238938, "totalOtherIncomeExpensesNet": 404812, "incomeBeforeTax": -131799.438911, "incomeBeforeTaxRatio": -0.6194690265, "incomeTaxExpense": -45188.379055, "netIncome": -86611.059856, "netIncomeRatio": -0.407079646, "eps": -0.0037, "epsdiluted": -0.0037, "weightedAverageShsOut": 23465000, "weightedAverageShsOutDil": 23465000, "link": null, "finalLink": null, "calculatedOtherExpenses": 1.0012799999676645, "calculatedOperatingExpenses": 579917.00128, "calculatedNetInterest": 404812, "calculatedOtherIncome": 0.5623689999338239, "calculatedIncomeNonControlling": 0.0, "calculatedEbitda": -527197.755644}, {"date": "2003-12-31", "symbol": "SMMT", "reportedCurrency": "GBP", "cik": "0001599298", "fillingDate": "2004-01-31", "acceptedDate": "2004-01-31 00:00:00", "calendarYear": "2003", "period": "FY", "revenue": 1824.484583, "costOfRevenue": 1824.484583, "grossProfit": 0, "grossProfitRatio": 0, "researchAndDevelopmentExpenses": 0, "generalAndAdministrativeExpenses": 43787, "sellingAndMarketingExpenses": 0, "sellingGeneralAndAdministrativeExpenses": 43787, "otherExpenses": -1824.484583, "operatingExpenses": 43787, "costAndExpenses": 45612, "interestIncome": 1824.484583, "interestExpense": 0, "depreciationAndAmortization": 1824.4845840000053, "ebitda": -41963.145411, "ebitdaratio": -23.0000000011, "operatingIncome": -43787.629995, "operatingIncomeRatio": -24.0000000016, "totalOtherIncomeExpensesNet": 1824.4845840000053, "incomeBeforeTax": -41963.145411, "incomeBeforeTaxRatio": -23.0000000011, "incomeTaxExpense": -1824.4845840000053, "netIncome": -41963.145411, "netIncomeRatio": -23.0000000011, "eps": -0.0022, "epsdiluted": -0.0022, "weightedAverageShsOut": 19023556, "weightedAverageShsOutDil": 19023556, "link": null, "finalLink": null, "calculatedOtherExpenses": 0.6299950000029639, "calculatedOperatingExpenses": 43787.629995, "calculatedNetInterest": 1824.484583, "calculatedOtherIncome": 1.0000053407566156e-06, "calculatedIncomeNonControlling": 1824.4845840000053, "calculatedEbitda": -41963.145411}]}