{"originalCurrency": "USD", "convertedCurrency": "USD", "report": [{"date": "2024-01-28", "symbol": "SMTC", "reportedCurrency": "USD", "cik": "0000088941", "fillingDate": "2024-03-28", "acceptedDate": "2024-03-28 17:16:14", "calendarYear": "2024", "period": "FY", "revenue": 868758000, "costOfRevenue": 494770000, "grossProfit": 373988000, "grossProfitRatio": 0.43048582, "researchAndDevelopmentExpenses": 186450000, "generalAndAdministrativeExpenses": 220150000, "sellingAndMarketingExpenses": 1500000, "sellingGeneralAndAdministrativeExpenses": 221650000, "otherExpenses": -542000, "operatingExpenses": 408100000, "costAndExpenses": 902870000, "interestIncome": 3051000, "interestExpense": 94233000, "depreciationAndAmortization": 84452000, "ebitda": 50340000, "ebitdaratio": 0.0579447901, "operatingIncome": -34112000, "operatingIncomeRatio": -0.0392652499, "totalOtherIncomeExpensesNet": -1007443000, "incomeBeforeTax": -1041555000, "incomeBeforeTaxRatio": -1.19890119, "incomeTaxExpense": 50519000, "netIncome": -1092030000, "netIncomeRatio": -1.2570013744, "eps": -17.03, "epsdiluted": -17.03, "weightedAverageShsOut": 64126999, "weightedAverageShsOutDil": 64126999, "link": "https://www.sec.gov/Archives/edgar/data/88941/000008894124000030/0000088941-24-000030-index.htm", "finalLink": "https://www.sec.gov/Archives/edgar/data/88941/000008894124000030/smtc-20240128.htm", "calculatedOtherExpenses": 0, "calculatedOperatingExpenses": 408100000, "calculatedNetInterest": -91182000, "calculatedOtherIncome": -916261000, "calculatedIncomeNonControlling": -44000, "calculatedEbitda": 50340000}, {"date": "2023-01-29", "symbol": "SMTC", "reportedCurrency": "USD", "cik": "0000088941", "fillingDate": "2023-03-30", "acceptedDate": "2023-03-30 17:21:36", "calendarYear": "2023", "period": "FY", "revenue": 756533000, "costOfRevenue": 277975000, "grossProfit": 478558000, "grossProfitRatio": 0.6325672509, "researchAndDevelopmentExpenses": 167450000, "generalAndAdministrativeExpenses": 234301000, "sellingAndMarketingExpenses": 1500000, "sellingGeneralAndAdministrativeExpenses": 235801000, "otherExpenses": 821000, "operatingExpenses": 404072000, "costAndExpenses": 682047000, "interestIncome": 5801000, "interestExpense": 17646000, "depreciationAndAmortization": -13022000, "ebitda": 79777000, "ebitdaratio": 0.1054507867, "operatingIncome": 92799000, "operatingIncomeRatio": 0.122663519, "totalOtherIncomeExpensesNet": -14332000, "incomeBeforeTax": 78467000, "incomeBeforeTaxRatio": 0.1037192033, "incomeTaxExpense": 17344000, "netIncome": 61380000, "netIncomeRatio": 0.0811332751, "eps": 0.96, "epsdiluted": 0.96, "weightedAverageShsOut": 63770000, "weightedAverageShsOutDil": 64013000, "link": "https://www.sec.gov/Archives/edgar/data/88941/000008894123000006/0000088941-23-000006-index.htm", "finalLink": "https://www.sec.gov/Archives/edgar/data/88941/000008894123000006/smtc-20230129.htm", "calculatedOtherExpenses": -17492000, "calculatedOperatingExpenses": 385759000, "calculatedNetInterest": -11845000, "calculatedOtherIncome": -2487000, "calculatedIncomeNonControlling": -257000, "calculatedEbitda": 79777000}, {"date": "2022-01-30", "symbol": "SMTC", "reportedCurrency": "USD", "cik": "0000088941", "fillingDate": "2022-03-16", "acceptedDate": "2022-03-16 16:35:21", "calendarYear": "2022", "period": "FY", "revenue": 740858000, "costOfRevenue": 274777000, "grossProfit": 466081000, "grossProfitRatio": 0.6291097619, "researchAndDevelopmentExpenses": 147925000, "generalAndAdministrativeExpenses": 166410000, "sellingAndMarketingExpenses": 1800000, "sellingGeneralAndAdministrativeExpenses": 168210000, "otherExpenses": 4942000, "operatingExpenses": 321077000, "costAndExpenses": 595854000, "interestIncome": 1469000, "interestExpense": 5091000, "depreciationAndAmortization": 5409000, "ebitda": 150426000, "ebitdaratio": 0.2030429583, "operatingIncome": 145017000, "operatingIncomeRatio": 0.195741964, "totalOtherIncomeExpensesNet": -5948000, "incomeBeforeTax": 139069000, "incomeBeforeTaxRatio": 0.187713435, "incomeTaxExpense": 15539000, "netIncome": 125664000, "netIncomeRatio": 0.1696195492, "eps": 1.94, "epsdiluted": 1.92, "weightedAverageShsOut": 64662000, "weightedAverageShsOutDil": 65565000, "link": "https://www.sec.gov/Archives/edgar/data/88941/000008894122000006/0000088941-22-000006-index.htm", "finalLink": "https://www.sec.gov/Archives/edgar/data/88941/000008894122000006/smtc-20220130.htm", "calculatedOtherExpenses": 4929000, "calculatedOperatingExpenses": 321064000, "calculatedNetInterest": -3622000, "calculatedOtherIncome": -2326000, "calculatedIncomeNonControlling": -2134000, "calculatedEbitda": 150426000}, {"date": "2021-01-31", "symbol": "SMTC", "reportedCurrency": "USD", "cik": "0000088941", "fillingDate": "2021-03-24", "acceptedDate": "2021-03-24 16:19:05", "calendarYear": "2021", "period": "FY", "revenue": 595117000, "costOfRevenue": 231568000, "grossProfit": 363549000, "grossProfitRatio": 0.6108865988, "researchAndDevelopmentExpenses": 117529000, "generalAndAdministrativeExpenses": 161832000, "sellingAndMarketingExpenses": 1000000, "sellingGeneralAndAdministrativeExpenses": 162832000, "otherExpenses": 8265000, "operatingExpenses": 288626000, "costAndExpenses": 520194000, "interestIncome": 2535000, "interestExpense": 5336000, "depreciationAndAmortization": 8356000, "ebitda": 83312000, "ebitdaratio": 0.1399926401, "operatingIncome": 74956000, "operatingIncomeRatio": 0.1259517036, "totalOtherIncomeExpensesNet": -11981000, "incomeBeforeTax": 62975000, "incomeBeforeTaxRatio": 0.1058195279, "incomeTaxExpense": 3437000, "netIncome": 59903000, "netIncomeRatio": 0.1006575178, "eps": 0.92, "epsdiluted": 0.91, "weightedAverageShsOut": 65208000, "weightedAverageShsOutDil": 66059000, "link": "https://www.sec.gov/Archives/edgar/data/88941/000008894121000006/0000088941-21-000006-index.htm", "finalLink": "https://www.sec.gov/Archives/edgar/data/88941/000008894121000006/smtc-20210131.htm", "calculatedOtherExpenses": 8232000, "calculatedOperatingExpenses": 288593000, "calculatedNetInterest": -2801000, "calculatedOtherIncome": -9180000, "calculatedIncomeNonControlling": -365000, "calculatedEbitda": 83312000}, {"date": "2020-01-26", "symbol": "SMTC", "reportedCurrency": "USD", "cik": "0000088941", "fillingDate": "2020-03-20", "acceptedDate": "2020-03-20 16:27:01", "calendarYear": "2020", "period": "FY", "revenue": 547512000, "costOfRevenue": 210828000, "grossProfit": 336684000, "grossProfitRatio": 0.6149344672, "researchAndDevelopmentExpenses": 107368000, "generalAndAdministrativeExpenses": 162206000, "sellingAndMarketingExpenses": 900000, "sellingGeneralAndAdministrativeExpenses": 163106000, "otherExpenses": 16546000, "operatingExpenses": 287020000, "costAndExpenses": 497848000, "interestIncome": 9106000, "interestExpense": 9106000, "depreciationAndAmortization": 17094000, "ebitda": 69103000, "ebitdaratio": 0.1262127588, "operatingIncome": 52009000, "operatingIncomeRatio": 0.0949915253, "totalOtherIncomeExpensesNet": -7424000, "incomeBeforeTax": 44585000, "incomeBeforeTaxRatio": 0.0814320051, "incomeTaxExpense": 12828000, "netIncome": 31871000, "netIncomeRatio": 0.0582105963, "eps": 0.48, "epsdiluted": 0.47, "weightedAverageShsOut": 66263000, "weightedAverageShsOutDil": 67418000, "link": "https://www.sec.gov/Archives/edgar/data/88941/000008894120000003/0000088941-20-000003-index.htm", "finalLink": "https://www.sec.gov/Archives/edgar/data/88941/000008894120000003/smtc-01262020x10k.htm", "calculatedOtherExpenses": 14201000, "calculatedOperatingExpenses": 284675000, "calculatedNetInterest": 0, "calculatedOtherIncome": -7424000, "calculatedIncomeNonControlling": -114000, "calculatedEbitda": 69103000}, {"date": "2019-01-27", "symbol": "SMTC", "reportedCurrency": "USD", "cik": "0000088941", "fillingDate": "2019-03-21", "acceptedDate": "2019-03-21 16:42:04", "calendarYear": "2019", "period": "FY", "revenue": 627196000, "costOfRevenue": 250174000, "grossProfit": 377022000, "grossProfitRatio": 0.6011230939, "researchAndDevelopmentExpenses": 109918000, "generalAndAdministrativeExpenses": 150797000, "sellingAndMarketingExpenses": 600000, "sellingGeneralAndAdministrativeExpenses": 151397000, "otherExpenses": 3823000, "operatingExpenses": 287964000, "costAndExpenses": 538138000, "interestIncome": 0, "interestExpense": 9202000, "depreciationAndAmortization": 26649000, "ebitda": 119530000, "ebitdaratio": 0.1905783838, "operatingIncome": 98477000, "operatingIncomeRatio": 0.1570115243, "totalOtherIncomeExpensesNet": -16758000, "incomeBeforeTax": 63098000, "incomeBeforeTaxRatio": 0.1006033202, "incomeTaxExpense": -84000, "netIncome": 63056000, "netIncomeRatio": 0.1005363555, "eps": 0.96, "epsdiluted": 0.92, "weightedAverageShsOut": 65982000, "weightedAverageShsOutDil": 68481000, "link": "https://www.sec.gov/Archives/edgar/data/88941/000162828019003241/0001628280-19-003241-index.htm", "finalLink": "https://www.sec.gov/Archives/edgar/data/88941/000162828019003241/smtc-01272019x10k.htm", "calculatedOtherExpenses": 17230000, "calculatedOperatingExpenses": 278545000, "calculatedNetInterest": -9202000, "calculatedOtherIncome": -26177000, "calculatedIncomeNonControlling": 126000, "calculatedEbitda": 125126000}, {"date": "2018-01-28", "symbol": "SMTC", "reportedCurrency": "USD", "cik": "0000088941", "fillingDate": "2018-03-22", "acceptedDate": "2018-03-22 16:35:25", "calendarYear": "2018", "period": "FY", "revenue": 587847000, "costOfRevenue": 235876000, "grossProfit": 351971000, "grossProfitRatio": 0.5987459322, "researchAndDevelopmentExpenses": 104798000, "generalAndAdministrativeExpenses": 145703000, "sellingAndMarketingExpenses": 600000, "sellingGeneralAndAdministrativeExpenses": 146303000, "otherExpenses": -902000, "operatingExpenses": 278968000, "costAndExpenses": 514844000, "interestIncome": 0, "interestExpense": 7963000, "depreciationAndAmortization": 27867000, "ebitda": 99968000, "ebitdaratio": 0.1700578552, "operatingIncome": 68736000, "operatingIncomeRatio": 0.1169283844, "totalOtherIncomeExpensesNet": -5169000, "incomeBeforeTax": 59871000, "incomeBeforeTaxRatio": 0.1018479298, "incomeTaxExpense": 23191000, "netIncome": 36426000, "netIncomeRatio": 0.0619651032, "eps": 0.52, "epsdiluted": 0.51, "weightedAverageShsOut": 66027000, "weightedAverageShsOutDil": 67605000, "link": "https://www.sec.gov/Archives/edgar/data/88941/000162828018003489/0001628280-18-003489-index.htm", "finalLink": "https://www.sec.gov/Archives/edgar/data/88941/000162828018003489/smtc-01282018x10k.htm", "calculatedOtherExpenses": 32134000, "calculatedOperatingExpenses": 283235000, "calculatedNetInterest": -7963000, "calculatedOtherIncome": -902000, "calculatedIncomeNonControlling": 254000, "calculatedEbitda": 96603000}, {"date": "2017-01-29", "symbol": "SMTC", "reportedCurrency": "USD", "cik": "0000088941", "fillingDate": "2017-03-23", "acceptedDate": "2017-03-23 16:33:37", "calendarYear": "2017", "period": "FY", "revenue": 544272000, "costOfRevenue": 219410000, "grossProfit": 324862000, "grossProfitRatio": 0.5968743569, "researchAndDevelopmentExpenses": 102500000, "generalAndAdministrativeExpenses": 136026000, "sellingAndMarketingExpenses": 400000, "sellingGeneralAndAdministrativeExpenses": 136426000, "otherExpenses": -1721000, "operatingExpenses": 264227000, "costAndExpenses": 483637000, "interestIncome": 205000, "interestExpense": 9300000, "depreciationAndAmortization": 25301000, "ebitda": 84215000, "ebitdaratio": 0.1547296205, "operatingIncome": 84081000, "operatingIncomeRatio": 0.1544834201, "totalOtherIncomeExpensesNet": 21725000, "incomeBeforeTax": 73060000, "incomeBeforeTaxRatio": 0.1342343534, "incomeTaxExpense": 18399000, "netIncome": 54661000, "netIncomeRatio": 0.1004295646, "eps": 0.84, "epsdiluted": 0.83, "weightedAverageShsOut": 65427000, "weightedAverageShsOutDil": 66109000, "link": "https://www.sec.gov/Archives/edgar/data/88941/000162828017002859/0001628280-17-002859-index.htm", "finalLink": "https://www.sec.gov/Archives/edgar/data/88941/000162828017002859/smtc-01292017x10k.htm", "calculatedOtherExpenses": 1855000, "calculatedOperatingExpenses": 240781000, "calculatedNetInterest": -9095000, "calculatedOtherIncome": -1926000, "calculatedIncomeNonControlling": 0, "calculatedEbitda": 109382000}, {"date": "2016-01-31", "symbol": "SMTC", "reportedCurrency": "USD", "cik": "0000088941", "fillingDate": "2016-03-31", "acceptedDate": "2016-03-31 16:31:08", "calendarYear": "2016", "period": "FY", "revenue": 490219000, "costOfRevenue": 197109000, "grossProfit": 293110000, "grossProfitRatio": 0.5979164414, "researchAndDevelopmentExpenses": 113737000, "generalAndAdministrativeExpenses": 135951000, "sellingAndMarketingExpenses": 200000, "sellingGeneralAndAdministrativeExpenses": 136151000, "otherExpenses": -1801000, "operatingExpenses": 274947000, "costAndExpenses": 472056000, "interestIncome": -1801000, "interestExpense": 7819000, "depreciationAndAmortization": 25059000, "ebitda": 41421000, "ebitdaratio": 0.084494889, "operatingIncome": 29999000, "operatingIncomeRatio": 0.0611950985, "totalOtherIncomeExpensesNet": 10035000, "incomeBeforeTax": 20379000, "incomeBeforeTaxRatio": 0.0415712161, "incomeTaxExpense": 8882000, "netIncome": 11497000, "netIncomeRatio": 0.0234527833, "eps": 0.18, "epsdiluted": 0.17, "weightedAverageShsOut": 65657000, "weightedAverageShsOutDil": 65961000, "link": "https://www.sec.gov/Archives/edgar/data/88941/000162828016013952/0001628280-16-013952-index.htm", "finalLink": "https://www.sec.gov/Archives/edgar/data/88941/000162828016013952/smtc-01312016x10k.htm", "calculatedOtherExpenses": 13223000, "calculatedOperatingExpenses": 263111000, "calculatedNetInterest": -9620000, "calculatedOtherIncome": 0, "calculatedIncomeNonControlling": 0, "calculatedEbitda": 55058000}, {"date": "2015-01-25", "symbol": "SMTC", "reportedCurrency": "USD", "cik": "0000088941", "fillingDate": "2015-03-30", "acceptedDate": "2015-03-30 17:21:03", "calendarYear": "2015", "period": "FY", "revenue": 557885000, "costOfRevenue": 229093000, "grossProfit": 328792000, "grossProfitRatio": 0.5893544368, "researchAndDevelopmentExpenses": 119371000, "generalAndAdministrativeExpenses": 128425000, "sellingAndMarketingExpenses": 100000, "sellingGeneralAndAdministrativeExpenses": 128525000, "otherExpenses": -257000, "operatingExpenses": 285250000, "costAndExpenses": 514343000, "interestIncome": 165000, "interestExpense": 5927000, "depreciationAndAmortization": 37354000, "ebitda": 81061000, "ebitdaratio": 0.1453005548, "operatingIncome": 42257000, "operatingIncomeRatio": 0.0757450012, "totalOtherIncomeExpensesNet": -1285000, "incomeBeforeTax": 36495000, "incomeBeforeTaxRatio": 0.0654167077, "incomeTaxExpense": 8548000, "netIncome": 27947000, "netIncomeRatio": 0.0500945535, "eps": 0.42, "epsdiluted": 0.41, "weightedAverageShsOut": 67108000, "weightedAverageShsOutDil": 67685000, "link": "https://www.sec.gov/Archives/edgar/data/88941/000162828015002037/0001628280-15-002037-index.htm", "finalLink": "https://www.sec.gov/Archives/edgar/data/88941/000162828015002037/smtc-01252015.htm", "calculatedOtherExpenses": 38639000, "calculatedOperatingExpenses": 286535000, "calculatedNetInterest": -5762000, "calculatedOtherIncome": 0, "calculatedIncomeNonControlling": 0, "calculatedEbitda": 79611000}, {"date": "2014-01-26", "symbol": "SMTC", "reportedCurrency": "USD", "cik": "0000088941", "fillingDate": "2014-03-27", "acceptedDate": "2014-03-27 16:17:40", "calendarYear": "2014", "period": "FY", "revenue": 594977000, "costOfRevenue": 259766000, "grossProfit": 335211000, "grossProfitRatio": 0.5634016105, "researchAndDevelopmentExpenses": 137437000, "generalAndAdministrativeExpenses": 125279000, "sellingAndMarketingExpenses": 100000, "sellingGeneralAndAdministrativeExpenses": 125379000, "otherExpenses": -1390000, "operatingExpenses": 324356000, "costAndExpenses": 584122000, "interestIncome": -1390000, "interestExpense": 18174000, "depreciationAndAmortization": 61540000, "ebitda": 71005000, "ebitdaratio": 0.1193407476, "operatingIncome": -108917000, "operatingIncomeRatio": -0.1830608578, "totalOtherIncomeExpensesNet": -121162000, "incomeBeforeTax": -128481000, "incomeBeforeTaxRatio": -0.2159428012, "incomeTaxExpense": 35985000, "netIncome": -164466000, "netIncomeRatio": -0.2764241307, "eps": -2.44, "epsdiluted": -2.44, "weightedAverageShsOut": 67404098, "weightedAverageShsOutDil": 67471000, "link": "https://www.sec.gov/Archives/edgar/data/88941/000144530514001181/0001445305-14-001181-index.htm", "finalLink": "https://www.sec.gov/Archives/edgar/data/88941/000144530514001181/smtc-01262014x10k.htm", "calculatedOtherExpenses": 181312000, "calculatedOperatingExpenses": 444128000, "calculatedNetInterest": -19564000, "calculatedOtherIncome": 0, "calculatedIncomeNonControlling": 0, "calculatedEbitda": -47377000}, {"date": "2013-01-27", "symbol": "SMTC", "reportedCurrency": "USD", "cik": "0000088941", "fillingDate": "2013-03-28", "acceptedDate": "2013-03-28 16:25:32", "calendarYear": "2013", "period": "FY", "revenue": 578827000, "costOfRevenue": 264215000, "grossProfit": 314612000, "grossProfitRatio": 0.5435337329, "researchAndDevelopmentExpenses": 120009000, "generalAndAdministrativeExpenses": 148951000, "sellingAndMarketingExpenses": 119000, "sellingGeneralAndAdministrativeExpenses": 149070000, "otherExpenses": -977000, "operatingExpenses": 299023000, "costAndExpenses": 563238000, "interestIncome": -977000, "interestExpense": 14363000, "depreciationAndAmortization": 49192000, "ebitda": 63804000, "ebitdaratio": 0.1102298269, "operatingIncome": 15589000, "operatingIncomeRatio": 0.026932054, "totalOtherIncomeExpensesNet": -977000, "incomeBeforeTax": 249000, "incomeBeforeTaxRatio": 0.0004301803, "incomeTaxExpense": -41690000, "netIncome": 41939000, "netIncomeRatio": 0.072455155, "eps": 0.64, "epsdiluted": 0.62, "weightedAverageShsOut": 65809000, "weightedAverageShsOutDil": 67471000, "link": "https://www.sec.gov/Archives/edgar/data/88941/000144530513000732/0001445305-13-000732-index.htm", "finalLink": "https://www.sec.gov/Archives/edgar/data/88941/000144530513000732/smtc-01272013x10k.htm", "calculatedOtherExpenses": 29944000, "calculatedOperatingExpenses": 299023000, "calculatedNetInterest": -15340000, "calculatedOtherIncome": 0, "calculatedIncomeNonControlling": 0, "calculatedEbitda": 64781000}, {"date": "2012-01-31", "symbol": "SMTC", "reportedCurrency": "USD", "cik": "0000088941", "fillingDate": "2012-03-29", "acceptedDate": "2012-03-29 17:16:29", "calendarYear": "2012", "period": "FY", "revenue": 480601000, "costOfRevenue": 194956000, "grossProfit": 285645000, "grossProfitRatio": 0.5943495748, "researchAndDevelopmentExpenses": 80577000, "generalAndAdministrativeExpenses": 0, "sellingAndMarketingExpenses": 0, "sellingGeneralAndAdministrativeExpenses": 100629000, "otherExpenses": 10853000, "operatingExpenses": 192059000, "costAndExpenses": 387015000, "interestIncome": 593000, "interestExpense": 1213000, "depreciationAndAmortization": 18543000, "ebitda": 112129000, "ebitdaratio": 0.2333099598, "operatingIncome": 93586000, "operatingIncomeRatio": 0.1947270189, "totalOtherIncomeExpensesNet": -620000, "incomeBeforeTax": 94179000, "incomeBeforeTaxRatio": 0.1959608906, "incomeTaxExpense": 5092000, "netIncome": 89087000, "netIncomeRatio": 0.1853658232, "eps": 1.37, "epsdiluted": 1.32, "weightedAverageShsOut": 65099000, "weightedAverageShsOutDil": 67350000, "link": "https://www.sec.gov/Archives/edgar/data/88941/000119312512140125/0001193125-12-140125-index.html", "finalLink": "https://www.sec.gov/Archives/edgar/data/88941/000119312512140125/d271938d10k.htm", "calculatedOtherExpenses": 10853000, "calculatedOperatingExpenses": 192059000, "calculatedNetInterest": -620000, "calculatedOtherIncome": 1213000, "calculatedIncomeNonControlling": 0, "calculatedEbitda": 112129000}, {"date": "2011-01-30", "symbol": "SMTC", "reportedCurrency": "USD", "cik": "0000088941", "fillingDate": "2011-03-31", "acceptedDate": "2011-03-31 16:08:53", "calendarYear": "2011", "period": "FY", "revenue": 454502000, "costOfRevenue": 186196000, "grossProfit": 268306000, "grossProfitRatio": 0.5903296355, "researchAndDevelopmentExpenses": 69624000, "generalAndAdministrativeExpenses": 0, "sellingAndMarketingExpenses": 0, "sellingGeneralAndAdministrativeExpenses": 110404000, "otherExpenses": 9520000, "operatingExpenses": 189548000, "costAndExpenses": 375744000, "interestIncome": 574000, "interestExpense": 0, "depreciationAndAmortization": 9520000, "ebitda": 88278000, "ebitdaratio": 0.1942301684, "operatingIncome": 78758000, "operatingIncomeRatio": 0.173284166, "totalOtherIncomeExpensesNet": 574000, "incomeBeforeTax": 79332000, "incomeBeforeTaxRatio": 0.1745470867, "incomeTaxExpense": 6760000, "netIncome": 72572000, "netIncomeRatio": 0.1596736648, "eps": 1.16, "epsdiluted": 1.12, "weightedAverageShsOut": 62339000, "weightedAverageShsOutDil": 64523000, "link": "https://www.sec.gov/Archives/edgar/data/88941/000119312511084847/0001193125-11-084847-index.htm", "finalLink": "https://www.sec.gov/Archives/edgar/data/88941/000119312511084847/d10k.htm", "calculatedOtherExpenses": 9520000, "calculatedOperatingExpenses": 189548000, "calculatedNetInterest": 574000, "calculatedOtherIncome": 0, "calculatedIncomeNonControlling": 0, "calculatedEbitda": 88278000}, {"date": "2010-01-31", "symbol": "SMTC", "reportedCurrency": "USD", "cik": "0000088941", "fillingDate": "2010-04-01", "acceptedDate": "2010-04-01 17:04:21", "calendarYear": "2010", "period": "FY", "revenue": 286560000, "costOfRevenue": 130514000, "grossProfit": 156046000, "grossProfitRatio": 0.5445491346, "researchAndDevelopmentExpenses": 44847000, "generalAndAdministrativeExpenses": 0, "sellingAndMarketingExpenses": 0, "sellingGeneralAndAdministrativeExpenses": 77448000, "otherExpenses": 2348000, "operatingExpenses": 122296000, "costAndExpenses": 252810000, "interestIncome": 3054000, "interestExpense": 139000, "depreciationAndAmortization": 8357000, "ebitda": 36584000, "ebitdaratio": 0.1276661083, "operatingIncome": 30916000, "operatingIncomeRatio": 0.1078866555, "totalOtherIncomeExpensesNet": -2834000, "incomeBeforeTax": 33970000, "incomeBeforeTaxRatio": 0.1185441094, "incomeTaxExpense": 33014000, "netIncome": 956000, "netIncomeRatio": 0.0033361251, "eps": 0.02, "epsdiluted": 0.02, "weightedAverageShsOut": 60779000, "weightedAverageShsOutDil": 61676000, "link": "https://www.sec.gov/Archives/edgar/data/88941/000119312510075183/0001193125-10-075183-index.htm", "finalLink": "https://www.sec.gov/Archives/edgar/data/88941/000119312510075183/d10k.htm", "calculatedOtherExpenses": 2835000, "calculatedOperatingExpenses": 125130000, "calculatedNetInterest": 2915000, "calculatedOtherIncome": 139000, "calculatedIncomeNonControlling": 0, "calculatedEbitda": 39273000}, {"date": "2009-01-25", "symbol": "SMTC", "reportedCurrency": "USD", "cik": "0000088941", "fillingDate": "2009-03-26", "acceptedDate": "2009-03-26 07:02:51", "calendarYear": "2009", "period": "FY", "revenue": 294820000, "costOfRevenue": 135233000, "grossProfit": 159587000, "grossProfitRatio": 0.541303168, "researchAndDevelopmentExpenses": 41405000, "generalAndAdministrativeExpenses": 0, "sellingAndMarketingExpenses": 0, "sellingGeneralAndAdministrativeExpenses": 72890000, "otherExpenses": 0, "operatingExpenses": 114295000, "costAndExpenses": 249528000, "interestIncome": 0, "interestExpense": 0, "depreciationAndAmortization": 8324000, "ebitda": 58404000, "ebitdaratio": 0.1981005359, "operatingIncome": 41891000, "operatingIncomeRatio": 0.1420900889, "totalOtherIncomeExpensesNet": -4788000, "incomeBeforeTax": 46178000, "incomeBeforeTaxRatio": 0.1566311648, "incomeTaxExpense": 8657000, "netIncome": 37521000, "netIncomeRatio": 0.1272674852, "eps": 0.61, "epsdiluted": 0.61, "weightedAverageShsOut": 61249000, "weightedAverageShsOutDil": 61999000, "link": "https://www.sec.gov/Archives/edgar/data/88941/000119312509063579/0001193125-09-063579-index.htm", "finalLink": "https://www.sec.gov/Archives/edgar/data/88941/000119312509063579/d10k.htm", "calculatedOtherExpenses": 3401000, "calculatedOperatingExpenses": 117696000, "calculatedNetInterest": 0, "calculatedOtherIncome": 4287000, "calculatedIncomeNonControlling": 0, "calculatedEbitda": 50215000}, {"date": "2008-01-27", "symbol": "SMTC", "reportedCurrency": "USD", "cik": "0000088941", "fillingDate": "2008-03-27", "acceptedDate": "2008-03-27 16:57:47", "calendarYear": "2008", "period": "FY", "revenue": 284790000, "costOfRevenue": 128513000, "grossProfit": 156277000, "grossProfitRatio": 0.5487446891, "researchAndDevelopmentExpenses": 43064000, "generalAndAdministrativeExpenses": 0, "sellingAndMarketingExpenses": 0, "sellingGeneralAndAdministrativeExpenses": 74263000, "otherExpenses": -4237000, "operatingExpenses": 113090000, "costAndExpenses": 241603000, "interestIncome": 0, "interestExpense": 0, "depreciationAndAmortization": 10226000, "ebitda": 46198000, "ebitdaratio": 0.1622177745, "operatingIncome": 43187000, "operatingIncomeRatio": 0.1516450718, "totalOtherIncomeExpensesNet": 7215000, "incomeBeforeTax": 58307000, "incomeBeforeTaxRatio": 0.2047368236, "incomeTaxExpense": 10524000, "netIncome": 47783000, "netIncomeRatio": 0.1677832789, "eps": 0.72, "epsdiluted": 0.71, "weightedAverageShsOut": 66424000, "weightedAverageShsOutDil": 67709000, "link": "https://www.sec.gov/Archives/edgar/data/88941/000119312508067303/0001193125-08-067303-index.htm", "finalLink": "https://www.sec.gov/Archives/edgar/data/88941/000119312508067303/d10k.htm", "calculatedOtherExpenses": -4237000, "calculatedOperatingExpenses": 113090000, "calculatedNetInterest": 0, "calculatedOtherIncome": 15120000, "calculatedIncomeNonControlling": 0, "calculatedEbitda": 53413000}, {"date": "2007-01-28", "symbol": "SMTC", "reportedCurrency": "USD", "cik": "0000088941", "fillingDate": "2007-04-13", "acceptedDate": "2007-04-13 17:29:04", "calendarYear": "2007", "period": "FY", "revenue": 252538000, "costOfRevenue": 115564000, "grossProfit": 136974000, "grossProfitRatio": 0.5423896602, "researchAndDevelopmentExpenses": 41256000, "generalAndAdministrativeExpenses": 0, "sellingAndMarketingExpenses": 0, "sellingGeneralAndAdministrativeExpenses": 70661000, "otherExpenses": 0, "operatingExpenses": 111917000, "costAndExpenses": 227481000, "interestIncome": 13199000, "interestExpense": 151000, "depreciationAndAmortization": 11812000, "ebitda": 37563000, "ebitdaratio": 0.1487419715, "operatingIncome": 23865000, "operatingIncomeRatio": 0.0945006296, "totalOtherIncomeExpensesNet": -694000, "incomeBeforeTax": 37411000, "incomeBeforeTaxRatio": 0.1481400819, "incomeTaxExpense": 6283000, "netIncome": 31128000, "netIncomeRatio": 0.1232606578, "eps": 0.43, "epsdiluted": 0.42, "weightedAverageShsOut": 72372000, "weightedAverageShsOutDil": 74017000, "link": "https://www.sec.gov/Archives/edgar/data/88941/000119312507080940/0001193125-07-080940-index.htm", "finalLink": "https://www.sec.gov/Archives/edgar/data/88941/000119312507080940/d10k.htm", "calculatedOtherExpenses": 1192000, "calculatedOperatingExpenses": 113109000, "calculatedNetInterest": 13048000, "calculatedOtherIncome": 498000, "calculatedIncomeNonControlling": 0, "calculatedEbitda": 35677000}, {"date": "2006-01-29", "symbol": "SMTC", "reportedCurrency": "USD", "cik": "0000088941", "fillingDate": "2006-04-14", "acceptedDate": "2006-04-13 21:16:32", "calendarYear": "2006", "period": "FY", "revenue": 239405000, "costOfRevenue": 104996000, "grossProfit": 134409000, "grossProfitRatio": 0.561429377, "researchAndDevelopmentExpenses": 37534000, "generalAndAdministrativeExpenses": 0, "sellingAndMarketingExpenses": 0, "sellingGeneralAndAdministrativeExpenses": 44551000, "otherExpenses": 0, "operatingExpenses": 82085000, "costAndExpenses": 187081000, "interestIncome": 0, "interestExpense": 15187000, "depreciationAndAmortization": 11752000, "ebitda": 69030000, "ebitdaratio": 0.2883398425, "operatingIncome": 47370000, "operatingIncomeRatio": 0.1978655417, "totalOtherIncomeExpensesNet": -4954000, "incomeBeforeTax": 54656000, "incomeBeforeTaxRatio": 0.2282993254, "incomeTaxExpense": 11671000, "netIncome": 42985000, "netIncomeRatio": 0.1795492993, "eps": 0.57, "epsdiluted": 0.55, "weightedAverageShsOut": 73436000, "weightedAverageShsOutDil": 76114000, "link": "https://www.sec.gov/Archives/edgar/data/88941/000119312506079819/0001193125-06-079819-index.htm", "finalLink": "https://www.sec.gov/Archives/edgar/data/88941/000119312506079819/d10k.htm", "calculatedOtherExpenses": 4954000, "calculatedOperatingExpenses": 87039000, "calculatedNetInterest": -15187000, "calculatedOtherIncome": 22473000, "calculatedIncomeNonControlling": 0, "calculatedEbitda": 59122000}, {"date": "2005-01-30", "symbol": "SMTC", "reportedCurrency": "USD", "cik": "0000088941", "fillingDate": "2005-04-15", "acceptedDate": "2005-04-15 17:04:12", "calendarYear": "2005", "period": "FY", "revenue": 253612000, "costOfRevenue": 105705000, "grossProfit": 147907000, "grossProfitRatio": 0.583201899, "researchAndDevelopmentExpenses": 33492000, "generalAndAdministrativeExpenses": 0, "sellingAndMarketingExpenses": 0, "sellingGeneralAndAdministrativeExpenses": 44449000, "otherExpenses": 0, "operatingExpenses": 77941000, "costAndExpenses": 183646000, "interestIncome": 0, "interestExpense": 15187000, "depreciationAndAmortization": 9790000, "ebitda": 79756000, "ebitdaratio": 0.3144803874, "operatingIncome": 69966000, "operatingIncomeRatio": 0.275878113, "totalOtherIncomeExpensesNet": 6304000, "incomeBeforeTax": 76270000, "incomeBeforeTaxRatio": 0.300734981, "incomeTaxExpense": 17382000, "netIncome": 58888000, "netIncomeRatio": 0.2321972146, "eps": 0.74, "epsdiluted": 0.7, "weightedAverageShsOut": 74187000, "weightedAverageShsOutDil": 78257000, "link": "https://www.sec.gov/Archives/edgar/data/88941/000119312505077787/0001193125-05-077787-index.htm", "finalLink": "https://www.sec.gov/Archives/edgar/data/88941/000119312505077787/d10k.htm", "calculatedOtherExpenses": 0, "calculatedOperatingExpenses": 77941000, "calculatedNetInterest": -15187000, "calculatedOtherIncome": 21491000, "calculatedIncomeNonControlling": 0, "calculatedEbitda": 79756000}, {"date": "2004-01-25", "symbol": "SMTC", "reportedCurrency": "USD", "cik": "0000088941", "fillingDate": "2004-04-09", "acceptedDate": "2004-04-09 15:11:20", "calendarYear": "2004", "period": "FY", "revenue": 192079000, "costOfRevenue": 81332000, "grossProfit": 110747000, "grossProfitRatio": 0.5765700571, "researchAndDevelopmentExpenses": 30371000, "generalAndAdministrativeExpenses": 0, "sellingAndMarketingExpenses": 0, "sellingGeneralAndAdministrativeExpenses": 37207000, "otherExpenses": 0, "operatingExpenses": 67578000, "costAndExpenses": 148910000, "interestIncome": 0, "interestExpense": 0, "depreciationAndAmortization": 9000000, "ebitda": 52169000, "ebitdaratio": 0.2716017888, "operatingIncome": 43169000, "operatingIncomeRatio": 0.224746068, "totalOtherIncomeExpensesNet": -451000, "incomeBeforeTax": 42718000, "incomeBeforeTaxRatio": 0.2223980758, "incomeTaxExpense": 10252000, "netIncome": 32466000, "netIncomeRatio": 0.1690242036, "eps": 0.44, "epsdiluted": 0.42, "weightedAverageShsOut": 73570000, "weightedAverageShsOutDil": 77504000, "link": "https://www.sec.gov/Archives/edgar/data/88941/000119312504059865/0001193125-04-059865-index.htm", "finalLink": "https://www.sec.gov/Archives/edgar/data/88941/000119312504059865/d10k.htm", "calculatedOtherExpenses": 0, "calculatedOperatingExpenses": 67578000, "calculatedNetInterest": 0, "calculatedOtherIncome": -451000, "calculatedIncomeNonControlling": 0, "calculatedEbitda": 52169000}, {"date": "2003-01-26", "symbol": "SMTC", "reportedCurrency": "USD", "cik": "0000088941", "fillingDate": "2003-04-24", "acceptedDate": "2003-04-24 13:40:35", "calendarYear": "2003", "period": "FY", "revenue": 192958000, "costOfRevenue": 83097000, "grossProfit": 109861000, "grossProfitRatio": 0.5693518797, "researchAndDevelopmentExpenses": 31336000, "generalAndAdministrativeExpenses": 0, "sellingAndMarketingExpenses": 0, "sellingGeneralAndAdministrativeExpenses": 34426000, "otherExpenses": 13202000, "operatingExpenses": 78964000, "costAndExpenses": 162061000, "interestIncome": 0, "interestExpense": 0, "depreciationAndAmortization": 9581000, "ebitda": 53680000, "ebitdaratio": 0.2781952549, "operatingIncome": 30897000, "operatingIncomeRatio": 0.1601229283, "totalOtherIncomeExpensesNet": -13202000, "incomeBeforeTax": 46084000, "incomeBeforeTaxRatio": 0.2388291753, "incomeTaxExpense": 11903000, "netIncome": 34181000, "netIncomeRatio": 0.177142176, "eps": 0.47, "epsdiluted": 0.44, "weightedAverageShsOut": 73013000, "weightedAverageShsOutDil": 77789000, "link": "https://www.sec.gov/Archives/edgar/data/88941/000102140803006503/0001021408-03-006503-index.htm", "finalLink": "https://www.sec.gov/Archives/edgar/data/88941/000102140803006503/d10k.htm", "calculatedOtherExpenses": 13202000, "calculatedOperatingExpenses": 78964000, "calculatedNetInterest": 0, "calculatedOtherIncome": 15187000, "calculatedIncomeNonControlling": 0, "calculatedEbitda": 40478000}, {"date": "2002-01-27", "symbol": "SMTC", "reportedCurrency": "USD", "cik": "0000088941", "fillingDate": "2002-04-09", "acceptedDate": "2002-04-09 00:00:00", "calendarYear": "2002", "period": "FY", "revenue": 191210000, "costOfRevenue": 97920000, "grossProfit": 93290000, "grossProfitRatio": 0.4878928926, "researchAndDevelopmentExpenses": 29744000, "generalAndAdministrativeExpenses": 0, "sellingAndMarketingExpenses": 0, "sellingGeneralAndAdministrativeExpenses": 33798000, "otherExpenses": 0, "operatingExpenses": 63542000, "costAndExpenses": 161462000, "interestIncome": 0, "interestExpense": 0, "depreciationAndAmortization": 10327000, "ebitda": 42802000, "ebitdaratio": 0.2238481251, "operatingIncome": 27021000, "operatingIncomeRatio": 0.1413158308, "totalOtherIncomeExpensesNet": -2727000, "incomeBeforeTax": 33832000, "incomeBeforeTaxRatio": 0.1769363527, "incomeTaxExpense": 9473000, "netIncome": 26003000, "netIncomeRatio": 0.1359918414, "eps": 0.37, "epsdiluted": 0.33, "weightedAverageShsOut": 69983000, "weightedAverageShsOutDil": 77747000, "link": "https://www.sec.gov/Archives/edgar/data/88941/000089843002001372/0000898430-02-001372-index.htm", "finalLink": "https://www.sec.gov/Archives/edgar/data/88941/000089843002001372/d10k.txt", "calculatedOtherExpenses": 2727000, "calculatedOperatingExpenses": 66269000, "calculatedNetInterest": 0, "calculatedOtherIncome": 6811000, "calculatedIncomeNonControlling": -1644000, "calculatedEbitda": 37348000}, {"date": "2001-01-28", "symbol": "SMTC", "reportedCurrency": "USD", "cik": "0000088941", "fillingDate": "2001-04-27", "acceptedDate": "2001-04-27 00:00:00", "calendarYear": "2001", "period": "FY", "revenue": 256685000, "costOfRevenue": 111819000, "grossProfit": 144866000, "grossProfitRatio": 0.5643726747, "researchAndDevelopmentExpenses": 32008000, "generalAndAdministrativeExpenses": 0, "sellingAndMarketingExpenses": 0, "sellingGeneralAndAdministrativeExpenses": 36164000, "otherExpenses": 0, "operatingExpenses": 68172000, "costAndExpenses": 179991000, "interestIncome": 0, "interestExpense": 0, "depreciationAndAmortization": 8837000, "ebitda": 85531000, "ebitdaratio": 0.3332138613, "operatingIncome": 76694000, "operatingIncomeRatio": 0.2987864503, "totalOtherIncomeExpensesNet": 9334000, "incomeBeforeTax": 86028000, "incomeBeforeTaxRatio": 0.3351500867, "incomeTaxExpense": 25808000, "netIncome": 60220000, "netIncomeRatio": 0.234606619, "eps": 0.91, "epsdiluted": 0.79, "weightedAverageShsOut": 66247000, "weightedAverageShsOutDil": 76527000, "link": "https://www.sec.gov/Archives/edgar/data/88941/000089843001500258/0000898430-01-500258-index.htm", "finalLink": "https://www.sec.gov/Archives/edgar/data/88941/000089843001500258/d10k.txt", "calculatedOtherExpenses": 0, "calculatedOperatingExpenses": 68172000, "calculatedNetInterest": 0, "calculatedOtherIncome": 9334000, "calculatedIncomeNonControlling": 0, "calculatedEbitda": 85531000}, {"date": "2000-01-30", "symbol": "SMTC", "reportedCurrency": "USD", "cik": "0000088941", "fillingDate": "2000-04-28", "acceptedDate": "2000-04-28 00:00:00", "calendarYear": "2000", "period": "FY", "revenue": 173768000, "costOfRevenue": 82731000, "grossProfit": 91037000, "grossProfitRatio": 0.5238996823, "researchAndDevelopmentExpenses": 20342000, "generalAndAdministrativeExpenses": 0, "sellingAndMarketingExpenses": 0, "sellingGeneralAndAdministrativeExpenses": 27206000, "otherExpenses": 0, "operatingExpenses": 47548000, "costAndExpenses": 130279000, "interestIncome": 0, "interestExpense": 0, "depreciationAndAmortization": 4118000, "ebitda": 46935000, "ebitdaratio": 0.2701015147, "operatingIncome": 42958000, "operatingIncomeRatio": 0.247214677, "totalOtherIncomeExpensesNet": 672000, "incomeBeforeTax": 44104000, "incomeBeforeTaxRatio": 0.2538096773, "incomeTaxExpense": 14709000, "netIncome": 29395000, "netIncomeRatio": 0.1691623314, "eps": 0.48, "epsdiluted": 0.42, "weightedAverageShsOut": 61670000, "weightedAverageShsOutDil": 70630000, "link": "https://www.sec.gov/Archives/edgar/data/88941/000089843000001389/0000898430-00-001389-index.html", "finalLink": "https://www.sec.gov/Archives/edgar/data/88941/000089843000001389/", "calculatedOtherExpenses": 531000, "calculatedOperatingExpenses": 48079000, "calculatedNetInterest": 0, "calculatedOtherIncome": 1146000, "calculatedIncomeNonControlling": 0, "calculatedEbitda": 47076000}, {"date": "1999-01-31", "symbol": "SMTC", "reportedCurrency": "USD", "cik": "0000088941", "fillingDate": "1999-04-30", "acceptedDate": "1999-04-30 00:00:00", "calendarYear": "1999", "period": "FY", "revenue": 114519000, "costOfRevenue": 60241000, "grossProfit": 54278000, "grossProfitRatio": 0.4739650189, "researchAndDevelopmentExpenses": 14026000, "generalAndAdministrativeExpenses": 0, "sellingAndMarketingExpenses": 0, "sellingGeneralAndAdministrativeExpenses": 20091000, "otherExpenses": 0, "operatingExpenses": 34117000, "costAndExpenses": 94358000, "interestIncome": 0, "interestExpense": 0, "depreciationAndAmortization": 3723000, "ebitda": 24661000, "ebitdaratio": 0.2153441787, "operatingIncome": 18576000, "operatingIncomeRatio": 0.1622088911, "totalOtherIncomeExpensesNet": -777000, "incomeBeforeTax": 19362000, "incomeBeforeTaxRatio": 0.169072381, "incomeTaxExpense": 6467000, "netIncome": 12895000, "netIncomeRatio": 0.1126014024, "eps": 0.22, "epsdiluted": 0.21, "weightedAverageShsOut": 58688000, "weightedAverageShsOutDil": 63568000, "link": "https://www.sec.gov/Archives/edgar/data/88941/000089843099001793/0000898430-99-001793-index.html", "finalLink": "https://www.sec.gov/Archives/edgar/data/88941/", "calculatedOtherExpenses": 1585000, "calculatedOperatingExpenses": 35702000, "calculatedNetInterest": 0, "calculatedOtherIncome": 786000, "calculatedIncomeNonControlling": 0, "calculatedEbitda": 22299000}, {"date": "1998-02-01", "symbol": "SMTC", "reportedCurrency": "USD", "cik": "0000088941", "fillingDate": "1998-05-01", "acceptedDate": "1998-05-01 00:00:00", "calendarYear": "1998", "period": "FY", "revenue": 102808000, "costOfRevenue": 53879000, "grossProfit": 48929000, "grossProfitRatio": 0.475925998, "researchAndDevelopmentExpenses": 9195000, "generalAndAdministrativeExpenses": 0, "sellingAndMarketingExpenses": 0, "sellingGeneralAndAdministrativeExpenses": 16925000, "otherExpenses": 0, "operatingExpenses": 26120000, "costAndExpenses": 79999000, "interestIncome": 0, "interestExpense": 0, "depreciationAndAmortization": 2775000, "ebitda": 26198000, "ebitdaratio": 0.2548245273, "operatingIncome": 21809000, "operatingIncomeRatio": 0.212133297, "totalOtherIncomeExpensesNet": -614000, "incomeBeforeTax": 22159000, "incomeBeforeTaxRatio": 0.2155377013, "incomeTaxExpense": 7398000, "netIncome": 14761000, "netIncomeRatio": 0.1435783208, "eps": 0.27, "epsdiluted": 0.25, "weightedAverageShsOut": 55912000, "weightedAverageShsOutDil": 60472000, "link": "https://www.sec.gov/Archives/edgar/data/88941/000089843098001686/0000898430-98-001686-index.html", "finalLink": "https://www.sec.gov/Archives/edgar/data/88941/", "calculatedOtherExpenses": 1000000, "calculatedOperatingExpenses": 27120000, "calculatedNetInterest": 0, "calculatedOtherIncome": 350000, "calculatedIncomeNonControlling": 0, "calculatedEbitda": 24584000}, {"date": "1997-01-26", "symbol": "SMTC", "reportedCurrency": "USD", "cik": "0000088941", "fillingDate": "1997-04-25", "acceptedDate": "1997-04-25 00:00:00", "calendarYear": "1997", "period": "FY", "revenue": 65383000, "costOfRevenue": 38113000, "grossProfit": 27270000, "grossProfitRatio": 0.4170808926, "researchAndDevelopmentExpenses": 4017000, "generalAndAdministrativeExpenses": 0, "sellingAndMarketingExpenses": 0, "sellingGeneralAndAdministrativeExpenses": 11824000, "otherExpenses": 0, "operatingExpenses": 15841000, "costAndExpenses": 53954000, "interestIncome": 0, "interestExpense": 0, "depreciationAndAmortization": 1748000, "ebitda": 13062000, "ebitdaratio": 0.1997767004, "operatingIncome": 11429000, "operatingIncomeRatio": 0.1748007892, "totalOtherIncomeExpensesNet": 115000, "incomeBeforeTax": 11413000, "incomeBeforeTaxRatio": 0.1745560773, "incomeTaxExpense": 3762000, "netIncome": 7651000, "netIncomeRatio": 0.1170181852, "eps": 0.16, "epsdiluted": 0.15, "weightedAverageShsOut": 54356000, "weightedAverageShsOutDil": 56200000, "link": "https://www.sec.gov/Archives/edgar/data/88941/000089843097001680/0000898430-97-001680-index.html", "finalLink": "https://www.sec.gov/Archives/edgar/data/88941/", "calculatedOtherExpenses": 0, "calculatedOperatingExpenses": 15841000, "calculatedNetInterest": 0, "calculatedOtherIncome": -16000, "calculatedIncomeNonControlling": 0, "calculatedEbitda": 13177000}, {"date": "1996-01-28", "symbol": "SMTC", "reportedCurrency": "USD", "cik": "0000088941", "fillingDate": "1996-04-25", "acceptedDate": "1996-04-25 00:00:00", "calendarYear": "1996", "period": "FY", "revenue": 61684000, "costOfRevenue": 35875000, "grossProfit": 25809000, "grossProfitRatio": 0.4184067181, "researchAndDevelopmentExpenses": 2827000, "generalAndAdministrativeExpenses": 0, "sellingAndMarketingExpenses": 0, "sellingGeneralAndAdministrativeExpenses": 11195000, "otherExpenses": -498000, "operatingExpenses": 13524000, "costAndExpenses": 49399000, "interestIncome": 0, "interestExpense": 0, "depreciationAndAmortization": 1139000, "ebitda": 13769000, "ebitdaratio": 0.2232183386, "operatingIncome": 11787000, "operatingIncomeRatio": 0.1910868296, "totalOtherIncomeExpensesNet": -345000, "incomeBeforeTax": 11343000, "incomeBeforeTaxRatio": 0.1838888529, "incomeTaxExpense": 3812000, "netIncome": 7531000, "netIncomeRatio": 0.1220900071, "eps": 0.16, "epsdiluted": 0.16, "weightedAverageShsOut": 48090952, "weightedAverageShsOutDil": 48090952, "link": "https://www.sec.gov/Archives/edgar/data/88941/000089843096001453/0000898430-96-001453-index.html", "finalLink": "https://www.sec.gov/Archives/edgar/data/88941/", "calculatedOtherExpenses": 0, "calculatedOperatingExpenses": 14022000, "calculatedNetInterest": 0, "calculatedOtherIncome": -444000, "calculatedIncomeNonControlling": 0, "calculatedEbitda": 12926000}, {"date": "1995-01-31", "symbol": "SMTC", "reportedCurrency": "USD", "cik": "0000088941", "fillingDate": "1995-01-31", "acceptedDate": "1995-01-30 19:00:00", "calendarYear": "1995", "period": "FY", "revenue": 25800000, "costOfRevenue": 16500000, "grossProfit": 9300000, "grossProfitRatio": 0.3604651163, "researchAndDevelopmentExpenses": 900000, "generalAndAdministrativeExpenses": 0, "sellingAndMarketingExpenses": 0, "sellingGeneralAndAdministrativeExpenses": 5600000, "otherExpenses": 1000000, "operatingExpenses": 7500000, "costAndExpenses": 24000000, "interestIncome": 0, "interestExpense": 0, "depreciationAndAmortization": 1000000, "ebitda": 2700000, "ebitdaratio": 0.1046511628, "operatingIncome": 1800000, "operatingIncomeRatio": 0.0697674419, "totalOtherIncomeExpensesNet": 100000, "incomeBeforeTax": 1700000, "incomeBeforeTaxRatio": 0.0658914729, "incomeTaxExpense": 500000, "netIncome": 1200000, "netIncomeRatio": 0.0465116279, "eps": 0.04, "epsdiluted": 0.04, "weightedAverageShsOut": 45104000, "weightedAverageShsOutDil": 45104000, "link": "", "finalLink": "", "calculatedOtherExpenses": 1000000, "calculatedOperatingExpenses": 7500000, "calculatedNetInterest": 0, "calculatedOtherIncome": -100000, "calculatedIncomeNonControlling": 0, "calculatedEbitda": 2800000}, {"date": "1994-01-31", "symbol": "SMTC", "reportedCurrency": "USD", "cik": "0000088941", "fillingDate": "1994-01-31", "acceptedDate": "1994-01-30 19:00:00", "calendarYear": "1994", "period": "FY", "revenue": 21300000, "costOfRevenue": 14200000, "grossProfit": 7100000, "grossProfitRatio": 0.3333333333, "researchAndDevelopmentExpenses": 700000, "generalAndAdministrativeExpenses": 0, "sellingAndMarketingExpenses": 0, "sellingGeneralAndAdministrativeExpenses": 5000000, "otherExpenses": 1100000, "operatingExpenses": 6800000, "costAndExpenses": 21000000, "interestIncome": 0, "interestExpense": 0, "depreciationAndAmortization": 1100000, "ebitda": 1500000, "ebitdaratio": 0.0704225352, "operatingIncome": 300000, "operatingIncomeRatio": 0.014084507, "totalOtherIncomeExpensesNet": -100000, "incomeBeforeTax": 200000, "incomeBeforeTaxRatio": 0.0093896714, "incomeTaxExpense": 200000, "netIncome": 100000, "netIncomeRatio": 0.0046948357, "eps": 0.01, "epsdiluted": 0.01, "weightedAverageShsOut": 35920000, "weightedAverageShsOutDil": 35920000, "link": "", "finalLink": "", "calculatedOtherExpenses": 1100000, "calculatedOperatingExpenses": 6800000, "calculatedNetInterest": 0, "calculatedOtherIncome": -100000, "calculatedIncomeNonControlling": -100000, "calculatedEbitda": 1400000}, {"date": "1993-01-31", "symbol": "SMTC", "reportedCurrency": "USD", "cik": "0000088941", "fillingDate": "1993-01-31", "acceptedDate": "1993-01-30 19:00:00", "calendarYear": "1993", "period": "FY", "revenue": 20200000, "costOfRevenue": 13100000, "grossProfit": 7100000, "grossProfitRatio": 0.3514851485, "researchAndDevelopmentExpenses": 0, "generalAndAdministrativeExpenses": 0, "sellingAndMarketingExpenses": 0, "sellingGeneralAndAdministrativeExpenses": 5500000, "otherExpenses": 1000000, "operatingExpenses": 6500000, "costAndExpenses": 19600000, "interestIncome": 0, "interestExpense": 0, "depreciationAndAmortization": 1000000, "ebitda": 1500000, "ebitdaratio": 0.0742574257, "operatingIncome": 600000, "operatingIncomeRatio": 0.0297029703, "totalOtherIncomeExpensesNet": 100000, "incomeBeforeTax": 500000, "incomeBeforeTaxRatio": 0.0247524752, "incomeTaxExpense": 100000, "netIncome": 400000, "netIncomeRatio": 0.0198019802, "eps": 0.02, "epsdiluted": 0.02, "weightedAverageShsOut": 30000000, "weightedAverageShsOutDil": 40000000, "link": "", "finalLink": "", "calculatedOtherExpenses": 1000000, "calculatedOperatingExpenses": 6500000, "calculatedNetInterest": 0, "calculatedOtherIncome": -100000, "calculatedIncomeNonControlling": 0, "calculatedEbitda": 1600000}, {"date": "1992-01-31", "symbol": "SMTC", "reportedCurrency": "USD", "cik": "0000088941", "fillingDate": "1992-01-31", "acceptedDate": "1992-01-30 19:00:00", "calendarYear": "1992", "period": "FY", "revenue": 26500000, "costOfRevenue": 17100000, "grossProfit": 9400000, "grossProfitRatio": 0.3547169811, "researchAndDevelopmentExpenses": 0, "generalAndAdministrativeExpenses": 0, "sellingAndMarketingExpenses": 0, "sellingGeneralAndAdministrativeExpenses": 6900000, "otherExpenses": 1400000, "operatingExpenses": 8300000, "costAndExpenses": 25400000, "interestIncome": 0, "interestExpense": 0, "depreciationAndAmortization": 1400000, "ebitda": 2500000, "ebitdaratio": 0.0943396226, "operatingIncome": 1100000, "operatingIncomeRatio": 0.041509434, "totalOtherIncomeExpensesNet": -200000, "incomeBeforeTax": 900000, "incomeBeforeTaxRatio": 0.0339622642, "incomeTaxExpense": 200000, "netIncome": 700000, "netIncomeRatio": 0.0264150943, "eps": 0.02, "epsdiluted": 0.02, "weightedAverageShsOut": 35000000, "weightedAverageShsOutDil": 35000000, "link": "", "finalLink": "", "calculatedOtherExpenses": 1400000, "calculatedOperatingExpenses": 8300000, "calculatedNetInterest": 0, "calculatedOtherIncome": -200000, "calculatedIncomeNonControlling": 0, "calculatedEbitda": 2500000}, {"date": "1991-01-31", "symbol": "SMTC", "reportedCurrency": "USD", "cik": "0000088941", "fillingDate": "1991-01-31", "acceptedDate": "1991-01-30 19:00:00", "calendarYear": "1991", "period": "FY", "revenue": 22200000, "costOfRevenue": 13700000, "grossProfit": 8500000, "grossProfitRatio": 0.3828828829, "researchAndDevelopmentExpenses": 0, "generalAndAdministrativeExpenses": 0, "sellingAndMarketingExpenses": 0, "sellingGeneralAndAdministrativeExpenses": 6000000, "otherExpenses": 1400000, "operatingExpenses": 7400000, "costAndExpenses": 21100000, "interestIncome": 0, "interestExpense": 0, "depreciationAndAmortization": 1400000, "ebitda": 2600000, "ebitdaratio": 0.1171171171, "operatingIncome": 1100000, "operatingIncomeRatio": 0.0495495495, "totalOtherIncomeExpensesNet": -100000, "incomeBeforeTax": 700000, "incomeBeforeTaxRatio": 0.0315315315, "incomeTaxExpense": 200000, "netIncome": 500000, "netIncomeRatio": 0.0225225225, "eps": 0.02, "epsdiluted": 0.02, "weightedAverageShsOut": 25000000, "weightedAverageShsOutDil": 25000000, "link": "", "finalLink": "", "calculatedOtherExpenses": 1400000, "calculatedOperatingExpenses": 7400000, "calculatedNetInterest": 0, "calculatedOtherIncome": -400000, "calculatedIncomeNonControlling": 0, "calculatedEbitda": 2500000}, {"date": "1990-01-31", "symbol": "SMTC", "reportedCurrency": "USD", "cik": "0000088941", "fillingDate": "1990-01-31", "acceptedDate": "1990-01-30 19:00:00", "calendarYear": "1990", "period": "FY", "revenue": 18800000, "costOfRevenue": 11500000, "grossProfit": 7300000, "grossProfitRatio": 0.3882978723, "researchAndDevelopmentExpenses": 0, "generalAndAdministrativeExpenses": 0, "sellingAndMarketingExpenses": 0, "sellingGeneralAndAdministrativeExpenses": 5000000, "otherExpenses": 1200000, "operatingExpenses": 6200000, "costAndExpenses": 17700000, "interestIncome": 0, "interestExpense": 0, "depreciationAndAmortization": 1200000, "ebitda": 2100000, "ebitdaratio": 0.1117021277, "operatingIncome": 1100000, "operatingIncomeRatio": 0.0585106383, "totalOtherIncomeExpensesNet": 200000, "incomeBeforeTax": 900000, "incomeBeforeTaxRatio": 0.0478723404, "incomeTaxExpense": 100000, "netIncome": 800000, "netIncomeRatio": 0.0425531915, "eps": 0.03, "epsdiluted": 0.03, "weightedAverageShsOut": 26666667, "weightedAverageShsOutDil": 26666667, "link": "", "finalLink": "", "calculatedOtherExpenses": 1200000, "calculatedOperatingExpenses": 6200000, "calculatedNetInterest": 0, "calculatedOtherIncome": -200000, "calculatedIncomeNonControlling": 0, "calculatedEbitda": 2300000}, {"date": "1989-01-31", "symbol": "SMTC", "reportedCurrency": "USD", "cik": "0000088941", "fillingDate": "1989-01-31", "acceptedDate": "1989-01-30 19:00:00", "calendarYear": "1989", "period": "FY", "revenue": 19100000, "costOfRevenue": 10900000, "grossProfit": 8200000, "grossProfitRatio": 0.4293193717, "researchAndDevelopmentExpenses": 0, "generalAndAdministrativeExpenses": 0, "sellingAndMarketingExpenses": 0, "sellingGeneralAndAdministrativeExpenses": 5200000, "otherExpenses": 800000, "operatingExpenses": 6000000, "costAndExpenses": 16900000, "interestIncome": 0, "interestExpense": 0, "depreciationAndAmortization": 800000, "ebitda": 3000000, "ebitdaratio": 0.1570680628, "operatingIncome": 2200000, "operatingIncomeRatio": 0.1151832461, "totalOtherIncomeExpensesNet": -200000, "incomeBeforeTax": 2000000, "incomeBeforeTaxRatio": 0.1047120419, "incomeTaxExpense": 300000, "netIncome": 1700000, "netIncomeRatio": 0.0890052356, "eps": 0.07, "epsdiluted": 0.05, "weightedAverageShsOut": 24285714, "weightedAverageShsOutDil": 24285714, "link": "", "finalLink": "", "calculatedOtherExpenses": 800000, "calculatedOperatingExpenses": 6000000, "calculatedNetInterest": 0, "calculatedOtherIncome": -200000, "calculatedIncomeNonControlling": 0, "calculatedEbitda": 3000000}, {"date": "1988-01-31", "symbol": "SMTC", "reportedCurrency": "USD", "cik": "0000088941", "fillingDate": "1988-01-31", "acceptedDate": "1988-01-30 19:00:00", "calendarYear": "1988", "period": "FY", "revenue": 15600000, "costOfRevenue": 9000000, "grossProfit": 6600000, "grossProfitRatio": 0.4230769231, "researchAndDevelopmentExpenses": 0, "generalAndAdministrativeExpenses": 0, "sellingAndMarketingExpenses": 0, "sellingGeneralAndAdministrativeExpenses": 4900000, "otherExpenses": 600000, "operatingExpenses": 5500000, "costAndExpenses": 14500000, "interestIncome": 0, "interestExpense": 0, "depreciationAndAmortization": 600000, "ebitda": 1700000, "ebitdaratio": 0.108974359, "operatingIncome": 1100000, "operatingIncomeRatio": 0.0705128205, "totalOtherIncomeExpensesNet": 0, "incomeBeforeTax": 1100000, "incomeBeforeTaxRatio": 0.0705128205, "incomeTaxExpense": 500000, "netIncome": 600000, "netIncomeRatio": 0.0384615385, "eps": 0.03, "epsdiluted": 0.02, "weightedAverageShsOut": 20000000, "weightedAverageShsOutDil": 30000000, "link": "", "finalLink": "", "calculatedOtherExpenses": 600000, "calculatedOperatingExpenses": 5500000, "calculatedNetInterest": 0, "calculatedOtherIncome": 0, "calculatedIncomeNonControlling": 0, "calculatedEbitda": 1700000}, {"date": "1987-01-31", "symbol": "SMTC", "reportedCurrency": "USD", "cik": "0000088941", "fillingDate": "1987-01-31", "acceptedDate": "1987-01-30 19:00:00", "calendarYear": "1987", "period": "FY", "revenue": 11900000, "costOfRevenue": 7300000, "grossProfit": 4600000, "grossProfitRatio": 0.3865546218, "researchAndDevelopmentExpenses": 0, "generalAndAdministrativeExpenses": 0, "sellingAndMarketingExpenses": 0, "sellingGeneralAndAdministrativeExpenses": 4000000, "otherExpenses": 500000, "operatingExpenses": 4500000, "costAndExpenses": 11800000, "interestIncome": 0, "interestExpense": 0, "depreciationAndAmortization": 500000, "ebitda": 700000, "ebitdaratio": 0.0588235294, "operatingIncome": 100000, "operatingIncomeRatio": 0.0084033613, "totalOtherIncomeExpensesNet": -100000, "incomeBeforeTax": 0, "incomeBeforeTaxRatio": 0, "incomeTaxExpense": -200000, "netIncome": 200000, "netIncomeRatio": 0.0168067227, "eps": 0.01, "epsdiluted": 0.01, "weightedAverageShsOut": 20000000, "weightedAverageShsOutDil": 20000000, "link": "", "finalLink": "", "calculatedOtherExpenses": 500000, "calculatedOperatingExpenses": 4500000, "calculatedNetInterest": 0, "calculatedOtherIncome": -100000, "calculatedIncomeNonControlling": 0, "calculatedEbitda": 600000}, {"date": "1986-01-31", "symbol": "SMTC", "reportedCurrency": "USD", "cik": "0000088941", "fillingDate": "1986-01-31", "acceptedDate": "1986-01-30 19:00:00", "calendarYear": "1986", "period": "FY", "revenue": 13000000, "costOfRevenue": 8900000, "grossProfit": 4100000, "grossProfitRatio": 0.3153846154, "researchAndDevelopmentExpenses": 0, "generalAndAdministrativeExpenses": 0, "sellingAndMarketingExpenses": 0, "sellingGeneralAndAdministrativeExpenses": 4700000, "otherExpenses": 400000, "operatingExpenses": 5100000, "costAndExpenses": 14000000, "interestIncome": 0, "interestExpense": 0, "depreciationAndAmortization": 400000, "ebitda": -900000, "ebitdaratio": -0.0692307692, "operatingIncome": -1000000, "operatingIncomeRatio": -0.0769230769, "totalOtherIncomeExpensesNet": 300000, "incomeBeforeTax": -700000, "incomeBeforeTaxRatio": -0.0538461538, "incomeTaxExpense": -100000, "netIncome": -900000, "netIncomeRatio": -0.0692307692, "eps": -0.06, "epsdiluted": -0.06, "weightedAverageShsOut": 15000000, "weightedAverageShsOutDil": 15000000, "link": "", "finalLink": "", "calculatedOtherExpenses": 400000, "calculatedOperatingExpenses": 5100000, "calculatedNetInterest": 0, "calculatedOtherIncome": 300000, "calculatedIncomeNonControlling": 300000, "calculatedEbitda": -600000}]}