{"originalCurrency": "USD", "convertedCurrency": "USD", "report": [{"date": "2023-12-31", "symbol": "SNAP", "reportedCurrency": "USD", "cik": "0001564408", "fillingDate": "2024-02-07", "acceptedDate": "2024-02-06 19:43:06", "calendarYear": "2023", "period": "FY", "revenue": 4606115000, "costOfRevenue": 2114117000, "grossProfit": 2491998000, "grossProfitRatio": 0.5410194926, "researchAndDevelopmentExpenses": 1910862000, "generalAndAdministrativeExpenses": 857423000, "sellingAndMarketingExpenses": 1122092000, "sellingGeneralAndAdministrativeExpenses": 1979515000, "otherExpenses": -42414000, "operatingExpenses": 3890377000, "costAndExpenses": 6004494000, "interestIncome": 168394000, "interestExpense": 22024000, "depreciationAndAmortization": 168441000, "ebitda": -1103958000, "ebitdaratio": -0.2396722618, "operatingIncome": -1398379000, "operatingIncomeRatio": -0.3035918556, "totalOtherIncomeExpensesNet": -42414000, "incomeBeforeTax": -1294423000, "incomeBeforeTaxRatio": -0.2810227274, "incomeTaxExpense": 28062000, "netIncome": -1322485000, "netIncomeRatio": -0.2871150633, "eps": -0.82, "epsdiluted": -0.82, "weightedAverageShsOut": 1612504000, "weightedAverageShsOutDil": 1612504000, "link": "https://www.sec.gov/Archives/edgar/data/1564408/000156440824000019/0001564408-24-000019-index.htm", "finalLink": "https://www.sec.gov/Archives/edgar/data/1564408/000156440824000019/snap-20231231.htm", "calculatedOtherExpenses": 0, "calculatedOperatingExpenses": 3890377000, "calculatedNetInterest": 146370000, "calculatedOtherIncome": -42414000, "calculatedIncomeNonControlling": 0, "calculatedEbitda": -1229938000}, {"date": "2022-12-31", "symbol": "SNAP", "reportedCurrency": "USD", "cik": "0001564408", "fillingDate": "2023-02-01", "acceptedDate": "2023-01-31 19:37:41", "calendarYear": "2022", "period": "FY", "revenue": 4601847000, "costOfRevenue": 1815342000, "grossProfit": 2786505000, "grossProfitRatio": 0.6055188275, "researchAndDevelopmentExpenses": 2109800000, "generalAndAdministrativeExpenses": 953265000, "sellingAndMarketingExpenses": 1118746000, "sellingGeneralAndAdministrativeExpenses": 2072011000, "otherExpenses": -42529000, "operatingExpenses": 4181811000, "costAndExpenses": 5997153000, "interestIncome": 58597000, "interestExpense": 21459000, "depreciationAndAmortization": 218241000, "ebitda": -1177065000, "ebitdaratio": -0.255780994, "operatingIncome": -1395306000, "operatingIncomeRatio": -0.3032056476, "totalOtherIncomeExpensesNet": -5391000, "incomeBeforeTax": -1400697000, "incomeBeforeTaxRatio": -0.3043771338, "incomeTaxExpense": 28956000, "netIncome": -1429653000, "netIncomeRatio": -0.3106693899, "eps": -0.89, "epsdiluted": -0.89, "weightedAverageShsOut": 1608304000, "weightedAverageShsOutDil": 1608304000, "link": "https://www.sec.gov/Archives/edgar/data/1564408/000156440823000013/0001564408-23-000013-index.htm", "finalLink": "https://www.sec.gov/Archives/edgar/data/1564408/000156440823000013/snap-20221231.htm", "calculatedOtherExpenses": 0, "calculatedOperatingExpenses": 4181811000, "calculatedNetInterest": 37138000, "calculatedOtherIncome": -42529000, "calculatedIncomeNonControlling": 0, "calculatedEbitda": -1177065000}, {"date": "2021-12-31", "symbol": "SNAP", "reportedCurrency": "USD", "cik": "0001564408", "fillingDate": "2022-02-04", "acceptedDate": "2022-02-03 21:33:26", "calendarYear": "2021", "period": "FY", "revenue": 4117048000, "costOfRevenue": 1750246000, "grossProfit": 2366802000, "grossProfitRatio": 0.574878408, "researchAndDevelopmentExpenses": 1565467000, "generalAndAdministrativeExpenses": 710640000, "sellingAndMarketingExpenses": 792764000, "sellingGeneralAndAdministrativeExpenses": 1503404000, "otherExpenses": 240175000, "operatingExpenses": 3068871000, "costAndExpenses": 4819117000, "interestIncome": 5199000, "interestExpense": 17676000, "depreciationAndAmortization": 364515000, "ebitda": -337554000, "ebitdaratio": -0.0819893283, "operatingIncome": -702069000, "operatingIncomeRatio": -0.1705272807, "totalOtherIncomeExpensesNet": 227698000, "incomeBeforeTax": -474371000, "incomeBeforeTaxRatio": -0.1152211487, "incomeTaxExpense": 13584000, "netIncome": -487955000, "netIncomeRatio": -0.1185206002, "eps": -0.31, "epsdiluted": -0.31, "weightedAverageShsOut": 1558997000, "weightedAverageShsOutDil": 1558997000, "link": "https://www.sec.gov/Archives/edgar/data/1564408/000156459022003868/0001564590-22-003868-index.htm", "finalLink": "https://www.sec.gov/Archives/edgar/data/1564408/000156459022003868/snap-10k_20211231.htm", "calculatedOtherExpenses": 0, "calculatedOperatingExpenses": 3068871000, "calculatedNetInterest": -12477000, "calculatedOtherIncome": 240175000, "calculatedIncomeNonControlling": 0, "calculatedEbitda": -337554000}, {"date": "2020-12-31", "symbol": "SNAP", "reportedCurrency": "USD", "cik": "0001564408", "fillingDate": "2021-02-05", "acceptedDate": "2021-02-04 20:51:20", "calendarYear": "2020", "period": "FY", "revenue": 2506626000, "costOfRevenue": 1182505000, "grossProfit": 1324121000, "grossProfitRatio": 0.5282483306, "researchAndDevelopmentExpenses": 1101561000, "generalAndAdministrativeExpenses": 529164000, "sellingAndMarketingExpenses": 555468000, "sellingGeneralAndAdministrativeExpenses": 1084632000, "otherExpenses": 14988000, "operatingExpenses": 2186193000, "costAndExpenses": 3368698000, "interestIncome": 18127000, "interestExpense": 97228000, "depreciationAndAmortization": 119859000, "ebitda": -742213000, "ebitdaratio": -0.2961004155, "operatingIncome": -862072000, "operatingIncomeRatio": -0.3439172816, "totalOtherIncomeExpensesNet": -64113000, "incomeBeforeTax": -926185000, "incomeBeforeTaxRatio": -0.3694946913, "incomeTaxExpense": 18654000, "netIncome": -944839000, "netIncomeRatio": -0.3769365673, "eps": -0.65, "epsdiluted": -0.65, "weightedAverageShsOut": 1455693000, "weightedAverageShsOutDil": 1455693000, "link": "https://www.sec.gov/Archives/edgar/data/1564408/000156459021004377/0001564590-21-004377-index.htm", "finalLink": "https://www.sec.gov/Archives/edgar/data/1564408/000156459021004377/snap-10k_20201231.htm", "calculatedOtherExpenses": 0, "calculatedOperatingExpenses": 2186193000, "calculatedNetInterest": -79101000, "calculatedOtherIncome": 14988000, "calculatedIncomeNonControlling": 0, "calculatedEbitda": -742213000}, {"date": "2019-12-31", "symbol": "SNAP", "reportedCurrency": "USD", "cik": "0001564408", "fillingDate": "2020-02-05", "acceptedDate": "2020-02-04 20:14:00", "calendarYear": "2019", "period": "FY", "revenue": 1715534000, "costOfRevenue": 895838000, "grossProfit": 819696000, "grossProfitRatio": 0.4778080761, "researchAndDevelopmentExpenses": 883509000, "generalAndAdministrativeExpenses": 580917000, "sellingAndMarketingExpenses": 458598000, "sellingGeneralAndAdministrativeExpenses": 1039515000, "otherExpenses": 59013000, "operatingExpenses": 1923024000, "costAndExpenses": 2818862000, "interestIncome": 36042000, "interestExpense": 24994000, "depreciationAndAmortization": 182300000, "ebitda": -921028000, "ebitdaratio": -0.5368753986, "operatingIncome": -1103328000, "operatingIncomeRatio": -0.6431396871, "totalOtherIncomeExpensesNet": 70061000, "incomeBeforeTax": -1033267000, "incomeBeforeTaxRatio": -0.6023005082, "incomeTaxExpense": 393000, "netIncome": -1033660000, "netIncomeRatio": -0.6025295914, "eps": -0.75, "epsdiluted": -0.75, "weightedAverageShsOut": 1375462000, "weightedAverageShsOutDil": 1375462000, "link": "https://www.sec.gov/Archives/edgar/data/1564408/000156459020003323/0001564590-20-003323-index.htm", "finalLink": "https://www.sec.gov/Archives/edgar/data/1564408/000156459020003323/snap-10k_20191231.htm", "calculatedOtherExpenses": 0, "calculatedOperatingExpenses": 1923024000, "calculatedNetInterest": 11048000, "calculatedOtherIncome": 59013000, "calculatedIncomeNonControlling": 0, "calculatedEbitda": -921028000}, {"date": "2018-12-31", "symbol": "SNAP", "reportedCurrency": "USD", "cik": "0001564408", "fillingDate": "2019-02-06", "acceptedDate": "2019-02-05 21:29:53", "calendarYear": "2018", "period": "FY", "revenue": 1180446000, "costOfRevenue": 798865000, "grossProfit": 381581000, "grossProfitRatio": 0.3232515507, "researchAndDevelopmentExpenses": 772185000, "generalAndAdministrativeExpenses": 477022000, "sellingAndMarketingExpenses": 400824000, "sellingGeneralAndAdministrativeExpenses": 877846000, "otherExpenses": -8248000, "operatingExpenses": 1650031000, "costAndExpenses": 2448896000, "interestIncome": 27228000, "interestExpense": 3894000, "depreciationAndAmortization": 91648000, "ebitda": -1157822000, "ebitdaratio": -0.9808343626, "operatingIncome": -1268450000, "operatingIncomeRatio": -1.0745514831, "totalOtherIncomeExpensesNet": -8248000, "incomeBeforeTax": -1253364000, "incomeBeforeTaxRatio": -1.0617715677, "incomeTaxExpense": 2547000, "netIncome": -1255911000, "netIncomeRatio": -1.0639292267, "eps": -0.97, "epsdiluted": -0.97, "weightedAverageShsOut": 1300568000, "weightedAverageShsOutDil": 1300568000, "link": "https://www.sec.gov/Archives/edgar/data/1564408/000156459019002053/0001564590-19-002053-index.htm", "finalLink": "https://www.sec.gov/Archives/edgar/data/1564408/000156459019002053/snap-10k_20181231.htm", "calculatedOtherExpenses": 0, "calculatedOperatingExpenses": 1650031000, "calculatedNetInterest": 23334000, "calculatedOtherIncome": -8248000, "calculatedIncomeNonControlling": 0, "calculatedEbitda": -1176802000}, {"date": "2017-12-31", "symbol": "SNAP", "reportedCurrency": "USD", "cik": "0001564408", "fillingDate": "2018-02-22", "acceptedDate": "2018-02-21 17:44:44", "calendarYear": "2017", "period": "FY", "revenue": 824949000, "costOfRevenue": 717462000, "grossProfit": 107487000, "grossProfitRatio": 0.1302953273, "researchAndDevelopmentExpenses": 1534863000, "generalAndAdministrativeExpenses": 1535595000, "sellingAndMarketingExpenses": 522605000, "sellingGeneralAndAdministrativeExpenses": 2058200000, "otherExpenses": 4528000, "operatingExpenses": 3593063000, "costAndExpenses": 4310525000, "interestIncome": 21096000, "interestExpense": 3456000, "depreciationAndAmortization": 61288000, "ebitda": -3398664000, "ebitdaratio": -4.1198474087, "operatingIncome": -3485576000, "operatingIncomeRatio": -4.2252018004, "totalOtherIncomeExpensesNet": 4528000, "incomeBeforeTax": -3463408000, "incomeBeforeTaxRatio": -4.1983298361, "incomeTaxExpense": -18342000, "netIncome": -3445066000, "netIncomeRatio": -4.1760957344, "eps": -2.95, "epsdiluted": -2.95, "weightedAverageShsOut": 1166085000, "weightedAverageShsOutDil": 1166085000, "link": "https://www.sec.gov/Archives/edgar/data/1564408/000156459018002721/0001564590-18-002721-index.htm", "finalLink": "https://www.sec.gov/Archives/edgar/data/1564408/000156459018002721/snap-10k_20171231.htm", "calculatedOtherExpenses": 0, "calculatedOperatingExpenses": 3593063000, "calculatedNetInterest": 17640000, "calculatedOtherIncome": 4528000, "calculatedIncomeNonControlling": 0, "calculatedEbitda": -3424288000}, {"date": "2016-12-31", "symbol": "SNAP", "reportedCurrency": "USD", "cik": "0001564408", "fillingDate": "2016-12-31", "acceptedDate": "2016-12-30 19:00:00", "calendarYear": "2016", "period": "FY", "revenue": 404482000, "costOfRevenue": 451660000, "grossProfit": -47178000, "grossProfitRatio": -0.1166380704, "researchAndDevelopmentExpenses": 183676000, "generalAndAdministrativeExpenses": 165160000, "sellingAndMarketingExpenses": 124371000, "sellingGeneralAndAdministrativeExpenses": 289531000, "otherExpenses": -4568000, "operatingExpenses": 473207000, "costAndExpenses": 924867000, "interestIncome": 4654000, "interestExpense": 1424000, "depreciationAndAmortization": 29115000, "ebitda": -491184000, "ebitdaratio": -1.2143531727, "operatingIncome": -520385000, "operatingIncomeRatio": -1.2865467437, "totalOtherIncomeExpensesNet": -4568000, "incomeBeforeTax": -521723000, "incomeBeforeTaxRatio": -1.2898546783, "incomeTaxExpense": -7080000, "netIncome": -514643000, "netIncomeRatio": -1.2723508092, "eps": -0.44, "epsdiluted": -0.44, "weightedAverageShsOut": 1157213232, "weightedAverageShsOutDil": 1157270170, "link": null, "finalLink": null, "calculatedOtherExpenses": 0, "calculatedOperatingExpenses": 473207000, "calculatedNetInterest": 3230000, "calculatedOtherIncome": -4568000, "calculatedIncomeNonControlling": 0, "calculatedEbitda": -491270000}, {"date": "2015-12-31", "symbol": "SNAP", "reportedCurrency": "USD", "cik": "0001564408", "fillingDate": "2015-12-31", "acceptedDate": "2015-12-30 19:00:00", "calendarYear": "2015", "period": "FY", "revenue": 58663000, "costOfRevenue": 182341000, "grossProfit": -123678000, "grossProfitRatio": -2.1082794947, "researchAndDevelopmentExpenses": 82235000, "generalAndAdministrativeExpenses": 148600000, "sellingAndMarketingExpenses": 27216000, "sellingGeneralAndAdministrativeExpenses": 175816000, "otherExpenses": -152000, "operatingExpenses": 258051000, "costAndExpenses": 440392000, "interestIncome": 1399000, "interestExpense": 0, "depreciationAndAmortization": 15307000, "ebitda": -366422000, "ebitdaratio": -6.2462199342, "operatingIncome": -381729000, "operatingIncomeRatio": -6.5071510151, "totalOtherIncomeExpensesNet": -152000, "incomeBeforeTax": -380482000, "incomeBeforeTaxRatio": -6.4858940047, "incomeTaxExpense": -7589000, "netIncome": -372893000, "netIncomeRatio": -6.3565279648, "eps": -0.37, "epsdiluted": -0.37, "weightedAverageShsOut": 1016713000, "weightedAverageShsOutDil": 1016713000, "link": null, "finalLink": null, "calculatedOtherExpenses": 0, "calculatedOperatingExpenses": 258051000, "calculatedNetInterest": 1399000, "calculatedOtherIncome": -152000, "calculatedIncomeNonControlling": 0, "calculatedEbitda": -366422000}]}