{"originalCurrency": "USD", "convertedCurrency": "USD", "report": [{"date": "2023-12-31", "symbol": "SNDR", "reportedCurrency": "USD", "cik": "0001692063", "fillingDate": "2024-02-23", "acceptedDate": "2024-02-23 12:11:11", "calendarYear": "2023", "period": "FY", "revenue": 5498900000, "costOfRevenue": 5053800000, "grossProfit": 445100000, "grossProfitRatio": 0.0809434614, "researchAndDevelopmentExpenses": 0, "generalAndAdministrativeExpenses": 263000000, "sellingAndMarketingExpenses": -114300000, "sellingGeneralAndAdministrativeExpenses": 148700000, "otherExpenses": 16900000, "operatingExpenses": 148700000, "costAndExpenses": 5202500000, "interestIncome": 7000000, "interestExpense": 14200000, "depreciationAndAmortization": 382500000, "ebitda": 678900000, "ebitdaratio": 0.1234610558, "operatingIncome": 296400000, "operatingIncomeRatio": 0.0539016894, "totalOtherIncomeExpensesNet": 9700000, "incomeBeforeTax": 306100000, "incomeBeforeTaxRatio": 0.0556656786, "incomeTaxExpense": 67600000, "netIncome": 238500000, "netIncomeRatio": 0.0433723108, "eps": 1.35, "epsdiluted": 1.34, "weightedAverageShsOut": 177300000, "weightedAverageShsOutDil": 178200000, "link": "https://www.sec.gov/Archives/edgar/data/1692063/000169206324000038/0001692063-24-000038-index.htm", "finalLink": "https://www.sec.gov/Archives/edgar/data/1692063/000169206324000038/sndr-20231231.htm", "calculatedOtherExpenses": 0, "calculatedOperatingExpenses": 148700000, "calculatedNetInterest": -7200000, "calculatedOtherIncome": 16900000, "calculatedIncomeNonControlling": 0, "calculatedEbitda": 678900000}, {"date": "2022-12-31", "symbol": "SNDR", "reportedCurrency": "USD", "cik": "0001692063", "fillingDate": "2023-02-17", "acceptedDate": "2023-02-17 14:28:47", "calendarYear": "2022", "period": "FY", "revenue": 6604400000, "costOfRevenue": 5683900000, "grossProfit": 920500000, "grossProfitRatio": 0.1393767791, "researchAndDevelopmentExpenses": 0, "generalAndAdministrativeExpenses": 320100000, "sellingAndMarketingExpenses": 0, "sellingGeneralAndAdministrativeExpenses": 320100000, "otherExpenses": 10300000, "operatingExpenses": 320100000, "costAndExpenses": 6004000000, "interestIncome": 2900000, "interestExpense": 9600000, "depreciationAndAmortization": 350000000, "ebitda": 613600000, "ebitdaratio": 0.0929077585, "operatingIncome": 263600000, "operatingIncomeRatio": 0.0399127854, "totalOtherIncomeExpensesNet": 340400000, "incomeBeforeTax": 604000000, "incomeBeforeTaxRatio": 0.0914541821, "incomeTaxExpense": 146200000, "netIncome": 457800000, "netIncomeRatio": 0.0693174247, "eps": 2.57, "epsdiluted": 2.56, "weightedAverageShsOut": 177900000, "weightedAverageShsOutDil": 178800000, "link": "https://www.sec.gov/Archives/edgar/data/1692063/000169206323000027/0001692063-23-000027-index.htm", "finalLink": "https://www.sec.gov/Archives/edgar/data/1692063/000169206323000027/sndr-20221231.htm", "calculatedOtherExpenses": 336800000, "calculatedOperatingExpenses": 656900000, "calculatedNetInterest": -6700000, "calculatedOtherIncome": 347100000, "calculatedIncomeNonControlling": 0, "calculatedEbitda": 613600000}, {"date": "2021-12-31", "symbol": "SNDR", "reportedCurrency": "USD", "cik": "0001692063", "fillingDate": "2022-02-18", "acceptedDate": "2022-02-18 10:00:23", "calendarYear": "2021", "period": "FY", "revenue": 5608700000, "costOfRevenue": 4847200000, "grossProfit": 761500000, "grossProfitRatio": 0.1357712126, "researchAndDevelopmentExpenses": 0, "generalAndAdministrativeExpenses": 217200000, "sellingAndMarketingExpenses": 0, "sellingGeneralAndAdministrativeExpenses": 217200000, "otherExpenses": 18700000, "operatingExpenses": 217200000, "costAndExpenses": 5064400000, "interestIncome": 2100000, "interestExpense": 12500000, "depreciationAndAmortization": 296200000, "ebitda": 565100000, "ebitdaratio": 0.1007541855, "operatingIncome": 268900000, "operatingIncomeRatio": 0.0479433737, "totalOtherIncomeExpensesNet": 273100000, "incomeBeforeTax": 542000000, "incomeBeforeTaxRatio": 0.096635584, "incomeTaxExpense": 136600000, "netIncome": 405400000, "netIncomeRatio": 0.0722805641, "eps": 2.28, "epsdiluted": 2.28, "weightedAverageShsOut": 177600000, "weightedAverageShsOutDil": 178100000, "link": "https://www.sec.gov/Archives/edgar/data/1692063/000169206322000050/0001692063-22-000050-index.htm", "finalLink": "https://www.sec.gov/Archives/edgar/data/1692063/000169206322000050/sndr-20211231.htm", "calculatedOtherExpenses": 275400000, "calculatedOperatingExpenses": 492600000, "calculatedNetInterest": -10400000, "calculatedOtherIncome": 283500000, "calculatedIncomeNonControlling": 0, "calculatedEbitda": 565100000}, {"date": "2020-12-31", "symbol": "SNDR", "reportedCurrency": "USD", "cik": "0001692063", "fillingDate": "2021-02-19", "acceptedDate": "2021-02-19 14:33:30", "calendarYear": "2020", "period": "FY", "revenue": 4552800000, "costOfRevenue": 4072200000, "grossProfit": 480600000, "grossProfitRatio": 0.1055614128, "researchAndDevelopmentExpenses": 0, "generalAndAdministrativeExpenses": 192900000, "sellingAndMarketingExpenses": 0, "sellingGeneralAndAdministrativeExpenses": 192900000, "otherExpenses": 6500000, "operatingExpenses": 192900000, "costAndExpenses": 4265100000, "interestIncome": 3300000, "interestExpense": 13600000, "depreciationAndAmortization": 290500000, "ebitda": 297500000, "ebitdaratio": 0.0653444034, "operatingIncome": 7000000, "operatingIncomeRatio": 0.0015375154, "totalOtherIncomeExpensesNet": 275900000, "incomeBeforeTax": 282900000, "incomeBeforeTaxRatio": 0.0621375857, "incomeTaxExpense": 71200000, "netIncome": 211700000, "netIncomeRatio": 0.0464988578, "eps": 1.19, "epsdiluted": 1.19, "weightedAverageShsOut": 177300000, "weightedAverageShsOutDil": 177600000, "link": "https://www.sec.gov/Archives/edgar/data/1692063/000169206321000056/0001692063-21-000056-index.htm", "finalLink": "https://www.sec.gov/Archives/edgar/data/1692063/000169206321000056/sndr-20201231.htm", "calculatedOtherExpenses": 280700000, "calculatedOperatingExpenses": 473600000, "calculatedNetInterest": -10300000, "calculatedOtherIncome": 286200000, "calculatedIncomeNonControlling": 0, "calculatedEbitda": 297500000}, {"date": "2019-12-31", "symbol": "SNDR", "reportedCurrency": "USD", "cik": "0001692063", "fillingDate": "2020-02-19", "acceptedDate": "2020-02-19 12:41:19", "calendarYear": "2019", "period": "FY", "revenue": 4747000000, "costOfRevenue": 4215200000, "grossProfit": 531800000, "grossProfitRatio": 0.1120286497, "researchAndDevelopmentExpenses": 0, "generalAndAdministrativeExpenses": 225700000, "sellingAndMarketingExpenses": 0, "sellingGeneralAndAdministrativeExpenses": 225700000, "otherExpenses": -1600000, "operatingExpenses": 225700000, "costAndExpenses": 4440900000, "interestIncome": 8500000, "interestExpense": 16600000, "depreciationAndAmortization": 292900000, "ebitda": 313000000, "ebitdaratio": 0.0659363809, "operatingIncome": 20100000, "operatingIncomeRatio": 0.0042342532, "totalOtherIncomeExpensesNet": 178000000, "incomeBeforeTax": 198100000, "incomeBeforeTaxRatio": 0.04173162, "incomeTaxExpense": 51100000, "netIncome": 147000000, "netIncomeRatio": 0.0309669265, "eps": 0.83, "epsdiluted": 0.83, "weightedAverageShsOut": 177100000, "weightedAverageShsOutDil": 177300000, "link": "https://www.sec.gov/Archives/edgar/data/1692063/000169206320000032/0001692063-20-000032-index.htm", "finalLink": "https://www.sec.gov/Archives/edgar/data/1692063/000169206320000032/a201910k.htm", "calculatedOtherExpenses": 286000000, "calculatedOperatingExpenses": 511700000, "calculatedNetInterest": -8100000, "calculatedOtherIncome": 186100000, "calculatedIncomeNonControlling": 0, "calculatedEbitda": 313000000}, {"date": "2018-12-31", "symbol": "SNDR", "reportedCurrency": "USD", "cik": "0001692063", "fillingDate": "2019-02-26", "acceptedDate": "2019-02-26 11:18:41", "calendarYear": "2018", "period": "FY", "revenue": 4977000000, "costOfRevenue": 4352700000, "grossProfit": 624300000, "grossProfitRatio": 0.1254370102, "researchAndDevelopmentExpenses": 0, "generalAndAdministrativeExpenses": 246500000, "sellingAndMarketingExpenses": 0, "sellingGeneralAndAdministrativeExpenses": 246500000, "otherExpenses": 1300000, "operatingExpenses": 246500000, "costAndExpenses": 4599200000, "interestIncome": 0, "interestExpense": 12500000, "depreciationAndAmortization": 291300000, "ebitda": 671100000, "ebitdaratio": 0.1348402652, "operatingIncome": 375800000, "operatingIncomeRatio": 0.0755073337, "totalOtherIncomeExpensesNet": -700000, "incomeBeforeTax": 364600000, "incomeBeforeTaxRatio": 0.0732569821, "incomeTaxExpense": 95700000, "netIncome": 268900000, "netIncomeRatio": 0.0540285312, "eps": 1.52, "epsdiluted": 1.52, "weightedAverageShsOut": 177000000, "weightedAverageShsOutDil": 177200000, "link": "https://www.sec.gov/Archives/edgar/data/1692063/000169206319000043/0001692063-19-000043-index.htm", "finalLink": "https://www.sec.gov/Archives/edgar/data/1692063/000169206319000043/a201810k.htm", "calculatedOtherExpenses": 2000000, "calculatedOperatingExpenses": 248500000, "calculatedNetInterest": -12500000, "calculatedOtherIncome": 1300000, "calculatedIncomeNonControlling": 0, "calculatedEbitda": 667100000}, {"date": "2017-12-31", "symbol": "SNDR", "reportedCurrency": "USD", "cik": "0001692063", "fillingDate": "2018-02-27", "acceptedDate": "2018-02-27 15:19:54", "calendarYear": "2017", "period": "FY", "revenue": 4383600000, "costOfRevenue": 3907200000, "grossProfit": 476400000, "grossProfitRatio": 0.1086777991, "researchAndDevelopmentExpenses": 0, "generalAndAdministrativeExpenses": 196100000, "sellingAndMarketingExpenses": 0, "sellingGeneralAndAdministrativeExpenses": 196100000, "otherExpenses": 500000, "operatingExpenses": 196100000, "costAndExpenses": 4103300000, "interestIncome": 0, "interestExpense": 17400000, "depreciationAndAmortization": 279000000, "ebitda": 559300000, "ebitdaratio": 0.1275891961, "operatingIncome": 280300000, "operatingIncomeRatio": 0.063942878, "totalOtherIncomeExpensesNet": 500000, "incomeBeforeTax": 263400000, "incomeBeforeTaxRatio": 0.0600875992, "incomeTaxExpense": -126500000, "netIncome": 389900000, "netIncomeRatio": 0.0889451592, "eps": 2.28, "epsdiluted": 2.28, "weightedAverageShsOut": 171100000, "weightedAverageShsOutDil": 171300000, "link": "https://www.sec.gov/Archives/edgar/data/1692063/000169206318000056/0001692063-18-000056-index.htm", "finalLink": "https://www.sec.gov/Archives/edgar/data/1692063/000169206318000056/a201710k.htm", "calculatedOtherExpenses": 0, "calculatedOperatingExpenses": 196100000, "calculatedNetInterest": -17400000, "calculatedOtherIncome": 500000, "calculatedIncomeNonControlling": 0, "calculatedEbitda": 559300000}, {"date": "2016-12-31", "symbol": "SNDR", "reportedCurrency": "USD", "cik": "0001692063", "fillingDate": "2016-12-31", "acceptedDate": "2016-12-30 19:00:00", "calendarYear": "2016", "period": "FY", "revenue": 4045736000, "costOfRevenue": 3564118000, "grossProfit": 481618000, "grossProfitRatio": 0.1190433582, "researchAndDevelopmentExpenses": 0, "generalAndAdministrativeExpenses": 191213000, "sellingAndMarketingExpenses": 0, "sellingGeneralAndAdministrativeExpenses": 191213000, "otherExpenses": -3431000, "operatingExpenses": 191213000, "costAndExpenses": 3755331000, "interestIncome": 0, "interestExpense": 0, "depreciationAndAmortization": 266031000, "ebitda": 556436000, "ebitdaratio": 0.1375364087, "operatingIncome": 290405000, "operatingIncomeRatio": 0.0717805116, "totalOtherIncomeExpensesNet": -3431000, "incomeBeforeTax": 265598000, "incomeBeforeTaxRatio": 0.0656488708, "incomeTaxExpense": 108747000, "netIncome": 156851000, "netIncomeRatio": 0.03876946, "eps": 0.9, "epsdiluted": 0.9, "weightedAverageShsOut": 173538390, "weightedAverageShsOutDil": 173538390, "link": "", "finalLink": "", "calculatedOtherExpenses": 0, "calculatedOperatingExpenses": 191213000, "calculatedNetInterest": 0, "calculatedOtherIncome": -24807000, "calculatedIncomeNonControlling": 0, "calculatedEbitda": 556436000}, {"date": "2015-12-31", "symbol": "SNDR", "reportedCurrency": "USD", "cik": "0001692063", "fillingDate": "2015-12-31", "acceptedDate": "2015-12-30 19:00:00", "calendarYear": "2015", "period": "FY", "revenue": 3959372000, "costOfRevenue": 3485912000, "grossProfit": 473460000, "grossProfitRatio": 0.1195795697, "researchAndDevelopmentExpenses": 0, "generalAndAdministrativeExpenses": 207183000, "sellingAndMarketingExpenses": 0, "sellingGeneralAndAdministrativeExpenses": 207183000, "otherExpenses": -2786000, "operatingExpenses": 207183000, "costAndExpenses": 3693095000, "interestIncome": 0, "interestExpense": 0, "depreciationAndAmortization": 236330000, "ebitda": 508644000, "ebitdaratio": 0.1284658274, "operatingIncome": 260240000, "operatingIncomeRatio": 0.0657275952, "totalOtherIncomeExpensesNet": -8823000, "incomeBeforeTax": 238724000, "incomeBeforeTaxRatio": 0.0602934001, "incomeTaxExpense": 97792000, "netIncome": 140932000, "netIncomeRatio": 0.0355945337, "eps": 0.81, "epsdiluted": 0.81, "weightedAverageShsOut": 173538390, "weightedAverageShsOutDil": 173538390, "link": "", "finalLink": "", "calculatedOtherExpenses": 6037000, "calculatedOperatingExpenses": 213220000, "calculatedNetInterest": 0, "calculatedOtherIncome": -21516000, "calculatedIncomeNonControlling": 0, "calculatedEbitda": 496570000}, {"date": "2014-12-31", "symbol": "SNDR", "reportedCurrency": "USD", "cik": "0001692063", "fillingDate": "2014-12-31", "acceptedDate": "2014-12-30 19:00:00", "calendarYear": "2014", "period": "FY", "revenue": 3940576000, "costOfRevenue": 3544272000, "grossProfit": 396304000, "grossProfitRatio": 0.1005700689, "researchAndDevelopmentExpenses": 27904000, "generalAndAdministrativeExpenses": 156953000, "sellingAndMarketingExpenses": 0, "sellingGeneralAndAdministrativeExpenses": 156953000, "otherExpenses": -1756000, "operatingExpenses": 156953000, "costAndExpenses": 3701225000, "interestIncome": 0, "interestExpense": 0, "depreciationAndAmortization": 230008000, "ebitda": 469359000, "ebitdaratio": 0.1191092368, "operatingIncome": 239351000, "operatingIncomeRatio": 0.060740105, "totalOtherIncomeExpensesNet": -1756000, "incomeBeforeTax": 225863000, "incomeBeforeTaxRatio": 0.0573172551, "incomeTaxExpense": 92295000, "netIncome": 133568000, "netIncomeRatio": 0.0338955523, "eps": 0.77, "epsdiluted": 0.77, "weightedAverageShsOut": 173538390, "weightedAverageShsOutDil": 173538390, "link": "", "finalLink": "", "calculatedOtherExpenses": -27904000, "calculatedOperatingExpenses": 156953000, "calculatedNetInterest": 0, "calculatedOtherIncome": -13488000, "calculatedIncomeNonControlling": 0, "calculatedEbitda": 469359000}, {"date": "2013-12-31", "symbol": "SNDR", "reportedCurrency": "USD", "cik": "0001692063", "fillingDate": "2013-12-31", "acceptedDate": "2013-12-30 19:00:00", "calendarYear": "2013", "period": "FY", "revenue": 3624366000, "costOfRevenue": 3287139000, "grossProfit": 337227000, "grossProfitRatio": 0.0930444111, "researchAndDevelopmentExpenses": 27061000, "generalAndAdministrativeExpenses": 165978000, "sellingAndMarketingExpenses": 0, "sellingGeneralAndAdministrativeExpenses": 165978000, "otherExpenses": -851000, "operatingExpenses": 165978000, "costAndExpenses": 3453117000, "interestIncome": 0, "interestExpense": 0, "depreciationAndAmortization": 212557000, "ebitda": 383806000, "ebitdaratio": 0.1058960381, "operatingIncome": 171249000, "operatingIncomeRatio": 0.0472493672, "totalOtherIncomeExpensesNet": -851000, "incomeBeforeTax": 156538000, "incomeBeforeTaxRatio": 0.0431904504, "incomeTaxExpense": 61064000, "netIncome": 95474000, "netIncomeRatio": 0.0263422623, "eps": 0.55, "epsdiluted": 0.55, "weightedAverageShsOut": 173538390, "weightedAverageShsOutDil": 173538390, "link": "", "finalLink": "", "calculatedOtherExpenses": -27061000, "calculatedOperatingExpenses": 165978000, "calculatedNetInterest": 0, "calculatedOtherIncome": -14711000, "calculatedIncomeNonControlling": 0, "calculatedEbitda": 383806000}]}