{"originalCurrency": "USD", "convertedCurrency": "USD", "report": [{"date": "2023-09-30", "symbol": "SNEX", "reportedCurrency": "USD", "cik": "0000913760", "fillingDate": "2023-11-24", "acceptedDate": "2023-11-24 12:55:33", "calendarYear": "2023", "period": "FY", "revenue": 60856100000, "costOfRevenue": 59363100000, "grossProfit": 1493000000, "grossProfitRatio": 0.0245332843, "researchAndDevelopmentExpenses": 42000000, "generalAndAdministrativeExpenses": 106500000, "sellingAndMarketingExpenses": 54000000, "sellingGeneralAndAdministrativeExpenses": 160500000, "otherExpenses": -1258400000, "operatingExpenses": 376700000, "costAndExpenses": 59739800000, "interestIncome": 987600000, "interestExpense": 802200000, "depreciationAndAmortization": 51000000, "ebitda": 1167300000, "ebitdaratio": 0.0191813146, "operatingIncome": 1621000000, "operatingIncomeRatio": 0.0266366067, "totalOtherIncomeExpensesNet": 8900000, "incomeBeforeTax": 323000000, "incomeBeforeTaxRatio": 0.0053076027, "incomeTaxExpense": 84500000, "netIncome": 238500000, "netIncomeRatio": 0.0039190812, "eps": 7.7, "epsdiluted": 7.45, "weightedAverageShsOut": 29935998, "weightedAverageShsOutDil": 30929008, "link": "https://www.sec.gov/Archives/edgar/data/913760/000091376023000159/0000913760-23-000159-index.htm", "finalLink": "https://www.sec.gov/Archives/edgar/data/913760/000091376023000159/intl-20230930.htm", "calculatedOtherExpenses": -330500000, "calculatedOperatingExpenses": -128000000, "calculatedNetInterest": 185400000, "calculatedOtherIncome": -1483400000, "calculatedIncomeNonControlling": 0, "calculatedEbitda": 1672000000}, {"date": "2022-09-30", "symbol": "SNEX", "reportedCurrency": "USD", "cik": "0000913760", "fillingDate": "2022-11-29", "acceptedDate": "2022-11-29 16:25:31", "calendarYear": "2022", "period": "FY", "revenue": 4885000000, "costOfRevenue": 3766000000, "grossProfit": 1119000000, "grossProfitRatio": 0.2290685773, "researchAndDevelopmentExpenses": 35000000, "generalAndAdministrativeExpenses": 204000000, "sellingAndMarketingExpenses": 242000000, "sellingGeneralAndAdministrativeExpenses": 446000000, "otherExpenses": -1144800000, "operatingExpenses": 637000000, "costAndExpenses": 3129000000, "interestIncome": 219000000, "interestExpense": 135500000, "depreciationAndAmortization": 66000000, "ebitda": 602000000, "ebitdaratio": 0.123234391, "operatingIncome": 536000000, "operatingIncomeRatio": 0.1097236438, "totalOtherIncomeExpensesNet": -54000000, "incomeBeforeTax": 482000000, "incomeBeforeTaxRatio": 0.0986693961, "incomeTaxExpense": 127000000, "netIncome": 355000000, "netIncomeRatio": 0.0726714432, "eps": 12.09, "epsdiluted": 11.79, "weightedAverageShsOut": 29355603, "weightedAverageShsOutDil": 30101308, "link": "https://www.sec.gov/Archives/edgar/data/913760/000091376022000174/0000913760-22-000174-index.htm", "finalLink": "https://www.sec.gov/Archives/edgar/data/913760/000091376022000174/intl-20220930.htm", "calculatedOtherExpenses": 102000000, "calculatedOperatingExpenses": 583000000, "calculatedNetInterest": 83500000, "calculatedOtherIncome": -137500000, "calculatedIncomeNonControlling": 0, "calculatedEbitda": 602000000}, {"date": "2021-09-30", "symbol": "SNEX", "reportedCurrency": "USD", "cik": "0000913760", "fillingDate": "2021-11-29", "acceptedDate": "2021-11-29 16:59:36", "calendarYear": "2021", "period": "FY", "revenue": 4540000000, "costOfRevenue": 3603000000, "grossProfit": 937000000, "grossProfitRatio": 0.2063876652, "researchAndDevelopmentExpenses": 33000000, "generalAndAdministrativeExpenses": 176000000, "sellingAndMarketingExpenses": 202000000, "sellingGeneralAndAdministrativeExpenses": 378000000, "otherExpenses": -945500000, "operatingExpenses": 482000000, "costAndExpenses": 3121000000, "interestIncome": 102400000, "interestExpense": 49600000, "depreciationAndAmortization": 49000000, "ebitda": 511000000, "ebitdaratio": 0.1125550661, "operatingIncome": 462000000, "operatingIncomeRatio": 0.1017621145, "totalOtherIncomeExpensesNet": -21000000, "incomeBeforeTax": 441000000, "incomeBeforeTaxRatio": 0.0971365639, "incomeTaxExpense": 103000000, "netIncome": 338000000, "netIncomeRatio": 0.0744493392, "eps": 11.78, "epsdiluted": 11.45, "weightedAverageShsOut": 28695963, "weightedAverageShsOutDil": 29517250, "link": "https://www.sec.gov/Archives/edgar/data/913760/000091376021000189/0000913760-21-000189-index.htm", "finalLink": "https://www.sec.gov/Archives/edgar/data/913760/000091376021000189/intl-20210930.htm", "calculatedOtherExpenses": 64000000, "calculatedOperatingExpenses": 475000000, "calculatedNetInterest": 52800000, "calculatedOtherIncome": -73800000, "calculatedIncomeNonControlling": 0, "calculatedEbitda": 511000000}, {"date": "2020-09-30", "symbol": "SNEX", "reportedCurrency": "USD", "cik": "0000913760", "fillingDate": "2020-12-14", "acceptedDate": "2020-12-14 16:22:08", "calendarYear": "2020", "period": "FY", "revenue": 4034000000, "costOfRevenue": 3241000000, "grossProfit": 793000000, "grossProfitRatio": 0.1965790778, "researchAndDevelopmentExpenses": 31000000, "generalAndAdministrativeExpenses": 152000000, "sellingAndMarketingExpenses": 186000000, "sellingGeneralAndAdministrativeExpenses": 338000000, "otherExpenses": -28400000, "operatingExpenses": 425000000, "costAndExpenses": 2816000000, "interestIncome": 130900000, "interestExpense": 80400000, "depreciationAndAmortization": 36000000, "ebitda": 404000000, "ebitdaratio": 0.1001487357, "operatingIncome": 368000000, "operatingIncomeRatio": 0.091224591, "totalOtherIncomeExpensesNet": -11000000, "incomeBeforeTax": 357000000, "incomeBeforeTaxRatio": 0.088497769, "incomeTaxExpense": 85000000, "netIncome": 272000000, "netIncomeRatio": 0.0674268716, "eps": 9.63, "epsdiluted": 9.45, "weightedAverageShsOut": 28236490, "weightedAverageShsOutDil": 28770717, "link": "https://www.sec.gov/Archives/edgar/data/913760/000091376020000206/0000913760-20-000206-index.htm", "finalLink": "https://www.sec.gov/Archives/edgar/data/913760/000091376020000206/intl-20200930.htm", "calculatedOtherExpenses": 56000000, "calculatedOperatingExpenses": 425000000, "calculatedNetInterest": 50500000, "calculatedOtherIncome": -61500000, "calculatedIncomeNonControlling": 0, "calculatedEbitda": 404000000}, {"date": "2019-09-30", "symbol": "SNEX", "reportedCurrency": "USD", "cik": "0000913760", "fillingDate": "2019-12-12", "acceptedDate": "2019-12-11 18:03:58", "calendarYear": "2019", "period": "FY", "revenue": 3856000000, "costOfRevenue": 3172000000, "grossProfit": 684000000, "grossProfitRatio": 0.1773858921, "researchAndDevelopmentExpenses": 29000000, "generalAndAdministrativeExpenses": 137000000, "sellingAndMarketingExpenses": 190000000, "sellingGeneralAndAdministrativeExpenses": 327000000, "otherExpenses": -531200000, "operatingExpenses": 416000000, "costAndExpenses": 2756000000, "interestIncome": 198900000, "interestExpense": 154700000, "depreciationAndAmortization": 28000000, "ebitda": 296000000, "ebitdaratio": 0.0767634855, "operatingIncome": 268000000, "operatingIncomeRatio": 0.0695020747, "totalOtherIncomeExpensesNet": 2000000, "incomeBeforeTax": 270000000, "incomeBeforeTaxRatio": 0.0700207469, "incomeTaxExpense": 58000000, "netIncome": 212000000, "netIncomeRatio": 0.0549792531, "eps": 7.54, "epsdiluted": 7.43, "weightedAverageShsOut": 28108356, "weightedAverageShsOutDil": 28521591, "link": "https://www.sec.gov/Archives/edgar/data/913760/000091376019000141/0000913760-19-000141-index.htm", "finalLink": "https://www.sec.gov/Archives/edgar/data/913760/000091376019000141/intl0930201910-k.htm", "calculatedOtherExpenses": 60000000, "calculatedOperatingExpenses": 416000000, "calculatedNetInterest": 44200000, "calculatedOtherIncome": -42200000, "calculatedIncomeNonControlling": 0, "calculatedEbitda": 296000000}, {"date": "2018-09-30", "symbol": "SNEX", "reportedCurrency": "USD", "cik": "0000913760", "fillingDate": "2018-12-12", "acceptedDate": "2018-12-11 17:57:05", "calendarYear": "2018", "period": "FY", "revenue": 3503000000, "costOfRevenue": 2839000000, "grossProfit": 664000000, "grossProfitRatio": 0.1895518127, "researchAndDevelopmentExpenses": 24000000, "generalAndAdministrativeExpenses": 142000000, "sellingAndMarketingExpenses": 182000000, "sellingGeneralAndAdministrativeExpenses": 324000000, "otherExpenses": -468000000, "operatingExpenses": 413000000, "costAndExpenses": 2426000000, "interestIncome": 123300000, "interestExpense": 80700000, "depreciationAndAmortization": 22000000, "ebitda": 273000000, "ebitdaratio": 0.0779332001, "operatingIncome": 251000000, "operatingIncomeRatio": 0.071652869, "totalOtherIncomeExpensesNet": -10000000, "incomeBeforeTax": 241000000, "incomeBeforeTaxRatio": 0.068798173, "incomeTaxExpense": 49000000, "netIncome": 192000000, "netIncomeRatio": 0.0548101627, "eps": 10.35, "epsdiluted": 10.14, "weightedAverageShsOut": 18549011, "weightedAverageShsOutDil": 18934830, "link": "https://www.sec.gov/Archives/edgar/data/913760/000091376018000157/0000913760-18-000157-index.htm", "finalLink": "https://www.sec.gov/Archives/edgar/data/913760/000091376018000157/intl0930201810-k.htm", "calculatedOtherExpenses": 65000000, "calculatedOperatingExpenses": 413000000, "calculatedNetInterest": 42600000, "calculatedOtherIncome": -52600000, "calculatedIncomeNonControlling": 0, "calculatedEbitda": 273000000}, {"date": "2017-09-30", "symbol": "SNEX", "reportedCurrency": "USD", "cik": "0000913760", "fillingDate": "2017-12-14", "acceptedDate": "2017-12-14 16:16:36", "calendarYear": "2017", "period": "FY", "revenue": 3275000000, "costOfRevenue": 2679000000, "grossProfit": 596000000, "grossProfitRatio": 0.1819847328, "researchAndDevelopmentExpenses": 17000000, "generalAndAdministrativeExpenses": 114000000, "sellingAndMarketingExpenses": 187000000, "sellingGeneralAndAdministrativeExpenses": 301000000, "otherExpenses": -464900000, "operatingExpenses": 379000000, "costAndExpenses": 2300000000, "interestIncome": 69700000, "interestExpense": 42100000, "depreciationAndAmortization": 18000000, "ebitda": 235000000, "ebitdaratio": 0.0717557252, "operatingIncome": 217000000, "operatingIncomeRatio": 0.066259542, "totalOtherIncomeExpensesNet": -17000000, "incomeBeforeTax": 200000000, "incomeBeforeTaxRatio": 0.0610687023, "incomeTaxExpense": 22000000, "netIncome": 178000000, "netIncomeRatio": 0.054351145, "eps": 9.68, "epsdiluted": 9.53, "weightedAverageShsOut": 18395987, "weightedAverageShsOutDil": 18687354, "link": "https://www.sec.gov/Archives/edgar/data/913760/000091376017000119/0000913760-17-000119-index.htm", "finalLink": "https://www.sec.gov/Archives/edgar/data/913760/000091376017000119/intl0930201710-k.htm", "calculatedOtherExpenses": 61000000, "calculatedOperatingExpenses": 379000000, "calculatedNetInterest": 27600000, "calculatedOtherIncome": -44600000, "calculatedIncomeNonControlling": 0, "calculatedEbitda": 235000000}, {"date": "2016-09-30", "symbol": "SNEX", "reportedCurrency": "USD", "cik": "0000913760", "fillingDate": "2016-12-14", "acceptedDate": "2016-12-14 16:40:41", "calendarYear": "2016", "period": "FY", "revenue": 3060000000, "costOfRevenue": 2604000000, "grossProfit": 456000000, "grossProfitRatio": 0.1490196078, "researchAndDevelopmentExpenses": 10000000, "generalAndAdministrativeExpenses": 92000000, "sellingAndMarketingExpenses": 174000000, "sellingGeneralAndAdministrativeExpenses": 266000000, "otherExpenses": -367900000, "operatingExpenses": 332000000, "costAndExpenses": 2272000000, "interestIncome": 55200000, "interestExpense": 28300000, "depreciationAndAmortization": 29000000, "ebitda": 153000000, "ebitdaratio": 0.05, "operatingIncome": 124000000, "operatingIncomeRatio": 0.0405228758, "totalOtherIncomeExpensesNet": -20000000, "incomeBeforeTax": 104000000, "incomeBeforeTaxRatio": 0.0339869281, "incomeTaxExpense": 43000000, "netIncome": 54700000, "netIncomeRatio": 0.017875817, "eps": 2.94, "epsdiluted": 2.9, "weightedAverageShsOut": 18410561, "weightedAverageShsOutDil": 18625372, "link": "https://www.sec.gov/Archives/edgar/data/913760/000091376016000359/0000913760-16-000359-index.htm", "finalLink": "https://www.sec.gov/Archives/edgar/data/913760/000091376016000359/intl0930201610-k.htm", "calculatedOtherExpenses": 56000000, "calculatedOperatingExpenses": 332000000, "calculatedNetInterest": 26900000, "calculatedOtherIncome": -46900000, "calculatedIncomeNonControlling": 6300000, "calculatedEbitda": 153000000}, {"date": "2015-09-30", "symbol": "SNEX", "reportedCurrency": "USD", "cik": "0000913760", "fillingDate": "2015-12-09", "acceptedDate": "2015-12-09 16:32:14", "calendarYear": "2015", "period": "FY", "revenue": 2659000000, "costOfRevenue": 2263000000, "grossProfit": 396000000, "grossProfitRatio": 0.1489281685, "researchAndDevelopmentExpenses": 5000000, "generalAndAdministrativeExpenses": 69000000, "sellingAndMarketingExpenses": 167000000, "sellingGeneralAndAdministrativeExpenses": 236000000, "otherExpenses": 0, "operatingExpenses": 317000000, "costAndExpenses": 1946000000, "interestIncome": 39400000, "interestExpense": 17100000, "depreciationAndAmortization": 48000000, "ebitda": 126000000, "ebitdaratio": 0.0473862354, "operatingIncome": 78000000, "operatingIncomeRatio": 0.0293343362, "totalOtherIncomeExpensesNet": -18000000, "incomeBeforeTax": 60000000, "incomeBeforeTaxRatio": 0.022564874, "incomeTaxExpense": 28000000, "netIncome": 32000000, "netIncomeRatio": 0.0120345995, "eps": 1.73, "epsdiluted": 1.69, "weightedAverageShsOut": 18525374, "weightedAverageShsOutDil": 18932235, "link": "https://www.sec.gov/Archives/edgar/data/913760/000091376015000180/0000913760-15-000180-index.htm", "finalLink": "https://www.sec.gov/Archives/edgar/data/913760/000091376015000180/intl0930201510-k.htm", "calculatedOtherExpenses": 77000000, "calculatedOperatingExpenses": 318000000, "calculatedNetInterest": 22300000, "calculatedOtherIncome": -40300000, "calculatedIncomeNonControlling": 0, "calculatedEbitda": 126000000}, {"date": "2014-09-30", "symbol": "SNEX", "reportedCurrency": "USD", "cik": "0000913760", "fillingDate": "2014-12-10", "acceptedDate": "2014-12-10 17:07:18", "calendarYear": "2014", "period": "FY", "revenue": 2193531000, "costOfRevenue": 1820571000, "grossProfit": 372960000, "grossProfitRatio": 0.1700272301, "researchAndDevelopmentExpenses": 5200000, "generalAndAdministrativeExpenses": 53926000, "sellingAndMarketingExpenses": 139997000, "sellingGeneralAndAdministrativeExpenses": 193923000, "otherExpenses": 0, "operatingExpenses": 285691000, "costAndExpenses": 1534880000, "interestIncome": 8000000, "interestExpense": 10500000, "depreciationAndAmortization": 79203000, "ebitda": 165994000, "ebitdaratio": 0.0756743351, "operatingIncome": 86791000, "operatingIncomeRatio": 0.0395667989, "totalOtherIncomeExpensesNet": -53715000, "incomeBeforeTax": 33076000, "incomeBeforeTaxRatio": 0.0150788842, "incomeTaxExpense": 17579000, "netIncome": 13273000, "netIncomeRatio": 0.0060509744, "eps": 0.72, "epsdiluted": 0.69, "weightedAverageShsOut": 18528302, "weightedAverageShsOutDil": 19132302, "link": "https://www.sec.gov/Archives/edgar/data/913760/000091376014000155/0000913760-14-000155-index.htm", "finalLink": "https://www.sec.gov/Archives/edgar/data/913760/000091376014000155/intl0930201410-k.htm", "calculatedOtherExpenses": 87046000, "calculatedOperatingExpenses": 286169000, "calculatedNetInterest": -2500000, "calculatedOtherIncome": -51215000, "calculatedIncomeNonControlling": 2224000, "calculatedEbitda": 165994000}, {"date": "2013-09-30", "symbol": "SNEX", "reportedCurrency": "USD", "cik": "0000913760", "fillingDate": "2014-01-15", "acceptedDate": "2014-01-15 16:38:26", "calendarYear": "2013", "period": "FY", "revenue": 1644275000, "costOfRevenue": 1327631000, "grossProfit": 316644000, "grossProfitRatio": 0.1925736267, "researchAndDevelopmentExpenses": 4500000, "generalAndAdministrativeExpenses": 52455000, "sellingAndMarketingExpenses": 106028000, "sellingGeneralAndAdministrativeExpenses": 167253000, "otherExpenses": 0, "operatingExpenses": 249836000, "costAndExpenses": 1077795000, "interestIncome": 10300000, "interestExpense": 12500000, "depreciationAndAmortization": 68538000, "ebitda": 135675000, "ebitdaratio": 0.0825135698, "operatingIncome": 67137000, "operatingIncomeRatio": 0.0408307613, "totalOtherIncomeExpensesNet": -46053000, "incomeBeforeTax": 21084000, "incomeBeforeTaxRatio": 0.0128226726, "incomeTaxExpense": 7937000, "netIncome": 3221000, "netIncomeRatio": 0.0019589181, "eps": 0.17, "epsdiluted": 0.17, "weightedAverageShsOut": 18443233, "weightedAverageShsOutDil": 19068497, "link": "https://www.sec.gov/Archives/edgar/data/913760/000091376014000006/0000913760-14-000006-index.htm", "finalLink": "https://www.sec.gov/Archives/edgar/data/913760/000091376014000006/intl0930201310-k.htm", "calculatedOtherExpenses": 77754000, "calculatedOperatingExpenses": 249507000, "calculatedNetInterest": -2200000, "calculatedOtherIncome": -43853000, "calculatedIncomeNonControlling": 9926000, "calculatedEbitda": 135675000}, {"date": "2012-09-30", "symbol": "SNEX", "reportedCurrency": "USD", "cik": "0000913760", "fillingDate": "2012-12-12", "acceptedDate": "2012-12-12 17:24:54", "calendarYear": "2012", "period": "FY", "revenue": 1019061000, "costOfRevenue": 809647000, "grossProfit": 209414000, "grossProfitRatio": 0.2054970213, "researchAndDevelopmentExpenses": 2400000, "generalAndAdministrativeExpenses": 37279000, "sellingAndMarketingExpenses": 57865000, "sellingGeneralAndAdministrativeExpenses": 101151000, "otherExpenses": 0, "operatingExpenses": 147529000, "costAndExpenses": 662118000, "interestIncome": 10300000, "interestExpense": 11600000, "depreciationAndAmortization": 25996001, "ebitda": 91224000, "ebitdaratio": 0.0895177031, "operatingIncome": 65227999, "operatingIncomeRatio": 0.0640079436, "totalOtherIncomeExpensesNet": -13051999, "incomeBeforeTax": 52176000, "incomeBeforeTaxRatio": 0.0512000754, "incomeTaxExpense": 20344000, "netIncome": 6520000, "netIncomeRatio": 0.0063980468, "eps": 0.36, "epsdiluted": 0.34, "weightedAverageShsOut": 18282939, "weightedAverageShsOutDil": 19156899, "link": "https://www.sec.gov/Archives/edgar/data/913760/000091376012000116/0000913760-12-000116-index.htm", "finalLink": "https://www.sec.gov/Archives/edgar/data/913760/000091376012000116/intl0930201210-k.htm", "calculatedOtherExpenses": 40635001, "calculatedOperatingExpenses": 144186001, "calculatedNetInterest": -1300000, "calculatedOtherIncome": -11751999, "calculatedIncomeNonControlling": 25312000, "calculatedEbitda": 91224000}, {"date": "2011-09-30", "symbol": "SNEX", "reportedCurrency": "USD", "cik": "0000913760", "fillingDate": "2011-12-14", "acceptedDate": "2011-12-14 16:41:57", "calendarYear": "2011", "period": "FY", "revenue": 75497600000, "costOfRevenue": 75286300000, "grossProfit": 211300000, "grossProfitRatio": 0.0027987645, "researchAndDevelopmentExpenses": 0, "generalAndAdministrativeExpenses": 46500000, "sellingAndMarketingExpenses": 1800000, "sellingGeneralAndAdministrativeExpenses": 48300000, "otherExpenses": 92600000, "operatingExpenses": 140900000, "costAndExpenses": 75427200000, "interestIncome": 10300000, "interestExpense": 11300000, "depreciationAndAmortization": 4700000, "ebitda": 86000000, "ebitdaratio": 0.0011391091, "operatingIncome": 423200000, "operatingIncomeRatio": 0.0056054762, "totalOtherIncomeExpensesNet": -10900000, "incomeBeforeTax": 59500000, "incomeBeforeTaxRatio": 0.0007881045, "incomeTaxExpense": 22500000, "netIncome": 37300000, "netIncomeRatio": 0.0004940554, "eps": 1.93, "epsdiluted": 1.83, "weightedAverageShsOut": 17618085, "weightedAverageShsOutDil": 18567454, "link": "https://www.sec.gov/Archives/edgar/data/913760/000091376011000012/0000913760-11-000012-index.htm", "finalLink": "https://www.sec.gov/Archives/edgar/data/913760/000091376011000012/intl0930201110-k.htm", "calculatedOtherExpenses": -260200000, "calculatedOperatingExpenses": -211900000, "calculatedNetInterest": -1000000, "calculatedOtherIncome": -362700000, "calculatedIncomeNonControlling": -300000, "calculatedEbitda": 427900000}, {"date": "2010-09-30", "symbol": "SNEX", "reportedCurrency": "USD", "cik": "0000913760", "fillingDate": "2010-12-15", "acceptedDate": "2010-12-15 16:06:43", "calendarYear": "2010", "period": "FY", "revenue": 46940300000, "costOfRevenue": 46804300000, "grossProfit": 136000000, "grossProfitRatio": 0.0028972972, "researchAndDevelopmentExpenses": 0, "generalAndAdministrativeExpenses": 25400000, "sellingAndMarketingExpenses": 0, "sellingGeneralAndAdministrativeExpenses": 25400000, "otherExpenses": 86900000, "operatingExpenses": 112300000, "costAndExpenses": 46916600000, "interestIncome": 7000000, "interestExpense": 9900000, "depreciationAndAmortization": 1700000, "ebitda": 31200000, "ebitdaratio": 0.0006646741, "operatingIncome": 269000000, "operatingIncomeRatio": 0.0057306834, "totalOtherIncomeExpensesNet": -5800000, "incomeBeforeTax": 17900000, "incomeBeforeTaxRatio": 0.0003813354, "incomeTaxExpense": 6400000, "netIncome": 5400000, "netIncomeRatio": 0.0001150397, "eps": 0.31, "epsdiluted": 0.3, "weightedAverageShsOut": 17306019, "weightedAverageShsOutDil": 17883233, "link": "https://www.sec.gov/Archives/edgar/data/913760/000119312510281256/0001193125-10-281256-index.htm", "finalLink": "https://www.sec.gov/Archives/edgar/data/913760/000119312510281256/d10k.htm", "calculatedOtherExpenses": -158400000, "calculatedOperatingExpenses": -133000000, "calculatedNetInterest": -2900000, "calculatedOtherIncome": -248200000, "calculatedIncomeNonControlling": 6100000, "calculatedEbitda": 270700000}, {"date": "2009-09-30", "symbol": "SNEX", "reportedCurrency": "USD", "cik": "0000913760", "fillingDate": "2009-12-15", "acceptedDate": "2009-12-14 20:04:07", "calendarYear": "2009", "period": "FY", "revenue": 43604400000, "costOfRevenue": 43561900000, "grossProfit": 42500000, "grossProfitRatio": 0.0009746723, "researchAndDevelopmentExpenses": 0, "generalAndAdministrativeExpenses": 5900000, "sellingAndMarketingExpenses": 0, "sellingGeneralAndAdministrativeExpenses": 5900000, "otherExpenses": 23700000, "operatingExpenses": 29600000, "costAndExpenses": 43591500000, "interestIncome": 0, "interestExpense": 8000000, "depreciationAndAmortization": 700000, "ebitda": 13800000, "ebitdaratio": 0.0003164818, "operatingIncome": 91300000, "operatingIncomeRatio": 0.0020938254, "totalOtherIncomeExpensesNet": -78400000, "incomeBeforeTax": 12900000, "incomeBeforeTaxRatio": 0.0002958417, "incomeTaxExpense": 2600000, "netIncome": 27600000, "netIncomeRatio": 0.0006329636, "eps": 3.11, "epsdiluted": 2.8, "weightedAverageShsOut": 8895697, "weightedAverageShsOutDil": 10182586, "link": "https://www.sec.gov/Archives/edgar/data/913760/000119312509252591/0001193125-09-252591-index.htm", "finalLink": "https://www.sec.gov/Archives/edgar/data/913760/000119312509252591/d10k.htm", "calculatedOtherExpenses": -54700000, "calculatedOperatingExpenses": -48800000, "calculatedNetInterest": -8000000, "calculatedOtherIncome": -70400000, "calculatedIncomeNonControlling": -17300000, "calculatedEbitda": 92000000}, {"date": "2008-09-30", "symbol": "SNEX", "reportedCurrency": "USD", "cik": "0000913760", "fillingDate": "2008-12-08", "acceptedDate": "2008-12-08 17:00:46", "calendarYear": "2008", "period": "FY", "revenue": 18358900000, "costOfRevenue": 18282700000, "grossProfit": 76200000, "grossProfitRatio": 0.0041505755, "researchAndDevelopmentExpenses": 0, "generalAndAdministrativeExpenses": 7000000, "sellingAndMarketingExpenses": 0, "sellingGeneralAndAdministrativeExpenses": 7000000, "otherExpenses": 21600000, "operatingExpenses": 28600000, "costAndExpenses": 18311300000, "interestIncome": 0, "interestExpense": 11200000, "depreciationAndAmortization": 1200000, "ebitda": 48800000, "ebitdaratio": 0.0026581113, "operatingIncome": 127400000, "operatingIncomeRatio": 0.0069394136, "totalOtherIncomeExpensesNet": -79800000, "incomeBeforeTax": 47600000, "incomeBeforeTaxRatio": 0.0025927479, "incomeTaxExpense": 18000000, "netIncome": 27800000, "netIncomeRatio": 0.0015142519, "eps": 3.3, "epsdiluted": 2.95, "weightedAverageShsOut": 8434976, "weightedAverageShsOutDil": 9901706, "link": "https://www.sec.gov/Archives/edgar/data/913760/000119312508249705/0001193125-08-249705-index.htm", "finalLink": "https://www.sec.gov/Archives/edgar/data/913760/000119312508249705/d10k.htm", "calculatedOtherExpenses": -58200000, "calculatedOperatingExpenses": -51200000, "calculatedNetInterest": -11200000, "calculatedOtherIncome": -68600000, "calculatedIncomeNonControlling": 1800000, "calculatedEbitda": 128600000}, {"date": "2007-09-30", "symbol": "SNEX", "reportedCurrency": "USD", "cik": "0000913760", "fillingDate": "2007-12-12", "acceptedDate": "2007-12-12 17:29:26", "calendarYear": "2007", "period": "FY", "revenue": 4460314000, "costOfRevenue": 4446542000, "grossProfit": 13772000, "grossProfitRatio": 0.003087675, "researchAndDevelopmentExpenses": 0, "generalAndAdministrativeExpenses": 5503000, "sellingAndMarketingExpenses": 0, "sellingGeneralAndAdministrativeExpenses": 5503000, "otherExpenses": 14158000, "operatingExpenses": 19661000, "costAndExpenses": 4466203000, "interestIncome": 0, "interestExpense": 9317000, "depreciationAndAmortization": 838000, "ebitda": -5051000, "ebitdaratio": -0.0011324315, "operatingIncome": 53585000, "operatingIncomeRatio": 0.0120137282, "totalOtherIncomeExpensesNet": -59474000, "incomeBeforeTax": -5889000, "incomeBeforeTaxRatio": -0.0013203106, "incomeTaxExpense": -1982000, "netIncome": -4492000, "netIncomeRatio": -0.001007104, "eps": -0.56, "epsdiluted": -0.56, "weightedAverageShsOut": 8086837, "weightedAverageShsOutDil": 8086837, "link": "https://www.sec.gov/Archives/edgar/data/913760/000119312507264024/0001193125-07-264024-index.htm", "finalLink": "https://www.sec.gov/Archives/edgar/data/913760/000119312507264024/d10k.htm", "calculatedOtherExpenses": -45316000, "calculatedOperatingExpenses": -39813000, "calculatedNetInterest": -9317000, "calculatedOtherIncome": -50157000, "calculatedIncomeNonControlling": 585000, "calculatedEbitda": 54423000}, {"date": "2006-09-30", "symbol": "SNEX", "reportedCurrency": "USD", "cik": "0000913760", "fillingDate": "2006-12-20", "acceptedDate": "2006-12-20 17:01:43", "calendarYear": "2006", "period": "FY", "revenue": 102761000, "costOfRevenue": 85631000, "grossProfit": 17130000, "grossProfitRatio": 0.1666974825, "researchAndDevelopmentExpenses": 0, "generalAndAdministrativeExpenses": 2796000, "sellingAndMarketingExpenses": 0, "sellingGeneralAndAdministrativeExpenses": 2796000, "otherExpenses": 9073000, "operatingExpenses": 11869000, "costAndExpenses": 97500000, "interestIncome": 0, "interestExpense": 2095000, "depreciationAndAmortization": 420000, "ebitda": 5681000, "ebitdaratio": 0.0552836193, "operatingIncome": 35877000, "operatingIncomeRatio": 0.3491305067, "totalOtherIncomeExpensesNet": -30616000, "incomeBeforeTax": 5261000, "incomeBeforeTaxRatio": 0.0511964656, "incomeTaxExpense": 1730000, "netIncome": 3460000, "netIncomeRatio": 0.0336703613, "eps": 0.45, "epsdiluted": 0.41, "weightedAverageShsOut": 7636808, "weightedAverageShsOutDil": 8387761, "link": "https://www.sec.gov/Archives/edgar/data/913760/000119312506257293/0001193125-06-257293-index.htm", "finalLink": "https://www.sec.gov/Archives/edgar/data/913760/000119312506257293/d10ksb.htm", "calculatedOtherExpenses": -21543000, "calculatedOperatingExpenses": -18747000, "calculatedNetInterest": -2095000, "calculatedOtherIncome": -28521000, "calculatedIncomeNonControlling": 71000, "calculatedEbitda": 36297000}, {"date": "2005-09-30", "symbol": "SNEX", "reportedCurrency": "USD", "cik": "0000913760", "fillingDate": "2005-12-22", "acceptedDate": "2005-12-22 16:12:01", "calendarYear": "2005", "period": "FY", "revenue": 26140031, "costOfRevenue": 11818019, "grossProfit": 14322012, "grossProfitRatio": 0.5478957542, "researchAndDevelopmentExpenses": 0, "generalAndAdministrativeExpenses": 2827367, "sellingAndMarketingExpenses": 0, "sellingGeneralAndAdministrativeExpenses": 2827367, "otherExpenses": 7375434, "operatingExpenses": 10202801, "costAndExpenses": 22020820, "interestIncome": 0, "interestExpense": 1335461, "depreciationAndAmortization": 320617, "ebitda": 4439828, "ebitdaratio": 0.1698478475, "operatingIncome": 4119211, "operatingIncomeRatio": 0.1575824834, "totalOtherIncomeExpensesNet": 0, "incomeBeforeTax": 4119211, "incomeBeforeTaxRatio": 0.1575824834, "incomeTaxExpense": 1483897, "netIncome": 2613635, "netIncomeRatio": 0.0999859181, "eps": 0.36, "epsdiluted": 0.33, "weightedAverageShsOut": 7303065, "weightedAverageShsOutDil": 8023891, "link": "https://www.sec.gov/Archives/edgar/data/913760/000119312505247627/0001193125-05-247627-index.htm", "finalLink": "https://www.sec.gov/Archives/edgar/data/913760/000119312505247627/d10ksb.htm", "calculatedOtherExpenses": 7375434, "calculatedOperatingExpenses": 10202801, "calculatedNetInterest": -1335461, "calculatedOtherIncome": 1335461, "calculatedIncomeNonControlling": 21679, "calculatedEbitda": 4439828}, {"date": "2004-09-30", "symbol": "SNEX", "reportedCurrency": "USD", "cik": "0000913760", "fillingDate": "2004-12-23", "acceptedDate": "2004-12-23 10:34:42", "calendarYear": "2004", "period": "FY", "revenue": 22037729, "costOfRevenue": 9221047, "grossProfit": 12816682, "grossProfitRatio": 0.5815790729, "researchAndDevelopmentExpenses": 0, "generalAndAdministrativeExpenses": 1755833, "sellingAndMarketingExpenses": 0, "sellingGeneralAndAdministrativeExpenses": 1755833, "otherExpenses": 6687755, "operatingExpenses": 8443588, "costAndExpenses": 17664635, "interestIncome": 0, "interestExpense": 730670, "depreciationAndAmortization": 185769, "ebitda": 4558863, "ebitdaratio": 0.2068662792, "operatingIncome": 4373094, "operatingIncomeRatio": 0.1984366901, "totalOtherIncomeExpensesNet": 0, "incomeBeforeTax": 4373094, "incomeBeforeTaxRatio": 0.1984366901, "incomeTaxExpense": 1847739, "netIncome": 2525355, "netIncomeRatio": 0.114592343, "eps": -0.02, "epsdiluted": -0.02, "weightedAverageShsOut": 5090304, "weightedAverageShsOutDil": 5090304, "link": "https://www.sec.gov/Archives/edgar/data/913760/000119312504218886/0001193125-04-218886-index.htm", "finalLink": "https://www.sec.gov/Archives/edgar/data/913760/000119312504218886/d10ksb.htm", "calculatedOtherExpenses": 6687755, "calculatedOperatingExpenses": 8443588, "calculatedNetInterest": -730670, "calculatedOtherIncome": 730670, "calculatedIncomeNonControlling": 0, "calculatedEbitda": 4558863}, {"date": "2003-09-30", "symbol": "SNEX", "reportedCurrency": "USD", "cik": "0000913760", "fillingDate": "2003-12-29", "acceptedDate": "2003-12-29 14:52:34", "calendarYear": "2003", "period": "FY", "revenue": 10754755, "costOfRevenue": 4321490, "grossProfit": 6433265, "grossProfitRatio": 0.5981786661, "researchAndDevelopmentExpenses": 0, "generalAndAdministrativeExpenses": 1371712, "sellingAndMarketingExpenses": 0, "sellingGeneralAndAdministrativeExpenses": 1371712, "otherExpenses": 3585859, "operatingExpenses": 4957571, "costAndExpenses": 9279061, "interestIncome": 0, "interestExpense": 0, "depreciationAndAmortization": 362341, "ebitda": 1838035, "ebitdaratio": 0.1709044046, "operatingIncome": 1475694, "operatingIncomeRatio": 0.1372131676, "totalOtherIncomeExpensesNet": 0, "incomeBeforeTax": 1475694, "incomeBeforeTaxRatio": 0.1372131676, "incomeTaxExpense": 211309, "netIncome": 1264385, "netIncomeRatio": 0.1175652072, "eps": 0.34, "epsdiluted": 0.33, "weightedAverageShsOut": 3688892, "weightedAverageShsOutDil": 3862761, "link": "https://www.sec.gov/Archives/edgar/data/913760/000119312503099735/0001193125-03-099735-index.htm", "finalLink": "https://www.sec.gov/Archives/edgar/data/913760/000119312503099735/d10ksb.htm", "calculatedOtherExpenses": 3585859, "calculatedOperatingExpenses": 4957571, "calculatedNetInterest": 0, "calculatedOtherIncome": 0, "calculatedIncomeNonControlling": 0, "calculatedEbitda": 1838035}, {"date": "2002-09-30", "symbol": "SNEX", "reportedCurrency": "USD", "cik": "0000913760", "fillingDate": "2002-12-30", "acceptedDate": "2002-12-30 11:52:59", "calendarYear": "2002", "period": "FY", "revenue": 5379572, "costOfRevenue": 2216073, "grossProfit": 3163499, "grossProfitRatio": 0.5880577488, "researchAndDevelopmentExpenses": 0, "generalAndAdministrativeExpenses": 1094240, "sellingAndMarketingExpenses": 230024, "sellingGeneralAndAdministrativeExpenses": 1324264, "otherExpenses": 2310616, "operatingExpenses": 3634880, "costAndExpenses": 5850953, "interestIncome": 0, "interestExpense": 212615, "depreciationAndAmortization": 376975, "ebitda": -94406, "ebitdaratio": -0.0175489797, "operatingIncome": -471381, "operatingIncomeRatio": -0.0876242571, "totalOtherIncomeExpensesNet": 413009, "incomeBeforeTax": -270987, "incomeBeforeTaxRatio": -0.0503733383, "incomeTaxExpense": 212615, "netIncome": -270987, "netIncomeRatio": -0.0503733383, "eps": -0.11, "epsdiluted": -0.11, "weightedAverageShsOut": 2359040, "weightedAverageShsOutDil": 2359040, "link": "https://www.sec.gov/Archives/edgar/data/913760/000102140802015562/0001021408-02-015562-index.htm", "finalLink": "https://www.sec.gov/Archives/edgar/data/913760/000102140802015562/d10ksb.txt", "calculatedOtherExpenses": 2310616, "calculatedOperatingExpenses": 3634880, "calculatedNetInterest": -212615, "calculatedOtherIncome": 413009, "calculatedIncomeNonControlling": -212615, "calculatedEbitda": -94406}, {"date": "2001-09-30", "symbol": "SNEX", "reportedCurrency": "USD", "cik": "0000913760", "fillingDate": "2002-01-14", "acceptedDate": "2002-01-14 00:00:00", "calendarYear": "2001", "period": "FY", "revenue": 4671388, "costOfRevenue": 4758998, "grossProfit": -87610, "grossProfitRatio": -0.0187545971, "researchAndDevelopmentExpenses": 0, "generalAndAdministrativeExpenses": 1479139, "sellingAndMarketingExpenses": 714675, "sellingGeneralAndAdministrativeExpenses": 2193814, "otherExpenses": 2486247, "operatingExpenses": 4680061, "costAndExpenses": 9439059, "interestIncome": 0, "interestExpense": 5679, "depreciationAndAmortization": 528834, "ebitda": -4238837, "ebitdaratio": -0.9074041805, "operatingIncome": -4767671, "operatingIncomeRatio": -1.0206112188, "totalOtherIncomeExpensesNet": 0, "incomeBeforeTax": -4767671, "incomeBeforeTaxRatio": -1.0206112188, "incomeTaxExpense": -1462743, "netIncome": -3304928, "netIncomeRatio": -0.7074830864, "eps": -1.47, "epsdiluted": -1.47, "weightedAverageShsOut": 2242845, "weightedAverageShsOutDil": 2242845, "link": "https://www.sec.gov/Archives/edgar/data/913760/000102140802000371/0001021408-02-000371-index.htm", "finalLink": "https://www.sec.gov/Archives/edgar/data/913760/000102140802000371/d10ksb.txt", "calculatedOtherExpenses": 2486247, "calculatedOperatingExpenses": 4680061, "calculatedNetInterest": -5679, "calculatedOtherIncome": 5679, "calculatedIncomeNonControlling": 0, "calculatedEbitda": -4238837}, {"date": "2000-09-30", "symbol": "SNEX", "reportedCurrency": "USD", "cik": "0000913760", "fillingDate": "2000-12-29", "acceptedDate": "2000-12-29 00:00:00", "calendarYear": "2000", "period": "FY", "revenue": 12280941, "costOfRevenue": 3698799, "grossProfit": 8582142, "grossProfitRatio": 0.6988179489, "researchAndDevelopmentExpenses": 0, "generalAndAdministrativeExpenses": 1625574, "sellingAndMarketingExpenses": 1216914, "sellingGeneralAndAdministrativeExpenses": 2842488, "otherExpenses": 5217307, "operatingExpenses": 8059795, "costAndExpenses": 11758594, "interestIncome": 0, "interestExpense": 5109, "depreciationAndAmortization": 367118, "ebitda": 889465, "ebitdaratio": 0.0724264533, "operatingIncome": 522347, "operatingIncomeRatio": 0.0425331414, "totalOtherIncomeExpensesNet": 0, "incomeBeforeTax": 522347, "incomeBeforeTaxRatio": 0.0425331414, "incomeTaxExpense": 243204, "netIncome": 279143, "netIncomeRatio": 0.0227297729, "eps": 0.13, "epsdiluted": 0.12, "weightedAverageShsOut": 2123064, "weightedAverageShsOutDil": 2370974, "link": "https://www.sec.gov/Archives/edgar/data/913760/000095017000002078/0000950170-00-002078-index.htm", "finalLink": "https://www.sec.gov/Archives/edgar/data/913760/000095017000002078/0000950170-00-002078-0001.txt", "calculatedOtherExpenses": 5217307, "calculatedOperatingExpenses": 8059795, "calculatedNetInterest": -5109, "calculatedOtherIncome": 5109, "calculatedIncomeNonControlling": 0, "calculatedEbitda": 889465}, {"date": "1999-09-30", "symbol": "SNEX", "reportedCurrency": "USD", "cik": "0000913760", "fillingDate": "1999-12-23", "acceptedDate": "1999-12-23 00:00:00", "calendarYear": "1999", "period": "FY", "revenue": 9916924, "costOfRevenue": 2739266, "grossProfit": 7177658, "grossProfitRatio": 0.7237786636, "researchAndDevelopmentExpenses": 0, "generalAndAdministrativeExpenses": 1128753, "sellingAndMarketingExpenses": 833805, "sellingGeneralAndAdministrativeExpenses": 1962558, "otherExpenses": 4519729, "operatingExpenses": 6482287, "costAndExpenses": 9221553, "interestIncome": 0, "interestExpense": 4829, "depreciationAndAmortization": 152001, "ebitda": 847373, "ebitdaratio": 0.0854471608, "operatingIncome": 695371, "operatingIncomeRatio": 0.0701196258, "totalOtherIncomeExpensesNet": 0, "incomeBeforeTax": 695371, "incomeBeforeTaxRatio": 0.0701196258, "incomeTaxExpense": 298190, "netIncome": 397181, "netIncomeRatio": 0.0400508262, "eps": 0.2, "epsdiluted": 0.16, "weightedAverageShsOut": 2019265, "weightedAverageShsOutDil": 2442038, "link": "https://www.sec.gov/Archives/edgar/data/913760/000091376099000042/0000913760-99-000042-index.htm", "finalLink": "https://www.sec.gov/Archives/edgar/data/913760/000091376099000042/", "calculatedOtherExpenses": 4519729, "calculatedOperatingExpenses": 6482287, "calculatedNetInterest": -4829, "calculatedOtherIncome": 4829, "calculatedIncomeNonControlling": 0, "calculatedEbitda": 847372}, {"date": "1998-09-30", "symbol": "SNEX", "reportedCurrency": "USD", "cik": "0000913760", "fillingDate": "1998-12-24", "acceptedDate": "1998-12-24 00:00:00", "calendarYear": "1998", "period": "FY", "revenue": 9350224, "costOfRevenue": 1932496, "grossProfit": 7417728, "grossProfitRatio": 0.7933208873, "researchAndDevelopmentExpenses": 0, "generalAndAdministrativeExpenses": 1313538, "sellingAndMarketingExpenses": 1186344, "sellingGeneralAndAdministrativeExpenses": 2499882, "otherExpenses": 5215004, "operatingExpenses": 7714886, "costAndExpenses": 9647382, "interestIncome": 0, "interestExpense": 5704, "depreciationAndAmortization": 177991, "ebitda": -119167, "ebitdaratio": -0.0127448284, "operatingIncome": -297158, "operatingIncomeRatio": -0.0317808429, "totalOtherIncomeExpensesNet": -1, "incomeBeforeTax": -297159, "incomeBeforeTaxRatio": -0.0317809498, "incomeTaxExpense": -79821, "netIncome": -217338, "netIncomeRatio": -0.023244149, "eps": -0.12, "epsdiluted": -0.12, "weightedAverageShsOut": 1855576, "weightedAverageShsOutDil": 1855576, "link": "https://www.sec.gov/Archives/edgar/data/913760/000091376098000027/0000913760-98-000027-index.htm", "finalLink": "https://www.sec.gov/Archives/edgar/data/913760/000091376098000027/", "calculatedOtherExpenses": 5215004, "calculatedOperatingExpenses": 7714886, "calculatedNetInterest": -5704, "calculatedOtherIncome": 5703, "calculatedIncomeNonControlling": 0, "calculatedEbitda": -119167}, {"date": "1997-09-30", "symbol": "SNEX", "reportedCurrency": "USD", "cik": "0000913760", "fillingDate": "1997-12-24", "acceptedDate": "1997-12-24 00:00:00", "calendarYear": "1997", "period": "FY", "revenue": 12301621, "costOfRevenue": 2613828, "grossProfit": 9687793, "grossProfitRatio": 0.7875216608, "researchAndDevelopmentExpenses": 0, "generalAndAdministrativeExpenses": 1282602, "sellingAndMarketingExpenses": 1228344, "sellingGeneralAndAdministrativeExpenses": 2510946, "otherExpenses": 5956595, "operatingExpenses": 8467541, "costAndExpenses": 11081369, "interestIncome": 0, "interestExpense": 3543, "depreciationAndAmortization": 162122, "ebitda": 1382374, "ebitdaratio": 0.1123733206, "operatingIncome": 1220252, "operatingIncomeRatio": 0.099194407, "totalOtherIncomeExpensesNet": 0, "incomeBeforeTax": 1220252, "incomeBeforeTaxRatio": 0.099194407, "incomeTaxExpense": 502383, "netIncome": 717869, "netIncomeRatio": 0.0583556427, "eps": 0.37, "epsdiluted": 0.36, "weightedAverageShsOut": 1910548, "weightedAverageShsOutDil": 1988031, "link": "https://www.sec.gov/Archives/edgar/data/913760/000091376097000026/0000913760-97-000026-index.htm", "finalLink": "https://www.sec.gov/Archives/edgar/data/913760/000091376097000026/", "calculatedOtherExpenses": 5956595, "calculatedOperatingExpenses": 8467541, "calculatedNetInterest": -3543, "calculatedOtherIncome": 3543, "calculatedIncomeNonControlling": 0, "calculatedEbitda": 1382374}, {"date": "1996-09-30", "symbol": "SNEX", "reportedCurrency": "USD", "cik": "0000913760", "fillingDate": "1996-12-24", "acceptedDate": "1996-12-24 00:00:00", "calendarYear": "1996", "period": "FY", "revenue": 11321295, "costOfRevenue": 2478864, "grossProfit": 8842431, "grossProfitRatio": 0.7810441297, "researchAndDevelopmentExpenses": 0, "generalAndAdministrativeExpenses": 1101143, "sellingAndMarketingExpenses": 1303134, "sellingGeneralAndAdministrativeExpenses": 2404277, "otherExpenses": 5222993, "operatingExpenses": 7627270, "costAndExpenses": 10106134, "interestIncome": 0, "interestExpense": 6118, "depreciationAndAmortization": 126017, "ebitda": 1341178, "ebitdaratio": 0.1184650696, "operatingIncome": 1215161, "operatingIncomeRatio": 0.1073340991, "totalOtherIncomeExpensesNet": 0, "incomeBeforeTax": 1215161, "incomeBeforeTaxRatio": 0.1073340991, "incomeTaxExpense": 488800, "netIncome": 726361, "netIncomeRatio": 0.0641588264, "eps": 0.3, "epsdiluted": 0.3, "weightedAverageShsOut": 2892062, "weightedAverageShsOutDil": 2892062, "link": "https://www.sec.gov/Archives/edgar/data/913760/000091376096000030/0000913760-96-000030-index.htm", "finalLink": "https://www.sec.gov/Archives/edgar/data/913760/000091376096000030/", "calculatedOtherExpenses": 5222993, "calculatedOperatingExpenses": 7627270, "calculatedNetInterest": -6118, "calculatedOtherIncome": 6118, "calculatedIncomeNonControlling": 0, "calculatedEbitda": 1341178}, {"date": "1995-09-30", "symbol": "SNEX", "reportedCurrency": "USD", "cik": "0000913760", "fillingDate": "1995-09-30", "acceptedDate": "1995-09-29 20:00:00", "calendarYear": "1995", "period": "FY", "revenue": 9265994, "costOfRevenue": 1884935, "grossProfit": 7381059, "grossProfitRatio": 0.7965749816, "researchAndDevelopmentExpenses": 0, "generalAndAdministrativeExpenses": 1013800, "sellingAndMarketingExpenses": 962534, "sellingGeneralAndAdministrativeExpenses": 1976334, "otherExpenses": 4461044, "operatingExpenses": 6437378, "costAndExpenses": 8322313, "interestIncome": 0, "interestExpense": 3621, "depreciationAndAmortization": 89248, "ebitda": 1032929, "ebitdaratio": 0.1114752503, "operatingIncome": 943681, "operatingIncomeRatio": 0.1018434719, "totalOtherIncomeExpensesNet": 0, "incomeBeforeTax": 943681, "incomeBeforeTaxRatio": 0.1018434719, "incomeTaxExpense": 366413, "netIncome": 577268, "netIncomeRatio": 0.0622996302, "eps": 0.27, "epsdiluted": 0.27, "weightedAverageShsOut": 2676979, "weightedAverageShsOutDil": 2676979, "link": "", "finalLink": "", "calculatedOtherExpenses": 4461044, "calculatedOperatingExpenses": 6437378, "calculatedNetInterest": -3621, "calculatedOtherIncome": 3621, "calculatedIncomeNonControlling": 0, "calculatedEbitda": 1032929}, {"date": "1994-09-30", "symbol": "SNEX", "reportedCurrency": "USD", "cik": "0000913760", "fillingDate": "1994-09-30", "acceptedDate": "1994-09-29 20:00:00", "calendarYear": "1994", "period": "FY", "revenue": 0, "costOfRevenue": 0, "grossProfit": 0, "grossProfitRatio": 0, "researchAndDevelopmentExpenses": 0, "generalAndAdministrativeExpenses": 0, "sellingAndMarketingExpenses": 0, "sellingGeneralAndAdministrativeExpenses": 0, "otherExpenses": 0, "operatingExpenses": 0, "costAndExpenses": 0, "interestIncome": 0, "interestExpense": 0, "depreciationAndAmortization": 0, "ebitda": 0, "ebitdaratio": 0, "operatingIncome": 0, "operatingIncomeRatio": 0, "totalOtherIncomeExpensesNet": 0, "incomeBeforeTax": 0, "incomeBeforeTaxRatio": 0, "incomeTaxExpense": 0, "netIncome": 0, "netIncomeRatio": 0, "eps": 0, "epsdiluted": 0, "weightedAverageShsOut": 1617809, "weightedAverageShsOutDil": 1617809, "link": "", "finalLink": "", "calculatedOtherExpenses": 0, "calculatedOperatingExpenses": 0, "calculatedNetInterest": 0, "calculatedOtherIncome": 0, "calculatedIncomeNonControlling": 0, "calculatedEbitda": 0}]}