{"originalCurrency": "USD", "convertedCurrency": "USD", "report": [{"date": "2023-10-31", "symbol": "SNPS", "reportedCurrency": "USD", "cik": "0000883241", "fillingDate": "2023-12-12", "acceptedDate": "2023-12-12 17:22:32", "calendarYear": "2023", "period": "FY", "revenue": 5842619000, "costOfRevenue": 1222193000, "grossProfit": 4620426000, "grossProfitRatio": 0.790814188, "researchAndDevelopmentExpenses": 1946813000, "generalAndAdministrativeExpenses": 410311000, "sellingAndMarketingExpenses": 889016000, "sellingGeneralAndAdministrativeExpenses": 1299327000, "otherExpenses": 32523000, "operatingExpenses": 3274165000, "costAndExpenses": 4496358000, "interestIncome": 36674000, "interestExpense": 1178000, "depreciationAndAmortization": 247120000, "ebitda": 1670383000, "ebitdaratio": 0.2858962736, "operatingIncome": 1269259000, "operatingIncomeRatio": 0.217241446, "totalOtherIncomeExpensesNet": -44479000, "incomeBeforeTax": 1301782000, "incomeBeforeTaxRatio": 0.2228079565, "incomeTaxExpense": 83657000, "netIncome": 1229888000, "netIncomeRatio": 0.2105028584, "eps": 8.08, "epsdiluted": 7.92, "weightedAverageShsOut": 152146000, "weightedAverageShsOutDil": 155195000, "link": "https://www.sec.gov/Archives/edgar/data/883241/000088324123000019/0000883241-23-000019-index.htm", "finalLink": "https://www.sec.gov/Archives/edgar/data/883241/000088324123000019/snps-20231031.htm", "calculatedOtherExpenses": 105027000, "calculatedOperatingExpenses": 3351167000, "calculatedNetInterest": 35496000, "calculatedOtherIncome": -2973000, "calculatedIncomeNonControlling": -11763000, "calculatedEbitda": 1516379000}, {"date": "2022-10-31", "symbol": "SNPS", "reportedCurrency": "USD", "cik": "0000883241", "fillingDate": "2022-12-12", "acceptedDate": "2022-12-12 17:28:23", "calendarYear": "2022", "period": "FY", "revenue": 5081542000, "costOfRevenue": 1063697000, "grossProfit": 4017845000, "grossProfitRatio": 0.7906743662, "researchAndDevelopmentExpenses": 1680379000, "generalAndAdministrativeExpenses": 353840000, "sellingAndMarketingExpenses": 779777000, "sellingGeneralAndAdministrativeExpenses": 1133617000, "otherExpenses": 29754000, "operatingExpenses": 2843750000, "costAndExpenses": 3907447000, "interestIncome": 8545000, "interestExpense": 1698000, "depreciationAndAmortization": 252519000, "ebitda": 1414557000, "ebitdaratio": 0.2783716045, "operatingIncome": 1162038000, "operatingIncomeRatio": 0.2286782241, "totalOtherIncomeExpensesNet": -46524000, "incomeBeforeTax": 1115514000, "incomeBeforeTaxRatio": 0.2195227354, "incomeTaxExpense": 137078000, "netIncome": 984594000, "netIncomeRatio": 0.1937589023, "eps": 6.44, "epsdiluted": 6.29, "weightedAverageShsOut": 153002000, "weightedAverageShsOutDil": 156485000, "link": "https://www.sec.gov/Archives/edgar/data/883241/000088324122000017/0000883241-22-000017-index.htm", "finalLink": "https://www.sec.gov/Archives/edgar/data/883241/000088324122000017/snps-20221031.htm", "calculatedOtherExpenses": 41811000, "calculatedOperatingExpenses": 2855807000, "calculatedNetInterest": 6847000, "calculatedOtherIncome": -53371000, "calculatedIncomeNonControlling": -6158000, "calculatedEbitda": 1414557000}, {"date": "2021-10-31", "symbol": "SNPS", "reportedCurrency": "USD", "cik": "0000883241", "fillingDate": "2021-12-13", "acceptedDate": "2021-12-13 17:22:49", "calendarYear": "2021", "period": "FY", "revenue": 4204193000, "costOfRevenue": 861777000, "grossProfit": 3342416000, "grossProfitRatio": 0.7950196387, "researchAndDevelopmentExpenses": 1504823000, "generalAndAdministrativeExpenses": 322988000, "sellingAndMarketingExpenses": 712491000, "sellingGeneralAndAdministrativeExpenses": 1035479000, "otherExpenses": 33919000, "operatingExpenses": 2574221000, "costAndExpenses": 3435998000, "interestIncome": 2442000, "interestExpense": 3365000, "depreciationAndAmortization": 270486000, "ebitda": 1005276000, "ebitdaratio": 0.2391127144, "operatingIncome": 734790000, "operatingIncomeRatio": 0.1747755158, "totalOtherIncomeExpensesNet": 70724000, "incomeBeforeTax": 805514000, "incomeBeforeTaxRatio": 0.1915977692, "incomeTaxExpense": 49155000, "netIncome": 757516000, "netIncomeRatio": 0.1801810716, "eps": 4.96, "epsdiluted": 4.81, "weightedAverageShsOut": 152698000, "weightedAverageShsOutDil": 157340000, "link": "https://www.sec.gov/Archives/edgar/data/883241/000088324121000022/0000883241-21-000022-index.htm", "finalLink": "https://www.sec.gov/Archives/edgar/data/883241/000088324121000022/snps-20211031.htm", "calculatedOtherExpenses": 67324000, "calculatedOperatingExpenses": 2607626000, "calculatedNetInterest": -923000, "calculatedOtherIncome": 71647000, "calculatedIncomeNonControlling": -1157000, "calculatedEbitda": 1005276000}, {"date": "2020-10-31", "symbol": "SNPS", "reportedCurrency": "USD", "cik": "0000883241", "fillingDate": "2020-12-15", "acceptedDate": "2020-12-14 20:00:04", "calendarYear": "2020", "period": "FY", "revenue": 3685281000, "costOfRevenue": 794690000, "grossProfit": 2890591000, "grossProfitRatio": 0.784361084, "researchAndDevelopmentExpenses": 1279022000, "generalAndAdministrativeExpenses": 284530000, "sellingAndMarketingExpenses": 632010000, "sellingGeneralAndAdministrativeExpenses": 916540000, "otherExpenses": 38829000, "operatingExpenses": 2234391000, "costAndExpenses": 3029081000, "interestIncome": 3561000, "interestExpense": 5140000, "depreciationAndAmortization": 282104000, "ebitda": 902245000, "ebitdaratio": 0.2448239361, "operatingIncome": 620141000, "operatingIncomeRatio": 0.1682750922, "totalOtherIncomeExpensesNet": 18018000, "incomeBeforeTax": 638159000, "incomeBeforeTaxRatio": 0.1731642716, "incomeTaxExpense": -25288000, "netIncome": 664347000, "netIncomeRatio": 0.1802703783, "eps": 4.4, "epsdiluted": 4.27, "weightedAverageShsOut": 151135000, "weightedAverageShsOutDil": 155706000, "link": "https://www.sec.gov/Archives/edgar/data/883241/000088324120000015/0000883241-20-000015-index.htm", "finalLink": "https://www.sec.gov/Archives/edgar/data/883241/000088324120000015/snps10312010-k.htm", "calculatedOtherExpenses": 74888000, "calculatedOperatingExpenses": 2270450000, "calculatedNetInterest": -1579000, "calculatedOtherIncome": 19597000, "calculatedIncomeNonControlling": -900000, "calculatedEbitda": 902245000}, {"date": "2019-10-31", "symbol": "SNPS", "reportedCurrency": "USD", "cik": "0000883241", "fillingDate": "2019-12-20", "acceptedDate": "2019-12-20 17:04:07", "calendarYear": "2019", "period": "FY", "revenue": 3360694000, "costOfRevenue": 752946000, "grossProfit": 2607748000, "grossProfitRatio": 0.7759552045, "researchAndDevelopmentExpenses": 1136932000, "generalAndAdministrativeExpenses": 229218000, "sellingAndMarketingExpenses": 632890000, "sellingGeneralAndAdministrativeExpenses": 862108000, "otherExpenses": 41291000, "operatingExpenses": 2040331000, "costAndExpenses": 2793277000, "interestIncome": 6859000, "interestExpense": 11659000, "depreciationAndAmortization": 296048000, "ebitda": 816279000, "ebitdaratio": 0.2428900102, "operatingIncome": 520231000, "operatingIncomeRatio": 0.1547986815, "totalOtherIncomeExpensesNet": 25275000, "incomeBeforeTax": 545506000, "incomeBeforeTaxRatio": 0.1623194495, "incomeTaxExpense": 13139000, "netIncome": 532367000, "netIncomeRatio": 0.1584098403, "eps": 3.55, "epsdiluted": 3.45, "weightedAverageShsOut": 149872000, "weightedAverageShsOutDil": 154190000, "link": "https://www.sec.gov/Archives/edgar/data/883241/000088324119000019/0000883241-19-000019-index.htm", "finalLink": "https://www.sec.gov/Archives/edgar/data/883241/000088324119000019/snps10311910-k.htm", "calculatedOtherExpenses": 88477000, "calculatedOperatingExpenses": 2087517000, "calculatedNetInterest": -4800000, "calculatedOtherIncome": 30075000, "calculatedIncomeNonControlling": 0, "calculatedEbitda": 816279000}, {"date": "2018-10-31", "symbol": "SNPS", "reportedCurrency": "USD", "cik": "0000883241", "fillingDate": "2018-12-17", "acceptedDate": "2018-12-14 20:07:29", "calendarYear": "2018", "period": "FY", "revenue": 3121058000, "costOfRevenue": 735898000, "grossProfit": 2385160000, "grossProfitRatio": 0.7642152116, "researchAndDevelopmentExpenses": 1084822000, "generalAndAdministrativeExpenses": 262560000, "sellingAndMarketingExpenses": 622978000, "sellingGeneralAndAdministrativeExpenses": 885538000, "otherExpenses": 3318000, "operatingExpenses": 2011990000, "costAndExpenses": 2747888000, "interestIncome": 5323000, "interestExpense": 15607000, "depreciationAndAmortization": 209207000, "ebitda": 595322000, "ebitdaratio": 0.1907436517, "operatingIncome": 360225000, "operatingIncomeRatio": 0.1154175924, "totalOtherIncomeExpensesNet": -9627000, "incomeBeforeTax": 363543000, "incomeBeforeTaxRatio": 0.1164806934, "incomeTaxExpense": -68975000, "netIncome": 432518000, "netIncomeRatio": 0.1385805711, "eps": 2.9, "epsdiluted": 2.82, "weightedAverageShsOut": 149036000, "weightedAverageShsOutDil": 153393000, "link": "https://www.sec.gov/Archives/edgar/data/883241/000088324118000012/0000883241-18-000012-index.htm", "finalLink": "https://www.sec.gov/Archives/edgar/data/883241/000088324118000012/snps10311810-k.htm", "calculatedOtherExpenses": 54575000, "calculatedOperatingExpenses": 2024935000, "calculatedNetInterest": -10284000, "calculatedOtherIncome": 13602000, "calculatedIncomeNonControlling": 0, "calculatedEbitda": 569432000}, {"date": "2017-10-31", "symbol": "SNPS", "reportedCurrency": "USD", "cik": "0000883241", "fillingDate": "2017-12-14", "acceptedDate": "2017-12-13 18:49:27", "calendarYear": "2017", "period": "FY", "revenue": 2724880000, "costOfRevenue": 654184000, "grossProfit": 2070696000, "grossProfitRatio": 0.7599219048, "researchAndDevelopmentExpenses": 908841000, "generalAndAdministrativeExpenses": 196844000, "sellingAndMarketingExpenses": 549248000, "sellingGeneralAndAdministrativeExpenses": 746092000, "otherExpenses": 35535000, "operatingExpenses": 1686547000, "costAndExpenses": 2340731000, "interestIncome": 7241000, "interestExpense": 7303000, "depreciationAndAmortization": 189442000, "ebitda": 610177000, "ebitdaratio": 0.2239280262, "operatingIncome": 347563000, "operatingIncomeRatio": 0.127551672, "totalOtherIncomeExpensesNet": -1051000, "incomeBeforeTax": 383098000, "incomeBeforeTaxRatio": 0.1405926133, "incomeTaxExpense": 246535000, "netIncome": 136563000, "netIncomeRatio": 0.0501170694, "eps": 0.91, "epsdiluted": 0.88, "weightedAverageShsOut": 150457000, "weightedAverageShsOutDil": 154874000, "link": "https://www.sec.gov/Archives/edgar/data/883241/000088324117000014/0000883241-17-000014-index.htm", "finalLink": "https://www.sec.gov/Archives/edgar/data/883241/000088324117000014/snps10311710-k.htm", "calculatedOtherExpenses": 68200000, "calculatedOperatingExpenses": 1723133000, "calculatedNetInterest": -62000, "calculatedOtherIncome": 35597000, "calculatedIncomeNonControlling": 0, "calculatedEbitda": 537005000}, {"date": "2016-10-31", "symbol": "SNPS", "reportedCurrency": "USD", "cik": "0000883241", "fillingDate": "2016-12-12", "acceptedDate": "2016-12-09 19:54:04", "calendarYear": "2016", "period": "FY", "revenue": 2422532000, "costOfRevenue": 542962000, "grossProfit": 1879570000, "grossProfitRatio": 0.7758700401, "researchAndDevelopmentExpenses": 856705000, "generalAndAdministrativeExpenses": 165962000, "sellingAndMarketingExpenses": 502368000, "sellingGeneralAndAdministrativeExpenses": 668330000, "otherExpenses": 12153000, "operatingExpenses": 1552542000, "costAndExpenses": 2095504000, "interestIncome": 3715000, "interestExpense": 3771000, "depreciationAndAmortization": 207032000, "ebitda": 543693000, "ebitdaratio": 0.2244317103, "operatingIncome": 317395000, "operatingIncomeRatio": 0.1310178772, "totalOtherIncomeExpensesNet": 2520000, "incomeBeforeTax": 329548000, "incomeBeforeTaxRatio": 0.1360345292, "incomeTaxExpense": 62722000, "netIncome": 266826000, "netIncomeRatio": 0.1101434367, "eps": 1.76, "epsdiluted": 1.73, "weightedAverageShsOut": 152017000, "weightedAverageShsOutDil": 154721000, "link": "https://www.sec.gov/Archives/edgar/data/883241/000088324116000027/0000883241-16-000027-index.htm", "finalLink": "https://www.sec.gov/Archives/edgar/data/883241/000088324116000027/snps10311610-k.htm", "calculatedOtherExpenses": 37140000, "calculatedOperatingExpenses": 1562175000, "calculatedNetInterest": -56000, "calculatedOtherIncome": 12209000, "calculatedIncomeNonControlling": 0, "calculatedEbitda": 524427000}, {"date": "2015-10-31", "symbol": "SNPS", "reportedCurrency": "USD", "cik": "0000883241", "fillingDate": "2015-12-14", "acceptedDate": "2015-12-14 16:42:14", "calendarYear": "2015", "period": "FY", "revenue": 2242211000, "costOfRevenue": 518920000, "grossProfit": 1723291000, "grossProfitRatio": 0.7685677218, "researchAndDevelopmentExpenses": 776229000, "generalAndAdministrativeExpenses": 165097000, "sellingAndMarketingExpenses": 474407000, "sellingGeneralAndAdministrativeExpenses": 639504000, "otherExpenses": 15144000, "operatingExpenses": 1441737000, "costAndExpenses": 1960657000, "interestIncome": 2785000, "interestExpense": 2814000, "depreciationAndAmortization": 211821000, "ebitda": 508463000, "ebitdaratio": 0.226768578, "operatingIncome": 266466000, "operatingIncomeRatio": 0.1188407335, "totalOtherIncomeExpensesNet": 56000, "incomeBeforeTax": 281610000, "incomeBeforeTaxRatio": 0.1255947812, "incomeTaxExpense": 55676000, "netIncome": 225934000, "netIncomeRatio": 0.1007639335, "eps": 1.46, "epsdiluted": 1.43, "weightedAverageShsOut": 154957000, "weightedAverageShsOutDil": 158065000, "link": "https://www.sec.gov/Archives/edgar/data/883241/000088324115000014/0000883241-15-000014-index.htm", "finalLink": "https://www.sec.gov/Archives/edgar/data/883241/000088324115000014/snps10311510-k.htm", "calculatedOtherExpenses": 41092000, "calculatedOperatingExpenses": 1456825000, "calculatedNetInterest": -29000, "calculatedOtherIncome": 15173000, "calculatedIncomeNonControlling": 0, "calculatedEbitda": 478287000}, {"date": "2014-10-31", "symbol": "SNPS", "reportedCurrency": "USD", "cik": "0000883241", "fillingDate": "2014-12-15", "acceptedDate": "2014-12-12 21:47:39", "calendarYear": "2014", "period": "FY", "revenue": 2057472000, "costOfRevenue": 456885000, "grossProfit": 1600587000, "grossProfitRatio": 0.7779386548, "researchAndDevelopmentExpenses": 718768000, "generalAndAdministrativeExpenses": 155215000, "sellingAndMarketingExpenses": 453079000, "sellingGeneralAndAdministrativeExpenses": 608294000, "otherExpenses": 23425000, "operatingExpenses": 1351870000, "costAndExpenses": 1808755000, "interestIncome": 1302000, "interestExpense": 1895000, "depreciationAndAmortization": 192826000, "ebitda": 441543000, "ebitdaratio": 0.2146046216, "operatingIncome": 248717000, "operatingIncomeRatio": 0.1208847557, "totalOtherIncomeExpensesNet": 23425000, "incomeBeforeTax": 272142000, "incomeBeforeTaxRatio": 0.1322700868, "incomeTaxExpense": 13018000, "netIncome": 259124000, "netIncomeRatio": 0.1259429047, "eps": 1.67, "epsdiluted": 1.64, "weightedAverageShsOut": 155054000, "weightedAverageShsOutDil": 157710000, "link": "https://www.sec.gov/Archives/edgar/data/883241/000088324114000008/0000883241-14-000008-index.htm", "finalLink": "https://www.sec.gov/Archives/edgar/data/883241/000088324114000008/snps10311410-k.htm", "calculatedOtherExpenses": 24808000, "calculatedOperatingExpenses": 1351870000, "calculatedNetInterest": -593000, "calculatedOtherIncome": 24018000, "calculatedIncomeNonControlling": 0, "calculatedEbitda": 441543000}, {"date": "2013-10-31", "symbol": "SNPS", "reportedCurrency": "USD", "cik": "0000883241", "fillingDate": "2013-12-20", "acceptedDate": "2013-12-19 21:47:48", "calendarYear": "2013", "period": "FY", "revenue": 1962214000, "costOfRevenue": 453552000, "grossProfit": 1508662000, "grossProfitRatio": 0.7688570156, "researchAndDevelopmentExpenses": 669197000, "generalAndAdministrativeExpenses": 143791000, "sellingAndMarketingExpenses": 425982000, "sellingGeneralAndAdministrativeExpenses": 569773000, "otherExpenses": 29173000, "operatingExpenses": 1262169000, "costAndExpenses": 1715721000, "interestIncome": 1891000, "interestExpense": 1696000, "depreciationAndAmortization": 187404000, "ebitda": 433897000, "ebitdaratio": 0.221126238, "operatingIncome": 246493000, "operatingIncomeRatio": 0.1256198356, "totalOtherIncomeExpensesNet": 29173000, "incomeBeforeTax": 275666000, "incomeBeforeTaxRatio": 0.1404872251, "incomeTaxExpense": 27866000, "netIncome": 247800000, "netIncomeRatio": 0.1262859199, "eps": 1.62, "epsdiluted": 1.58, "weightedAverageShsOut": 153319000, "weightedAverageShsOutDil": 156601000, "link": "https://www.sec.gov/Archives/edgar/data/883241/000119312513479653/0001193125-13-479653-index.htm", "finalLink": "https://www.sec.gov/Archives/edgar/data/883241/000119312513479653/d608014d10k.htm", "calculatedOtherExpenses": 23199000, "calculatedOperatingExpenses": 1262169000, "calculatedNetInterest": 195000, "calculatedOtherIncome": 28978000, "calculatedIncomeNonControlling": 0, "calculatedEbitda": 433897000}, {"date": "2012-10-31", "symbol": "SNPS", "reportedCurrency": "USD", "cik": "0000883241", "fillingDate": "2012-12-20", "acceptedDate": "2012-12-20 17:16:32", "calendarYear": "2012", "period": "FY", "revenue": 1756017000, "costOfRevenue": 392673000, "grossProfit": 1363344000, "grossProfitRatio": 0.7763842833, "researchAndDevelopmentExpenses": 581628000, "generalAndAdministrativeExpenses": 157459000, "sellingAndMarketingExpenses": 415629000, "sellingGeneralAndAdministrativeExpenses": 573088000, "otherExpenses": 0, "operatingExpenses": 1173320000, "costAndExpenses": 1565993000, "interestIncome": 1567000, "interestExpense": 1991000, "depreciationAndAmortization": 156840000, "ebitda": 335753000, "ebitdaratio": 0.1912014519, "operatingIncome": 190024000, "operatingIncomeRatio": 0.1082130754, "totalOtherIncomeExpensesNet": 11111000, "incomeBeforeTax": 201135000, "incomeBeforeTaxRatio": 0.1145404629, "incomeTaxExpense": 18733000, "netIncome": 182402000, "netIncomeRatio": 0.1038725707, "eps": 1.24, "epsdiluted": 1.21, "weightedAverageShsOut": 146887000, "weightedAverageShsOutDil": 150280000, "link": "https://www.sec.gov/Archives/edgar/data/883241/000119312512510596/0001193125-12-510596-index.htm", "finalLink": "https://www.sec.gov/Archives/edgar/data/883241/000119312512510596/d420241d10k.htm", "calculatedOtherExpenses": 18604000, "calculatedOperatingExpenses": 1173320000, "calculatedNetInterest": -424000, "calculatedOtherIncome": 11535000, "calculatedIncomeNonControlling": 0, "calculatedEbitda": 346864000}, {"date": "2011-10-31", "symbol": "SNPS", "reportedCurrency": "USD", "cik": "0000883241", "fillingDate": "2011-12-16", "acceptedDate": "2011-12-16 06:10:43", "calendarYear": "2011", "period": "FY", "revenue": 1535643000, "costOfRevenue": 340450000, "grossProfit": 1195193000, "grossProfitRatio": 0.778301337, "researchAndDevelopmentExpenses": 491871000, "generalAndAdministrativeExpenses": 112760000, "sellingAndMarketingExpenses": 363118000, "sellingGeneralAndAdministrativeExpenses": 475878000, "otherExpenses": 0, "operatingExpenses": 982350000, "costAndExpenses": 1322800000, "interestIncome": 2117000, "interestExpense": 0, "depreciationAndAmortization": 128550000, "ebitda": 335123000, "ebitdaratio": 0.2182297578, "operatingIncome": 212843000, "operatingIncomeRatio": 0.1386018756, "totalOtherIncomeExpensesNet": 6270000, "incomeBeforeTax": 219113000, "incomeBeforeTaxRatio": 0.1426848558, "incomeTaxExpense": -2251000, "netIncome": 221364000, "netIncomeRatio": 0.1441506913, "eps": 1.51, "epsdiluted": 1.47, "weightedAverageShsOut": 146573000, "weightedAverageShsOutDil": 150367000, "link": "https://www.sec.gov/Archives/edgar/data/883241/000119312511343034/0001193125-11-343034-index.htm", "finalLink": "https://www.sec.gov/Archives/edgar/data/883241/000119312511343034/d235768d10k.htm", "calculatedOtherExpenses": 14601000, "calculatedOperatingExpenses": 982350000, "calculatedNetInterest": 2117000, "calculatedOtherIncome": 4153000, "calculatedIncomeNonControlling": 0, "calculatedEbitda": 341393000}, {"date": "2010-10-31", "symbol": "SNPS", "reportedCurrency": "USD", "cik": "0000883241", "fillingDate": "2010-12-17", "acceptedDate": "2010-12-16 19:49:13", "calendarYear": "2010", "period": "FY", "revenue": 1380661000, "costOfRevenue": 281094000, "grossProfit": 1099567000, "grossProfitRatio": 0.7964062141, "researchAndDevelopmentExpenses": 449229000, "generalAndAdministrativeExpenses": 114887000, "sellingAndMarketingExpenses": 339759000, "sellingGeneralAndAdministrativeExpenses": 454646000, "otherExpenses": 0, "operatingExpenses": 915457000, "costAndExpenses": 1196551000, "interestIncome": 0, "interestExpense": 0, "depreciationAndAmortization": 101201000, "ebitda": 270763000, "ebitdaratio": 0.1961111381, "operatingIncome": 184110000, "operatingIncomeRatio": 0.1333491712, "totalOtherIncomeExpensesNet": 14548000, "incomeBeforeTax": 198658000, "incomeBeforeTaxRatio": 0.1438861531, "incomeTaxExpense": -38405000, "netIncome": 237063000, "netIncomeRatio": 0.1717025396, "eps": 1.6, "epsdiluted": 1.56, "weightedAverageShsOut": 148013000, "weightedAverageShsOutDil": 151911000, "link": "https://www.sec.gov/Archives/edgar/data/883241/000119312510282648/0001193125-10-282648-index.htm", "finalLink": "https://www.sec.gov/Archives/edgar/data/883241/000119312510282648/d10k.htm", "calculatedOtherExpenses": 11582000, "calculatedOperatingExpenses": 915457000, "calculatedNetInterest": 0, "calculatedOtherIncome": 14548000, "calculatedIncomeNonControlling": 0, "calculatedEbitda": 285311000}, {"date": "2009-10-31", "symbol": "SNPS", "reportedCurrency": "USD", "cik": "0000883241", "fillingDate": "2009-12-18", "acceptedDate": "2009-12-18 06:12:12", "calendarYear": "2009", "period": "FY", "revenue": 1360045000, "costOfRevenue": 273650000, "grossProfit": 1086395000, "grossProfitRatio": 0.7987934223, "researchAndDevelopmentExpenses": 419908000, "generalAndAdministrativeExpenses": 119100000, "sellingAndMarketingExpenses": 324124000, "sellingGeneralAndAdministrativeExpenses": 443224000, "otherExpenses": 0, "operatingExpenses": 875944000, "costAndExpenses": 1149594000, "interestIncome": 0, "interestExpense": 0, "depreciationAndAmortization": 101453000, "ebitda": 289285000, "ebitdaratio": 0.2127025209, "operatingIncome": 208251000, "operatingIncomeRatio": 0.1531206688, "totalOtherIncomeExpensesNet": 22619000, "incomeBeforeTax": 233070000, "incomeBeforeTaxRatio": 0.1713693297, "incomeTaxExpense": 65389000, "netIncome": 167681000, "netIncomeRatio": 0.1232907735, "eps": 1.17, "epsdiluted": 1.15, "weightedAverageShsOut": 143752000, "weightedAverageShsOutDil": 145857000, "link": "https://www.sec.gov/Archives/edgar/data/883241/000119312509255277/0001193125-09-255277-index.htm", "finalLink": "https://www.sec.gov/Archives/edgar/data/883241/000119312509255277/d10k.htm", "calculatedOtherExpenses": 15012000, "calculatedOperatingExpenses": 878144000, "calculatedNetInterest": 0, "calculatedOtherIncome": 24819000, "calculatedIncomeNonControlling": 0, "calculatedEbitda": 309704000}, {"date": "2008-10-31", "symbol": "SNPS", "reportedCurrency": "USD", "cik": "0000883241", "fillingDate": "2008-12-22", "acceptedDate": "2008-12-19 21:55:36", "calendarYear": "2008", "period": "FY", "revenue": 1336951000, "costOfRevenue": 258896000, "grossProfit": 1078055000, "grossProfitRatio": 0.8063534116, "researchAndDevelopmentExpenses": 394747000, "generalAndAdministrativeExpenses": 103852000, "sellingAndMarketingExpenses": 334779000, "sellingGeneralAndAdministrativeExpenses": 438631000, "otherExpenses": 0, "operatingExpenses": 854143000, "costAndExpenses": 1113039000, "interestIncome": 0, "interestExpense": 0, "depreciationAndAmortization": 97143000, "ebitda": 347222000, "ebitdaratio": 0.2597118369, "operatingIncome": 219112000, "operatingIncomeRatio": 0.1638893273, "totalOtherIncomeExpensesNet": -26167000, "incomeBeforeTax": 218956000, "incomeBeforeTaxRatio": 0.1637726439, "incomeTaxExpense": 28978000, "netIncome": 189978000, "netIncomeRatio": 0.1420979527, "eps": 1.33, "epsdiluted": 1.29, "weightedAverageShsOut": 143258000, "weightedAverageShsOutDil": 147672000, "link": "https://www.sec.gov/Archives/edgar/data/883241/000104746908013321/0001047469-08-013321-index.htm", "finalLink": "https://www.sec.gov/Archives/edgar/data/883241/000104746908013321/a2189740z10-k.htm", "calculatedOtherExpenses": 25565000, "calculatedOperatingExpenses": 858943000, "calculatedNetInterest": 0, "calculatedOtherIncome": -156000, "calculatedIncomeNonControlling": 0, "calculatedEbitda": 316255000}, {"date": "2007-10-31", "symbol": "SNPS", "reportedCurrency": "USD", "cik": "0000883241", "fillingDate": "2007-12-21", "acceptedDate": "2007-12-21 17:21:15", "calendarYear": "2007", "period": "FY", "revenue": 1212469000, "costOfRevenue": 234265000, "grossProfit": 978204000, "grossProfitRatio": 0.8067868127, "researchAndDevelopmentExpenses": 379221000, "generalAndAdministrativeExpenses": 101735000, "sellingAndMarketingExpenses": 349395000, "sellingGeneralAndAdministrativeExpenses": 451130000, "otherExpenses": 0, "operatingExpenses": 856960000, "costAndExpenses": 1091225000, "interestIncome": 0, "interestExpense": 0, "depreciationAndAmortization": 105367000, "ebitda": 206924000, "ebitdaratio": 0.1706633324, "operatingIncome": 118044000, "operatingIncomeRatio": 0.0973583655, "totalOtherIncomeExpensesNet": 19687000, "incomeBeforeTax": 165799000, "incomeBeforeTaxRatio": 0.1367449395, "incomeTaxExpense": 35308000, "netIncome": 130491000, "netIncomeRatio": 0.1076241949, "eps": 0.91, "epsdiluted": 0.87, "weightedAverageShsOut": 143953000, "weightedAverageShsOutDil": 149716000, "link": "https://www.sec.gov/Archives/edgar/data/883241/000104746907010271/0001047469-07-010271-index.htm", "finalLink": "https://www.sec.gov/Archives/edgar/data/883241/000104746907010271/a2181791z10-k.htm", "calculatedOtherExpenses": 29809000, "calculatedOperatingExpenses": 860160000, "calculatedNetInterest": 0, "calculatedOtherIncome": 47755000, "calculatedIncomeNonControlling": 0, "calculatedEbitda": 223411000}, {"date": "2006-10-31", "symbol": "SNPS", "reportedCurrency": "USD", "cik": "0000883241", "fillingDate": "2007-01-11", "acceptedDate": "2007-01-11 06:01:29", "calendarYear": "2006", "period": "FY", "revenue": 1095560000, "costOfRevenue": 223527000, "grossProfit": 872033000, "grossProfitRatio": 0.7959700975, "researchAndDevelopmentExpenses": 370629000, "generalAndAdministrativeExpenses": 112873000, "sellingAndMarketingExpenses": 330361000, "sellingGeneralAndAdministrativeExpenses": 443234000, "otherExpenses": 0, "operatingExpenses": 841801000, "costAndExpenses": 1065328000, "interestIncome": 0, "interestExpense": 0, "depreciationAndAmortization": 114490000, "ebitda": 131235000, "ebitdaratio": 0.1197880536, "operatingIncome": 29432000, "operatingIncomeRatio": 0.0268647997, "totalOtherIncomeExpensesNet": 13487000, "incomeBeforeTax": 43719000, "incomeBeforeTaxRatio": 0.039905619, "incomeTaxExpense": 18977000, "netIncome": 24742000, "netIncomeRatio": 0.022583884, "eps": 0.17, "epsdiluted": 0.17, "weightedAverageShsOut": 142830000, "weightedAverageShsOutDil": 144728000, "link": "https://www.sec.gov/Archives/edgar/data/883241/000110465907001964/0001104659-07-001964-index.htm", "finalLink": "https://www.sec.gov/Archives/edgar/data/883241/000110465907001964/a07-1403_110k.htm", "calculatedOtherExpenses": 28738000, "calculatedOperatingExpenses": 842601000, "calculatedNetInterest": 0, "calculatedOtherIncome": 14287000, "calculatedIncomeNonControlling": 0, "calculatedEbitda": 143922000}, {"date": "2005-10-31", "symbol": "SNPS", "reportedCurrency": "USD", "cik": "0000883241", "fillingDate": "2006-01-12", "acceptedDate": "2006-01-12 15:29:57", "calendarYear": "2005", "period": "FY", "revenue": 991931000, "costOfRevenue": 172601000, "grossProfit": 819330000, "grossProfitRatio": 0.8259949533, "researchAndDevelopmentExpenses": 316992000, "generalAndAdministrativeExpenses": 102940000, "sellingAndMarketingExpenses": 331404000, "sellingGeneralAndAdministrativeExpenses": 434344000, "otherExpenses": 0, "operatingExpenses": 784828000, "costAndExpenses": 957429000, "interestIncome": 0, "interestExpense": 0, "depreciationAndAmortization": 175057000, "ebitda": 170064000, "ebitdaratio": 0.1714474091, "operatingIncome": -52984000, "operatingIncomeRatio": -0.0534150057, "totalOtherIncomeExpensesNet": 39495000, "incomeBeforeTax": -7789000, "incomeBeforeTaxRatio": -0.0078523607, "incomeTaxExpense": 7689000, "netIncome": -15478000, "netIncomeRatio": -0.0156039079, "eps": -0.11, "epsdiluted": -0.11, "weightedAverageShsOut": 144970000, "weightedAverageShsOutDil": 144970000, "link": "https://www.sec.gov/Archives/edgar/data/883241/000110465906001880/0001104659-06-001880-index.htm", "finalLink": "https://www.sec.gov/Archives/edgar/data/883241/000110465906001880/a06-1373_210k.htm", "calculatedOtherExpenses": 120978000, "calculatedOperatingExpenses": 872314000, "calculatedNetInterest": 0, "calculatedOtherIncome": 45195000, "calculatedIncomeNonControlling": 0, "calculatedEbitda": 122073000}, {"date": "2004-10-31", "symbol": "SNPS", "reportedCurrency": "USD", "cik": "0000883241", "fillingDate": "2005-01-12", "acceptedDate": "2005-01-11 19:47:08", "calendarYear": "2004", "period": "FY", "revenue": 1092104000, "costOfRevenue": 154487000, "grossProfit": 937617000, "grossProfitRatio": 0.8585418605, "researchAndDevelopmentExpenses": 285281000, "generalAndAdministrativeExpenses": 121547000, "sellingAndMarketingExpenses": 302372000, "sellingGeneralAndAdministrativeExpenses": 423919000, "otherExpenses": 0, "operatingExpenses": 744091000, "costAndExpenses": 898578000, "interestIncome": 0, "interestExpense": 0, "depreciationAndAmortization": 192774000, "ebitda": 385662000, "ebitdaratio": 0.3531366976, "operatingIncome": 89316000, "operatingIncomeRatio": 0.0817834199, "totalOtherIncomeExpensesNet": 638000, "incomeBeforeTax": 91592000, "incomeBeforeTaxRatio": 0.0838674705, "incomeTaxExpense": 17255000, "netIncome": 74337000, "netIncomeRatio": 0.0680676932, "eps": 0.49, "epsdiluted": 0.47, "weightedAverageShsOut": 151708163, "weightedAverageShsOutDil": 158163830, "link": "https://www.sec.gov/Archives/edgar/data/883241/000104746905000652/0001047469-05-000652-index.htm", "finalLink": "https://www.sec.gov/Archives/edgar/data/883241/000104746905000652/a2149671z10-k.htm", "calculatedOtherExpenses": 139101000, "calculatedOperatingExpenses": 848301000, "calculatedNetInterest": 0, "calculatedOtherIncome": 2276000, "calculatedIncomeNonControlling": 0, "calculatedEbitda": 282090000}, {"date": "2003-10-31", "symbol": "SNPS", "reportedCurrency": "USD", "cik": "0000883241", "fillingDate": "2004-01-29", "acceptedDate": "2004-01-29 16:19:42", "calendarYear": "2003", "period": "FY", "revenue": 1176983000, "costOfRevenue": 147461000, "grossProfit": 1029522000, "grossProfitRatio": 0.8747127189, "researchAndDevelopmentExpenses": 285880000, "generalAndAdministrativeExpenses": 90021000, "sellingAndMarketingExpenses": 310692000, "sellingGeneralAndAdministrativeExpenses": 400713000, "otherExpenses": 0, "operatingExpenses": 721911000, "costAndExpenses": 869372000, "interestIncome": 0, "interestExpense": 0, "depreciationAndAmortization": 184110000, "ebitda": 487487000, "ebitdaratio": 0.4141835524, "operatingIncome": 194905000, "operatingIncomeRatio": 0.1655971242, "totalOtherIncomeExpensesNet": 4234000, "incomeBeforeTax": 218989000, "incomeBeforeTaxRatio": 0.1860596117, "incomeTaxExpense": 69265000, "netIncome": 149724000, "netIncomeRatio": 0.1272099937, "eps": 0.95, "epsdiluted": 0.91, "weightedAverageShsOut": 157604211, "weightedAverageShsOutDil": 164531868, "link": "https://www.sec.gov/Archives/edgar/data/883241/000119312504011291/0001193125-04-011291-index.htm", "finalLink": "https://www.sec.gov/Archives/edgar/data/883241/000119312504011291/d10k.htm", "calculatedOtherExpenses": 148024000, "calculatedOperatingExpenses": 834617000, "calculatedNetInterest": 0, "calculatedOtherIncome": 24084000, "calculatedIncomeNonControlling": 0, "calculatedEbitda": 379015000}, {"date": "2002-10-31", "symbol": "SNPS", "reportedCurrency": "USD", "cik": "0000883241", "fillingDate": "2003-01-29", "acceptedDate": "2003-01-29 14:51:10", "calendarYear": "2002", "period": "FY", "revenue": 906534000, "costOfRevenue": 139223000, "grossProfit": 767311000, "grossProfitRatio": 0.8464227486, "researchAndDevelopmentExpenses": 225545000, "generalAndAdministrativeExpenses": 0, "sellingAndMarketingExpenses": 0, "sellingGeneralAndAdministrativeExpenses": 471798000, "otherExpenses": 0, "operatingExpenses": 725992000, "costAndExpenses": 865215000, "interestIncome": 0, "interestExpense": 0, "depreciationAndAmortization": 116100000, "ebitda": 453742000, "ebitdaratio": 0.5005239737, "operatingIncome": -80317000, "operatingIncomeRatio": -0.0885978904, "totalOtherIncomeExpensesNet": -296323000, "incomeBeforeTax": -288940000, "incomeBeforeTaxRatio": -0.3187304613, "incomeTaxExpense": -88947000, "netIncome": -199993000, "netIncomeRatio": -0.2206127955, "eps": -1.51, "epsdiluted": -1.51, "weightedAverageShsOut": 132445695, "weightedAverageShsOutDil": 132445695, "link": "https://www.sec.gov/Archives/edgar/data/883241/000116606303000002/0001166063-03-000002-index.htm", "finalLink": "https://www.sec.gov/Archives/edgar/data/883241/000116606303000002/snps-fy02_10k.txt", "calculatedOtherExpenses": 150285000, "calculatedOperatingExpenses": 847628000, "calculatedNetInterest": 0, "calculatedOtherIncome": -208623000, "calculatedIncomeNonControlling": 0, "calculatedEbitda": 35783000}, {"date": "2001-10-31", "symbol": "SNPS", "reportedCurrency": "USD", "cik": "0000883241", "fillingDate": "2002-01-25", "acceptedDate": "2002-01-25 00:00:00", "calendarYear": "2001", "period": "FY", "revenue": 680350000, "costOfRevenue": 130122000, "grossProfit": 550228000, "grossProfitRatio": 0.808742559, "researchAndDevelopmentExpenses": 189831000, "generalAndAdministrativeExpenses": 0, "sellingAndMarketingExpenses": 0, "sellingGeneralAndAdministrativeExpenses": 343636000, "otherExpenses": 0, "operatingExpenses": 550479000, "costAndExpenses": 680601000, "interestIncome": 0, "interestExpense": 0, "depreciationAndAmortization": 65162000, "ebitda": -18873000, "ebitdaratio": -0.0277401338, "operatingIncome": -251000, "operatingIncomeRatio": -0.0003689278, "totalOtherIncomeExpensesNet": 83784000, "incomeBeforeTax": 83533000, "incomeBeforeTaxRatio": 0.1227794518, "incomeTaxExpense": 26731000, "netIncome": 56802000, "netIncomeRatio": 0.0834893805, "eps": 0.47, "epsdiluted": 0.44, "weightedAverageShsOut": 121202000, "weightedAverageShsOutDil": 129318000, "link": "https://www.sec.gov/Archives/edgar/data/883241/000089161802000260/0000891618-02-000260-index.htm", "finalLink": "https://www.sec.gov/Archives/edgar/data/883241/000089161802000260/f78175e10-k.txt", "calculatedOtherExpenses": 17012000, "calculatedOperatingExpenses": 550479000, "calculatedNetInterest": 0, "calculatedOtherIncome": 83784000, "calculatedIncomeNonControlling": 0, "calculatedEbitda": 64911000}, {"date": "2000-10-31", "symbol": "SNPS", "reportedCurrency": "USD", "cik": "0000883241", "fillingDate": "2001-01-26", "acceptedDate": "2001-01-26 00:00:00", "calendarYear": "2000", "period": "FY", "revenue": 783778000, "costOfRevenue": 75833000, "grossProfit": 707945000, "grossProfitRatio": 0.9032468378, "researchAndDevelopmentExpenses": 189280000, "generalAndAdministrativeExpenses": 0, "sellingAndMarketingExpenses": 0, "sellingGeneralAndAdministrativeExpenses": 348010000, "otherExpenses": 0, "operatingExpenses": 601060000, "costAndExpenses": 676893000, "interestIncome": 0, "interestExpense": 0, "depreciationAndAmortization": 63770000, "ebitda": 131602000, "ebitdaratio": 0.167907239, "operatingIncome": 106885000, "operatingIncomeRatio": 0.1363715236, "totalOtherIncomeExpensesNet": 39053000, "incomeBeforeTax": 145938000, "incomeBeforeTaxRatio": 0.1861981326, "incomeTaxExpense": 48160000, "netIncome": 97778000, "netIncomeRatio": 0.124752162, "eps": 0.72, "epsdiluted": 0.69, "weightedAverageShsOut": 137020000, "weightedAverageShsOutDil": 141996000, "link": "https://www.sec.gov/Archives/edgar/data/883241/000109581101000430/0001095811-01-000430-index.htm", "finalLink": "https://www.sec.gov/Archives/edgar/data/883241/000109581101000430/f68768e10-k.txt", "calculatedOtherExpenses": 63770000, "calculatedOperatingExpenses": 601060000, "calculatedNetInterest": 0, "calculatedOtherIncome": 39053000, "calculatedIncomeNonControlling": 0, "calculatedEbitda": 170655000}, {"date": "1999-09-30", "symbol": "SNPS", "reportedCurrency": "USD", "cik": "0000883241", "fillingDate": "1999-12-23", "acceptedDate": "1999-12-23 00:00:00", "calendarYear": "1999", "period": "FY", "revenue": 806100000, "costOfRevenue": 62700000, "grossProfit": 743400000, "grossProfitRatio": 0.9222180871, "researchAndDevelopmentExpenses": 167100000, "generalAndAdministrativeExpenses": 0, "sellingAndMarketingExpenses": 0, "sellingGeneralAndAdministrativeExpenses": 288700000, "otherExpenses": 0, "operatingExpenses": 507800000, "costAndExpenses": 570500000, "interestIncome": 0, "interestExpense": 0, "depreciationAndAmortization": 52000000, "ebitda": 271800000, "ebitdaratio": 0.33717901, "operatingIncome": 235600000, "operatingIncomeRatio": 0.2922714303, "totalOtherIncomeExpensesNet": 15800000, "incomeBeforeTax": 251400000, "incomeBeforeTaxRatio": 0.3118719762, "incomeTaxExpense": 90000000, "netIncome": 161400000, "netIncomeRatio": 0.2002232974, "eps": 1.15, "epsdiluted": 1.1, "weightedAverageShsOut": 140236000, "weightedAverageShsOutDil": 146844000, "link": "https://www.sec.gov/Archives/edgar/data/883241/000089161899005810/0000891618-99-005810-index.html", "finalLink": "https://www.sec.gov/Archives/edgar/data/883241/000089161899005810/", "calculatedOtherExpenses": 52000000, "calculatedOperatingExpenses": 507800000, "calculatedNetInterest": 0, "calculatedOtherIncome": 15800000, "calculatedIncomeNonControlling": 0, "calculatedEbitda": 287600000}, {"date": "1998-09-30", "symbol": "SNPS", "reportedCurrency": "USD", "cik": "0000883241", "fillingDate": "1998-12-23", "acceptedDate": "1998-12-23 00:00:00", "calendarYear": "1998", "period": "FY", "revenue": 717900000, "costOfRevenue": 49600000, "grossProfit": 668300000, "grossProfitRatio": 0.9309095974, "researchAndDevelopmentExpenses": 154400000, "generalAndAdministrativeExpenses": 0, "sellingAndMarketingExpenses": 0, "sellingGeneralAndAdministrativeExpenses": 292600000, "otherExpenses": 0, "operatingExpenses": 491200000, "costAndExpenses": 540800000, "interestIncome": 0, "interestExpense": 0, "depreciationAndAmortization": 44200000, "ebitda": 279400000, "ebitdaratio": 0.3891906951, "operatingIncome": 177100000, "operatingIncomeRatio": 0.2466917398, "totalOtherIncomeExpensesNet": -58100000, "incomeBeforeTax": 119100000, "incomeBeforeTaxRatio": 0.1659005433, "incomeTaxExpense": 55800000, "netIncome": 91700000, "netIncomeRatio": 0.1277336676, "eps": 0.67, "epsdiluted": 0.65, "weightedAverageShsOut": 133136000, "weightedAverageShsOutDil": 139048000, "link": "https://www.sec.gov/Archives/edgar/data/883241/000089161898005466/0000891618-98-005466-index.html", "finalLink": "https://www.sec.gov/Archives/edgar/data/883241/", "calculatedOtherExpenses": 44200000, "calculatedOperatingExpenses": 491200000, "calculatedNetInterest": 0, "calculatedOtherIncome": -58000000, "calculatedIncomeNonControlling": -28400000, "calculatedEbitda": 221300000}, {"date": "1997-09-30", "symbol": "SNPS", "reportedCurrency": "USD", "cik": "0000883241", "fillingDate": "1997-12-03", "acceptedDate": "1997-12-03 00:00:00", "calendarYear": "1997", "period": "FY", "revenue": 499100000, "costOfRevenue": 30000000, "grossProfit": 469100000, "grossProfitRatio": 0.9398918052, "researchAndDevelopmentExpenses": 115000000, "generalAndAdministrativeExpenses": 0, "sellingAndMarketingExpenses": 0, "sellingGeneralAndAdministrativeExpenses": 215200000, "otherExpenses": 0, "operatingExpenses": 360600000, "costAndExpenses": 390600000, "interestIncome": 0, "interestExpense": 0, "depreciationAndAmortization": 30400000, "ebitda": 131900000, "ebitdaratio": 0.2642756963, "operatingIncome": 108500000, "operatingIncomeRatio": 0.2173913043, "totalOtherIncomeExpensesNet": 7000000, "incomeBeforeTax": 113400000, "incomeBeforeTaxRatio": 0.2272089762, "incomeTaxExpense": 41000000, "netIncome": 72400000, "netIncomeRatio": 0.14506111, "eps": 0.66, "epsdiluted": 0.63, "weightedAverageShsOut": 125190840, "weightedAverageShsOutDil": 131200000, "link": "https://www.sec.gov/Archives/edgar/data/883241/000089161897004817/0000891618-97-004817-index.html", "finalLink": "https://www.sec.gov/Archives/edgar/data/883241/", "calculatedOtherExpenses": 30400000, "calculatedOperatingExpenses": 360600000, "calculatedNetInterest": 0, "calculatedOtherIncome": 4900000, "calculatedIncomeNonControlling": 0, "calculatedEbitda": 138900000}, {"date": "1996-09-30", "symbol": "SNPS", "reportedCurrency": "USD", "cik": "0000883241", "fillingDate": "1996-12-20", "acceptedDate": "1996-12-20 00:00:00", "calendarYear": "1996", "period": "FY", "revenue": 353500000, "costOfRevenue": 20200000, "grossProfit": 333300000, "grossProfitRatio": 0.9428571429, "researchAndDevelopmentExpenses": 84200000, "generalAndAdministrativeExpenses": 0, "sellingAndMarketingExpenses": 0, "sellingGeneralAndAdministrativeExpenses": 161800000, "otherExpenses": 0, "operatingExpenses": 264700000, "costAndExpenses": 284900000, "interestIncome": 0, "interestExpense": 0, "depreciationAndAmortization": 18700000, "ebitda": 118500000, "ebitdaratio": 0.3352192362, "operatingIncome": 68600000, "operatingIncomeRatio": 0.1940594059, "totalOtherIncomeExpensesNet": -31200000, "incomeBeforeTax": 35900000, "incomeBeforeTaxRatio": 0.1015558699, "incomeTaxExpense": 12200000, "netIncome": 23700000, "netIncomeRatio": 0.0670438472, "eps": 0.14, "epsdiluted": 0.14, "weightedAverageShsOut": 83333333, "weightedAverageShsOutDil": 83333333, "link": "https://www.sec.gov/Archives/edgar/data/883241/000089161896003129/0000891618-96-003129-index.html", "finalLink": "https://www.sec.gov/Archives/edgar/data/883241/", "calculatedOtherExpenses": 18700000, "calculatedOperatingExpenses": 264700000, "calculatedNetInterest": 0, "calculatedOtherIncome": -32700000, "calculatedIncomeNonControlling": 0, "calculatedEbitda": 87300000}, {"date": "1995-09-30", "symbol": "SNPS", "reportedCurrency": "USD", "cik": "0000883241", "fillingDate": "1995-09-30", "acceptedDate": "1995-09-29 20:00:00", "calendarYear": "1995", "period": "FY", "revenue": 265500000, "costOfRevenue": 15100000, "grossProfit": 250400000, "grossProfitRatio": 0.943126177, "researchAndDevelopmentExpenses": 58700000, "generalAndAdministrativeExpenses": 0, "sellingAndMarketingExpenses": 0, "sellingGeneralAndAdministrativeExpenses": 124200000, "otherExpenses": 0, "operatingExpenses": 198400000, "costAndExpenses": 213500000, "interestIncome": 0, "interestExpense": 0, "depreciationAndAmortization": 15500000, "ebitda": 70400000, "ebitdaratio": 0.2651600753, "operatingIncome": 52000000, "operatingIncomeRatio": 0.1958568738, "totalOtherIncomeExpensesNet": -2900000, "incomeBeforeTax": 47700000, "incomeBeforeTaxRatio": 0.1796610169, "incomeTaxExpense": 17400000, "netIncome": 30300000, "netIncomeRatio": 0.1141242938, "eps": 0.32, "epsdiluted": 0.3, "weightedAverageShsOut": 94687500, "weightedAverageShsOutDil": 94687500, "link": "", "finalLink": "", "calculatedOtherExpenses": 15500000, "calculatedOperatingExpenses": 198400000, "calculatedNetInterest": 0, "calculatedOtherIncome": -4300000, "calculatedIncomeNonControlling": 0, "calculatedEbitda": 67500000}, {"date": "1994-09-30", "symbol": "SNPS", "reportedCurrency": "USD", "cik": "0000883241", "fillingDate": "1994-09-30", "acceptedDate": "1994-09-29 20:00:00", "calendarYear": "1994", "period": "FY", "revenue": 196000000, "costOfRevenue": 14400000, "grossProfit": 181600000, "grossProfitRatio": 0.9265306122, "researchAndDevelopmentExpenses": 0, "generalAndAdministrativeExpenses": 0, "sellingAndMarketingExpenses": 0, "sellingGeneralAndAdministrativeExpenses": 138900000, "otherExpenses": 0, "operatingExpenses": 151000000, "costAndExpenses": 165400000, "interestIncome": 0, "interestExpense": 0, "depreciationAndAmortization": 12100000, "ebitda": 47200000, "ebitdaratio": 0.2408163265, "operatingIncome": 30600000, "operatingIncomeRatio": 0.156122449, "totalOtherIncomeExpensesNet": -4500000, "incomeBeforeTax": 25100000, "incomeBeforeTaxRatio": 0.1280612245, "incomeTaxExpense": 9300000, "netIncome": 15800000, "netIncomeRatio": 0.0806122449, "eps": 0.15, "epsdiluted": 0.12, "weightedAverageShsOut": 74166667, "weightedAverageShsOutDil": 74166667, "link": "", "finalLink": "", "calculatedOtherExpenses": 12100000, "calculatedOperatingExpenses": 151000000, "calculatedNetInterest": 0, "calculatedOtherIncome": -5500000, "calculatedIncomeNonControlling": 0, "calculatedEbitda": 42700000}, {"date": "1993-09-30", "symbol": "SNPS", "reportedCurrency": "USD", "cik": "0000883241", "fillingDate": "1993-09-30", "acceptedDate": "1993-09-29 20:00:00", "calendarYear": "1993", "period": "FY", "revenue": 108000000, "costOfRevenue": 8500000, "grossProfit": 99500000, "grossProfitRatio": 0.9212962963, "researchAndDevelopmentExpenses": 0, "generalAndAdministrativeExpenses": 0, "sellingAndMarketingExpenses": 0, "sellingGeneralAndAdministrativeExpenses": 71800000, "otherExpenses": 0, "operatingExpenses": 79500000, "costAndExpenses": 88000000, "interestIncome": 0, "interestExpense": 0, "depreciationAndAmortization": 7700000, "ebitda": 26800000, "ebitdaratio": 0.2481481481, "operatingIncome": 20000000, "operatingIncomeRatio": 0.1851851852, "totalOtherIncomeExpensesNet": 900000, "incomeBeforeTax": 20900000, "incomeBeforeTaxRatio": 0.1935185185, "incomeTaxExpense": 7700000, "netIncome": 13200000, "netIncomeRatio": 0.1222222222, "eps": 0.21, "epsdiluted": 0.21, "weightedAverageShsOut": 62857143, "weightedAverageShsOutDil": 62857143, "link": "", "finalLink": "", "calculatedOtherExpenses": 7700000, "calculatedOperatingExpenses": 79500000, "calculatedNetInterest": 0, "calculatedOtherIncome": 900000, "calculatedIncomeNonControlling": 0, "calculatedEbitda": 27700000}, {"date": "1992-09-30", "symbol": "SNPS", "reportedCurrency": "USD", "cik": "0000883241", "fillingDate": "1992-09-30", "acceptedDate": "1992-09-29 20:00:00", "calendarYear": "1992", "period": "FY", "revenue": 63000000, "costOfRevenue": 6000000, "grossProfit": 57000000, "grossProfitRatio": 0.9047619048, "researchAndDevelopmentExpenses": 0, "generalAndAdministrativeExpenses": 0, "sellingAndMarketingExpenses": 0, "sellingGeneralAndAdministrativeExpenses": 41300000, "otherExpenses": 0, "operatingExpenses": 46500000, "costAndExpenses": 52500000, "interestIncome": 0, "interestExpense": 0, "depreciationAndAmortization": 5200000, "ebitda": 14500000, "ebitdaratio": 0.2301587302, "operatingIncome": 10500000, "operatingIncomeRatio": 0.1666666667, "totalOtherIncomeExpensesNet": 1200000, "incomeBeforeTax": 11100000, "incomeBeforeTaxRatio": 0.1761904762, "incomeTaxExpense": 4000000, "netIncome": 7100000, "netIncomeRatio": 0.1126984127, "eps": 0.12, "epsdiluted": 0.12, "weightedAverageShsOut": 59166667, "weightedAverageShsOutDil": 59166667, "link": "", "finalLink": "", "calculatedOtherExpenses": 5200000, "calculatedOperatingExpenses": 46500000, "calculatedNetInterest": 0, "calculatedOtherIncome": 600000, "calculatedIncomeNonControlling": 0, "calculatedEbitda": 15700000}, {"date": "1991-09-30", "symbol": "SNPS", "reportedCurrency": "USD", "cik": "0000883241", "fillingDate": "1991-09-30", "acceptedDate": "1991-09-29 20:00:00", "calendarYear": "1991", "period": "FY", "revenue": 40500000, "costOfRevenue": 3700000, "grossProfit": 36800000, "grossProfitRatio": 0.9086419753, "researchAndDevelopmentExpenses": 0, "generalAndAdministrativeExpenses": 0, "sellingAndMarketingExpenses": 0, "sellingGeneralAndAdministrativeExpenses": 28000000, "otherExpenses": 0, "operatingExpenses": 31700000, "costAndExpenses": 35400000, "interestIncome": 0, "interestExpense": 0, "depreciationAndAmortization": 3700000, "ebitda": 8100000, "ebitdaratio": 0.2, "operatingIncome": 5100000, "operatingIncomeRatio": 0.1259259259, "totalOtherIncomeExpensesNet": 700000, "incomeBeforeTax": 5500000, "incomeBeforeTaxRatio": 0.1358024691, "incomeTaxExpense": 2000000, "netIncome": 3500000, "netIncomeRatio": 0.0864197531, "eps": 0.07, "epsdiluted": 0.07, "weightedAverageShsOut": 50000000, "weightedAverageShsOutDil": 50000000, "link": "", "finalLink": "", "calculatedOtherExpenses": 3700000, "calculatedOperatingExpenses": 31700000, "calculatedNetInterest": 0, "calculatedOtherIncome": 400000, "calculatedIncomeNonControlling": 0, "calculatedEbitda": 8800000}, {"date": "1990-09-30", "symbol": "SNPS", "reportedCurrency": "USD", "cik": "0000883241", "fillingDate": "1990-09-30", "acceptedDate": "1990-09-29 20:00:00", "calendarYear": "1990", "period": "FY", "revenue": 22100000, "costOfRevenue": 1800000, "grossProfit": 20300000, "grossProfitRatio": 0.9185520362, "researchAndDevelopmentExpenses": 0, "generalAndAdministrativeExpenses": 0, "sellingAndMarketingExpenses": 0, "sellingGeneralAndAdministrativeExpenses": 14000000, "otherExpenses": 0, "operatingExpenses": 15200000, "costAndExpenses": 17000000, "interestIncome": 0, "interestExpense": 0, "depreciationAndAmortization": 1200000, "ebitda": 5800000, "ebitdaratio": 0.2624434389, "operatingIncome": 5100000, "operatingIncomeRatio": 0.2307692308, "totalOtherIncomeExpensesNet": 500000, "incomeBeforeTax": 5400000, "incomeBeforeTaxRatio": 0.2443438914, "incomeTaxExpense": 1800000, "netIncome": 4000000, "netIncomeRatio": 0.1809954751, "eps": 0.09, "epsdiluted": 0.09, "weightedAverageShsOut": 44444444, "weightedAverageShsOutDil": 44444444, "link": "", "finalLink": "", "calculatedOtherExpenses": 1200000, "calculatedOperatingExpenses": 15200000, "calculatedNetInterest": 0, "calculatedOtherIncome": 300000, "calculatedIncomeNonControlling": -400000, "calculatedEbitda": 6300000}]}