{"originalCurrency": "USD", "convertedCurrency": "USD", "report": [{"date": "2023-11-30", "symbol": "SNX", "reportedCurrency": "USD", "cik": "0001177394", "fillingDate": "2024-01-26", "acceptedDate": "2024-01-26 16:03:05", "calendarYear": "2023", "period": "FY", "revenue": 57555416000, "costOfRevenue": 53598587000, "grossProfit": 3956829000, "grossProfitRatio": 0.0687481609, "researchAndDevelopmentExpenses": 0, "generalAndAdministrativeExpenses": 0, "sellingAndMarketingExpenses": 0, "sellingGeneralAndAdministrativeExpenses": 2672562000, "otherExpenses": -206000, "operatingExpenses": 2672562000, "costAndExpenses": 56271149000, "interestIncome": 0, "interestExpense": 288318000, "depreciationAndAmortization": 418315000, "ebitda": 1702376000, "ebitdaratio": 0.0295780331, "operatingIncome": 1078032000, "operatingIncomeRatio": 0.0187303311, "totalOtherIncomeExpensesNet": -206441000, "incomeBeforeTax": 789508000, "incomeBeforeTaxRatio": 0.0137173537, "incomeTaxExpense": 162597000, "netIncome": 626911000, "netIncomeRatio": 0.0108923025, "eps": 6.72, "epsdiluted": 6.7, "weightedAverageShsOut": 92572000, "weightedAverageShsOutDil": 92853000, "link": "https://www.sec.gov/Archives/edgar/data/1177394/000117739424000014/0001177394-24-000014-index.htm", "finalLink": "https://www.sec.gov/Archives/edgar/data/1177394/000117739424000014/snx-20231130.htm", "calculatedOtherExpenses": 206235000, "calculatedOperatingExpenses": 2878797000, "calculatedNetInterest": -288318000, "calculatedOtherIncome": -206000, "calculatedIncomeNonControlling": 0, "calculatedEbitda": 1496347000}, {"date": "2022-11-30", "symbol": "SNX", "reportedCurrency": "USD", "cik": "0001177394", "fillingDate": "2023-01-24", "acceptedDate": "2023-01-23 18:17:53", "calendarYear": "2022", "period": "FY", "revenue": 62343810000, "costOfRevenue": 58443611000, "grossProfit": 3900199000, "grossProfitRatio": 0.0625595227, "researchAndDevelopmentExpenses": 0, "generalAndAdministrativeExpenses": 0, "sellingAndMarketingExpenses": 0, "sellingGeneralAndAdministrativeExpenses": 2627007000, "otherExpenses": -1165000, "operatingExpenses": 2627007000, "costAndExpenses": 61070618000, "interestIncome": 196378000, "interestExpense": 222578000, "depreciationAndAmortization": 463365000, "ebitda": 1272027000, "ebitdaratio": 0.020403421, "operatingIncome": 808662000, "operatingIncomeRatio": 0.0129710071, "totalOtherIncomeExpensesNet": 18468000, "incomeBeforeTax": 827130000, "incomeBeforeTaxRatio": 0.0132672354, "incomeTaxExpense": 175823000, "netIncome": 651307000, "netIncomeRatio": 0.0104470195, "eps": 6.79, "epsdiluted": 6.77, "weightedAverageShsOut": 95225000, "weightedAverageShsOutDil": 95509000, "link": "https://www.sec.gov/Archives/edgar/data/1177394/000117739423000010/0001177394-23-000010-index.htm", "finalLink": "https://www.sec.gov/Archives/edgar/data/1177394/000117739423000010/snx-20221130.htm", "calculatedOtherExpenses": 464530000, "calculatedOperatingExpenses": 3091537000, "calculatedNetInterest": -26200000, "calculatedOtherIncome": 44668000, "calculatedIncomeNonControlling": 0, "calculatedEbitda": 1272027000}, {"date": "2021-11-30", "symbol": "SNX", "reportedCurrency": "USD", "cik": "0001177394", "fillingDate": "2022-01-28", "acceptedDate": "2022-01-28 16:06:08", "calendarYear": "2021", "period": "FY", "revenue": 31614169000, "costOfRevenue": 29724635000, "grossProfit": 1889534000, "grossProfitRatio": 0.0597685803, "researchAndDevelopmentExpenses": 0, "generalAndAdministrativeExpenses": 0, "sellingAndMarketingExpenses": 0, "sellingGeneralAndAdministrativeExpenses": 1154166000, "otherExpenses": 1102000, "operatingExpenses": 1154166000, "costAndExpenses": 30878801000, "interestIncome": 106135000, "interestExpense": 157835000, "depreciationAndAmortization": 113252000, "ebitda": 736470000, "ebitdaratio": 0.0232955673, "operatingIncome": 623218000, "operatingIncomeRatio": 0.0197132495, "totalOtherIncomeExpensesNet": -156733000, "incomeBeforeTax": 466485000, "incomeBeforeTaxRatio": 0.0147555674, "incomeTaxExpense": 71416000, "netIncome": 395069000, "netIncomeRatio": 0.0124965803, "eps": 6.28, "epsdiluted": 6.24, "weightedAverageShsOut": 62239000, "weightedAverageShsOutDil": 62698000, "link": "https://www.sec.gov/Archives/edgar/data/1177394/000156459022003003/0001564590-22-003003-index.htm", "finalLink": "https://www.sec.gov/Archives/edgar/data/1177394/000156459022003003/snx-10k_20211130.htm", "calculatedOtherExpenses": 112150000, "calculatedOperatingExpenses": 1266316000, "calculatedNetInterest": -51700000, "calculatedOtherIncome": -105033000, "calculatedIncomeNonControlling": 0, "calculatedEbitda": 736470000}, {"date": "2020-11-30", "symbol": "SNX", "reportedCurrency": "USD", "cik": "0001177394", "fillingDate": "2021-01-28", "acceptedDate": "2021-01-28 16:19:02", "calendarYear": "2020", "period": "FY", "revenue": 19977150000, "costOfRevenue": 18783292000, "grossProfit": 1193858000, "grossProfitRatio": 0.0597611771, "researchAndDevelopmentExpenses": 0, "generalAndAdministrativeExpenses": 0, "sellingAndMarketingExpenses": 0, "sellingGeneralAndAdministrativeExpenses": 672516000, "otherExpenses": -6172000, "operatingExpenses": 672516000, "costAndExpenses": 19455808000, "interestIncome": 75823000, "interestExpense": 79023000, "depreciationAndAmortization": 335465000, "ebitda": 856806000, "ebitdaratio": 0.042889301, "operatingIncome": 521341000, "operatingIncomeRatio": 0.0260968657, "totalOtherIncomeExpensesNet": -85195000, "incomeBeforeTax": 436146000, "incomeBeforeTaxRatio": 0.0218322433, "incomeTaxExpense": 101609000, "netIncome": 334537000, "netIncomeRatio": 0.0167459823, "eps": 6.57, "epsdiluted": 6.53, "weightedAverageShsOut": 50900000, "weightedAverageShsOutDil": 51237000, "link": "https://www.sec.gov/Archives/edgar/data/1177394/000156459021003035/0001564590-21-003035-index.htm", "finalLink": "https://www.sec.gov/Archives/edgar/data/1177394/000156459021003035/snx-10k_20201130.htm", "calculatedOtherExpenses": 1000, "calculatedOperatingExpenses": 672517000, "calculatedNetInterest": -3200000, "calculatedOtherIncome": -81995000, "calculatedIncomeNonControlling": 0, "calculatedEbitda": 856806000}, {"date": "2019-11-30", "symbol": "SNX", "reportedCurrency": "USD", "cik": "0001177394", "fillingDate": "2020-01-29", "acceptedDate": "2020-01-29 16:32:43", "calendarYear": "2019", "period": "FY", "revenue": 23757293000, "costOfRevenue": 20859375000, "grossProfit": 2897918000, "grossProfitRatio": 0.1219801431, "researchAndDevelopmentExpenses": 0, "generalAndAdministrativeExpenses": 0, "sellingAndMarketingExpenses": 0, "sellingGeneralAndAdministrativeExpenses": 2084156000, "otherExpenses": 30363000, "operatingExpenses": 2084156000, "costAndExpenses": 22943531000, "interestIncome": 71969000, "interestExpense": 166421000, "depreciationAndAmortization": 372108000, "ebitda": 844124000, "ebitdaratio": 0.0355311525, "operatingIncome": 472016000, "operatingIncomeRatio": 0.0198682569, "totalOtherIncomeExpensesNet": 205687000, "incomeBeforeTax": 677703000, "incomeBeforeTaxRatio": 0.0285261035, "incomeTaxExpense": 176991000, "netIncome": 500712000, "netIncomeRatio": 0.0210761386, "eps": 9.79, "epsdiluted": 9.74, "weightedAverageShsOut": 50669000, "weightedAverageShsOutDil": 50936000, "link": "https://www.sec.gov/Archives/edgar/data/1177394/000156459020002467/0001564590-20-002467-index.htm", "finalLink": "https://www.sec.gov/Archives/edgar/data/1177394/000156459020002467/snx-10k_20191130.htm", "calculatedOtherExpenses": 341746000, "calculatedOperatingExpenses": 2425902000, "calculatedNetInterest": -94452000, "calculatedOtherIncome": 300139000, "calculatedIncomeNonControlling": 0, "calculatedEbitda": 844124000}, {"date": "2018-11-30", "symbol": "SNX", "reportedCurrency": "USD", "cik": "0001177394", "fillingDate": "2019-01-28", "acceptedDate": "2019-01-28 17:19:03", "calendarYear": "2018", "period": "FY", "revenue": 20053764000, "costOfRevenue": 18126065000, "grossProfit": 1927699000, "grossProfitRatio": 0.0961265426, "researchAndDevelopmentExpenses": 0, "generalAndAdministrativeExpenses": 0, "sellingAndMarketingExpenses": 0, "sellingGeneralAndAdministrativeExpenses": 1376664000, "otherExpenses": -8984000, "operatingExpenses": 1376664000, "costAndExpenses": 19502729000, "interestIncome": 0, "interestExpense": 84675000, "depreciationAndAmortization": 225287000, "ebitda": 542052000, "ebitdaratio": 0.0270299381, "operatingIncome": 551036000, "operatingIncomeRatio": 0.0274779338, "totalOtherIncomeExpensesNet": -8984000, "incomeBeforeTax": 457377000, "incomeBeforeTaxRatio": 0.0228075388, "incomeTaxExpense": 156779000, "netIncome": 300598000, "netIncomeRatio": 0.0149896049, "eps": 7.29, "epsdiluted": 7.25, "weightedAverageShsOut": 41215000, "weightedAverageShsOutDil": 41451000, "link": "https://www.sec.gov/Archives/edgar/data/1177394/000156459019001232/0001564590-19-001232-index.htm", "finalLink": "https://www.sec.gov/Archives/edgar/data/1177394/000156459019001232/snx-10k_20181130.htm", "calculatedOtherExpenses": -1000, "calculatedOperatingExpenses": 1376663000, "calculatedNetInterest": -84675000, "calculatedOtherIncome": -8984000, "calculatedIncomeNonControlling": 0, "calculatedEbitda": 776323000}, {"date": "2017-11-30", "symbol": "SNX", "reportedCurrency": "USD", "cik": "0001177394", "fillingDate": "2018-01-29", "acceptedDate": "2018-01-29 15:53:52", "calendarYear": "2017", "period": "FY", "revenue": 17045700000, "costOfRevenue": 15494760000, "grossProfit": 1550940000, "grossProfitRatio": 0.0909871698, "researchAndDevelopmentExpenses": 0, "generalAndAdministrativeExpenses": 0, "sellingAndMarketingExpenses": 0, "sellingGeneralAndAdministrativeExpenses": 1041975000, "otherExpenses": 1123000, "operatingExpenses": 1041975000, "costAndExpenses": 16536735000, "interestIncome": 0, "interestExpense": 45357000, "depreciationAndAmortization": 159886000, "ebitda": 510088000, "ebitdaratio": 0.0299247318, "operatingIncome": 508965000, "operatingIncomeRatio": 0.02985885, "totalOtherIncomeExpensesNet": 1123000, "incomeBeforeTax": 464731000, "incomeBeforeTaxRatio": 0.0272638261, "incomeTaxExpense": 163558000, "netIncome": 301173000, "netIncomeRatio": 0.0176685616, "eps": 7.61, "epsdiluted": 7.58, "weightedAverageShsOut": 39556000, "weightedAverageShsOutDil": 39758000, "link": "https://www.sec.gov/Archives/edgar/data/1177394/000117739418000010/0001177394-18-000010-index.htm", "finalLink": "https://www.sec.gov/Archives/edgar/data/1177394/000117739418000010/snx-2017x10k.htm", "calculatedOtherExpenses": 0, "calculatedOperatingExpenses": 1041975000, "calculatedNetInterest": -45357000, "calculatedOtherIncome": 1123000, "calculatedIncomeNonControlling": 0, "calculatedEbitda": 668851000}, {"date": "2016-11-30", "symbol": "SNX", "reportedCurrency": "USD", "cik": "0001177394", "fillingDate": "2017-01-26", "acceptedDate": "2017-01-26 16:17:53", "calendarYear": "2016", "period": "FY", "revenue": 14061837000, "costOfRevenue": 12778872000, "grossProfit": 1282965000, "grossProfitRatio": 0.0912373682, "researchAndDevelopmentExpenses": 0, "generalAndAdministrativeExpenses": 0, "sellingAndMarketingExpenses": 0, "sellingGeneralAndAdministrativeExpenses": 903369000, "otherExpenses": 5461000, "operatingExpenses": 903369000, "costAndExpenses": 13682241000, "interestIncome": 0, "interestExpense": 28993000, "depreciationAndAmortization": 121293000, "ebitda": 506350000, "ebitdaratio": 0.0360088088, "operatingIncome": 379596000, "operatingIncomeRatio": 0.026994766, "totalOtherIncomeExpensesNet": 5461000, "incomeBeforeTax": 356064000, "incomeBeforeTaxRatio": 0.0253213005, "incomeTaxExpense": 121059000, "netIncome": 234946000, "netIncomeRatio": 0.0167080588, "eps": 5.98, "epsdiluted": 5.94, "weightedAverageShsOut": 39321000, "weightedAverageShsOutDil": 39530000, "link": "https://www.sec.gov/Archives/edgar/data/1177394/000117739417000012/0001177394-17-000012-index.htm", "finalLink": "https://www.sec.gov/Archives/edgar/data/1177394/000117739417000012/snx-2016x10k.htm", "calculatedOtherExpenses": 0, "calculatedOperatingExpenses": 903369000, "calculatedNetInterest": -28993000, "calculatedOtherIncome": 5461000, "calculatedIncomeNonControlling": 59000, "calculatedEbitda": 500889000}, {"date": "2015-11-30", "symbol": "SNX", "reportedCurrency": "USD", "cik": "0001177394", "fillingDate": "2016-01-28", "acceptedDate": "2016-01-28 16:45:51", "calendarYear": "2015", "period": "FY", "revenue": 13338397000, "costOfRevenue": 12146606000, "grossProfit": 1191791000, "grossProfitRatio": 0.089350392, "researchAndDevelopmentExpenses": 0, "generalAndAdministrativeExpenses": 0, "sellingAndMarketingExpenses": 0, "sellingGeneralAndAdministrativeExpenses": 837239000, "otherExpenses": -1061000, "operatingExpenses": 837239000, "costAndExpenses": 12983845000, "interestIncome": 0, "interestExpense": 26296000, "depreciationAndAmortization": 103510000, "ebitda": 353491000, "ebitdaratio": 0.0265017603, "operatingIncome": 354552000, "operatingIncomeRatio": 0.0265813051, "totalOtherIncomeExpensesNet": -1061000, "incomeBeforeTax": 327195000, "incomeBeforeTaxRatio": 0.024530309, "incomeTaxExpense": 118588000, "netIncome": 208525000, "netIncomeRatio": 0.0156334378, "eps": 5.34, "epsdiluted": 5.3, "weightedAverageShsOut": 39061000, "weightedAverageShsOutDil": 39352000, "link": "https://www.sec.gov/Archives/edgar/data/1177394/000117739416000048/0001177394-16-000048-index.htm", "finalLink": "https://www.sec.gov/Archives/edgar/data/1177394/000117739416000048/snx-2015x10k.htm", "calculatedOtherExpenses": 0, "calculatedOperatingExpenses": 837239000, "calculatedNetInterest": -26296000, "calculatedOtherIncome": -1061000, "calculatedIncomeNonControlling": 82000, "calculatedEbitda": 458062000}, {"date": "2014-11-30", "symbol": "SNX", "reportedCurrency": "USD", "cik": "0001177394", "fillingDate": "2015-01-29", "acceptedDate": "2015-01-29 08:02:42", "calendarYear": "2014", "period": "FY", "revenue": 13839590000, "costOfRevenue": 12740586000, "grossProfit": 1099004000, "grossProfitRatio": 0.0794101559, "researchAndDevelopmentExpenses": 0, "generalAndAdministrativeExpenses": 0, "sellingAndMarketingExpenses": 0, "sellingGeneralAndAdministrativeExpenses": 790497000, "otherExpenses": 962000, "operatingExpenses": 790497000, "costAndExpenses": 13531083000, "interestIncome": 0, "interestExpense": 25187000, "depreciationAndAmortization": 91699000, "ebitda": 309469000, "ebitdaratio": 0.0223611393, "operatingIncome": 308507000, "operatingIncomeRatio": 0.0222916286, "totalOtherIncomeExpensesNet": 962000, "incomeBeforeTax": 284282000, "incomeBeforeTaxRatio": 0.0205412155, "incomeTaxExpense": 104132000, "netIncome": 180034000, "netIncomeRatio": 0.0130086224, "eps": 4.68, "epsdiluted": 4.63, "weightedAverageShsOut": 38490000, "weightedAverageShsOutDil": 38845000, "link": "https://www.sec.gov/Archives/edgar/data/1177394/000117739415000007/0001177394-15-000007-index.htm", "finalLink": "https://www.sec.gov/Archives/edgar/data/1177394/000117739415000007/snx-2014x10k.htm", "calculatedOtherExpenses": 0, "calculatedOperatingExpenses": 790497000, "calculatedNetInterest": -25187000, "calculatedOtherIncome": 962000, "calculatedIncomeNonControlling": 116000, "calculatedEbitda": 400206000}, {"date": "2013-11-30", "symbol": "SNX", "reportedCurrency": "USD", "cik": "0001177394", "fillingDate": "2014-01-27", "acceptedDate": "2014-01-27 16:53:14", "calendarYear": "2013", "period": "FY", "revenue": 10845164000, "costOfRevenue": 10190194000, "grossProfit": 654970000, "grossProfitRatio": 0.0603928166, "researchAndDevelopmentExpenses": 0, "generalAndAdministrativeExpenses": 0, "sellingAndMarketingExpenses": 0, "sellingGeneralAndAdministrativeExpenses": 414142000, "otherExpenses": 14339000, "operatingExpenses": 414142000, "costAndExpenses": 10604336000, "interestIncome": 0, "interestExpense": 17115000, "depreciationAndAmortization": 24462000, "ebitda": 255167000, "ebitdaratio": 0.0235281827, "operatingIncome": 240828000, "operatingIncomeRatio": 0.0222060266, "totalOtherIncomeExpensesNet": 14339000, "incomeBeforeTax": 238052000, "incomeBeforeTaxRatio": 0.02195006, "incomeTaxExpense": 85730000, "netIncome": 152237000, "netIncomeRatio": 0.0140373165, "eps": 4.13, "epsdiluted": 4.03, "weightedAverageShsOut": 36888000, "weightedAverageShsOutDil": 37800000, "link": "https://www.sec.gov/Archives/edgar/data/1177394/000117739414000007/0001177394-14-000007-index.htm", "finalLink": "https://www.sec.gov/Archives/edgar/data/1177394/000117739414000007/snx-11302013x10k.htm", "calculatedOtherExpenses": 0, "calculatedOperatingExpenses": 414142000, "calculatedNetInterest": -17115000, "calculatedOtherIncome": 14339000, "calculatedIncomeNonControlling": 85000, "calculatedEbitda": 265290000}, {"date": "2012-11-30", "symbol": "SNX", "reportedCurrency": "USD", "cik": "0001177394", "fillingDate": "2013-01-28", "acceptedDate": "2013-01-28 16:47:19", "calendarYear": "2012", "period": "FY", "revenue": 10285507000, "costOfRevenue": 9628770000, "grossProfit": 656737000, "grossProfitRatio": 0.0638507173, "researchAndDevelopmentExpenses": 0, "generalAndAdministrativeExpenses": 0, "sellingAndMarketingExpenses": 0, "sellingGeneralAndAdministrativeExpenses": 401725000, "otherExpenses": 4471000, "operatingExpenses": 401725000, "costAndExpenses": 10030495000, "interestIncome": 0, "interestExpense": 22930000, "depreciationAndAmortization": 24630000, "ebitda": 259483000, "ebitdaratio": 0.0252280223, "operatingIncome": 255012000, "operatingIncomeRatio": 0.024793333, "totalOtherIncomeExpensesNet": 4471000, "incomeBeforeTax": 236553000, "incomeBeforeTaxRatio": 0.0229986718, "incomeTaxExpense": 84050000, "netIncome": 151376000, "netIncomeRatio": 0.0147174077, "eps": 4.14, "epsdiluted": 3.99, "weightedAverageShsOut": 36584000, "weightedAverageShsOutDil": 37908000, "link": "https://www.sec.gov/Archives/edgar/data/1177394/000117739413000010/0001177394-13-000010-index.htm", "finalLink": "https://www.sec.gov/Archives/edgar/data/1177394/000117739413000010/snx-11302012x10k.htm", "calculatedOtherExpenses": 0, "calculatedOperatingExpenses": 401725000, "calculatedNetInterest": -22930000, "calculatedOtherIncome": 4471000, "calculatedIncomeNonControlling": 1127000, "calculatedEbitda": 279642000}, {"date": "2011-11-30", "symbol": "SNX", "reportedCurrency": "USD", "cik": "0001177394", "fillingDate": "2012-01-27", "acceptedDate": "2012-01-27 16:41:50", "calendarYear": "2011", "period": "FY", "revenue": 10409840000, "costOfRevenue": 9779342000, "grossProfit": 630498000, "grossProfitRatio": 0.0605675015, "researchAndDevelopmentExpenses": 0, "generalAndAdministrativeExpenses": 0, "sellingAndMarketingExpenses": 0, "sellingGeneralAndAdministrativeExpenses": 374270000, "otherExpenses": 0, "operatingExpenses": 374270000, "costAndExpenses": 10153612000, "interestIncome": 0, "interestExpense": 25505000, "depreciationAndAmortization": 24673000, "ebitda": 256228000, "ebitdaratio": 0.024614019, "operatingIncome": 255001000, "operatingIncomeRatio": 0.0244961498, "totalOtherIncomeExpensesNet": -1005000, "incomeBeforeTax": 229718000, "incomeBeforeTaxRatio": 0.0220673901, "incomeTaxExpense": 79165000, "netIncome": 150331000, "netIncomeRatio": 0.0144412402, "eps": 4.2, "epsdiluted": 4.08, "weightedAverageShsOut": 35830000, "weightedAverageShsOutDil": 36833000, "link": "https://www.sec.gov/Archives/edgar/data/1177394/000117739412000006/0001177394-12-000006-index.htm", "finalLink": "https://www.sec.gov/Archives/edgar/data/1177394/000117739412000006/snx-11302011x10k.htm", "calculatedOtherExpenses": 1227000, "calculatedOperatingExpenses": 375497000, "calculatedNetInterest": -25505000, "calculatedOtherIncome": 222000, "calculatedIncomeNonControlling": 222000, "calculatedEbitda": 279674000}, {"date": "2010-11-30", "symbol": "SNX", "reportedCurrency": "USD", "cik": "0001177394", "fillingDate": "2011-02-14", "acceptedDate": "2011-02-14 10:20:29", "calendarYear": "2010", "period": "FY", "revenue": 8614141000, "costOfRevenue": 8122525000, "grossProfit": 491616000, "grossProfitRatio": 0.0570708095, "researchAndDevelopmentExpenses": 0, "generalAndAdministrativeExpenses": 0, "sellingAndMarketingExpenses": 0, "sellingGeneralAndAdministrativeExpenses": 292466000, "otherExpenses": 0, "operatingExpenses": 292466000, "costAndExpenses": 8414991000, "interestIncome": 0, "interestExpense": 17114000, "depreciationAndAmortization": 16285000, "ebitda": 199150000, "ebitdaratio": 0.0231189622, "operatingIncome": 211972000, "operatingIncomeRatio": 0.0246074449, "totalOtherIncomeExpensesNet": 1550000, "incomeBeforeTax": 183586000, "incomeBeforeTaxRatio": 0.0213121657, "incomeTaxExpense": 66910000, "netIncome": 127948000, "netIncomeRatio": 0.0148532512, "eps": 3.68, "epsdiluted": 3.58, "weightedAverageShsOut": 34737000, "weightedAverageShsOutDil": 35757000, "link": "https://www.sec.gov/Archives/edgar/data/1177394/000119312511034166/0001193125-11-034166-index.htm", "finalLink": "https://www.sec.gov/Archives/edgar/data/1177394/000119312511034166/d10k.htm", "calculatedOtherExpenses": -12822000, "calculatedOperatingExpenses": 279644000, "calculatedNetInterest": -17114000, "calculatedOtherIncome": -11272000, "calculatedIncomeNonControlling": -11272000, "calculatedEbitda": 228257000}, {"date": "2009-11-30", "symbol": "SNX", "reportedCurrency": "USD", "cik": "0001177394", "fillingDate": "2010-02-05", "acceptedDate": "2010-02-05 16:35:26", "calendarYear": "2009", "period": "FY", "revenue": 7719197000, "costOfRevenue": 7296167000, "grossProfit": 423030000, "grossProfitRatio": 0.0548023324, "researchAndDevelopmentExpenses": 0, "generalAndAdministrativeExpenses": 0, "sellingAndMarketingExpenses": 0, "sellingGeneralAndAdministrativeExpenses": 273381000, "otherExpenses": 0, "operatingExpenses": 273381000, "costAndExpenses": 7569548000, "interestIncome": 0, "interestExpense": 13983000, "depreciationAndAmortization": 19626000, "ebitda": 149649000, "ebitdaratio": 0.019386602, "operatingIncome": 156727000, "operatingIncomeRatio": 0.0203035368, "totalOtherIncomeExpensesNet": 3036000, "incomeBeforeTax": 138702000, "incomeBeforeTaxRatio": 0.0179684493, "incomeTaxExpense": 50656000, "netIncome": 92088000, "netIncomeRatio": 0.0119297383, "eps": 2.82, "epsdiluted": 2.71, "weightedAverageShsOut": 32711000, "weightedAverageShsOutDil": 34013000, "link": "https://www.sec.gov/Archives/edgar/data/1177394/000119312510023385/0001193125-10-023385-index.htm", "finalLink": "https://www.sec.gov/Archives/edgar/data/1177394/000119312510023385/d10k.htm", "calculatedOtherExpenses": -7078000, "calculatedOperatingExpenses": 266303000, "calculatedNetInterest": -13983000, "calculatedOtherIncome": -4042000, "calculatedIncomeNonControlling": -4042000, "calculatedEbitda": 176353000}, {"date": "2008-11-30", "symbol": "SNX", "reportedCurrency": "USD", "cik": "0001177394", "fillingDate": "2009-01-27", "acceptedDate": "2009-01-27 06:10:22", "calendarYear": "2008", "period": "FY", "revenue": 7768230000, "costOfRevenue": 7336311000, "grossProfit": 431919000, "grossProfitRatio": 0.0556006967, "researchAndDevelopmentExpenses": 0, "generalAndAdministrativeExpenses": 0, "sellingAndMarketingExpenses": 0, "sellingGeneralAndAdministrativeExpenses": 280071000, "otherExpenses": 0, "operatingExpenses": 280071000, "costAndExpenses": 7616382000, "interestIncome": 0, "interestExpense": -14431000, "depreciationAndAmortization": 18764000, "ebitda": 178443000, "ebitdaratio": 0.0229708698, "operatingIncome": 128893000, "operatingIncomeRatio": 0.0165923254, "totalOtherIncomeExpensesNet": -7831000, "incomeBeforeTax": 129586000, "incomeBeforeTaxRatio": 0.0166815349, "incomeTaxExpense": 45096000, "netIncome": 83797000, "netIncomeRatio": 0.010787142, "eps": 2.65, "epsdiluted": 2.52, "weightedAverageShsOut": 31619000, "weightedAverageShsOutDil": 33263000, "link": "https://www.sec.gov/Archives/edgar/data/1177394/000119312509011519/0001193125-09-011519-index.htm", "finalLink": "https://www.sec.gov/Archives/edgar/data/1177394/000119312509011519/d10k.htm", "calculatedOtherExpenses": 22955000, "calculatedOperatingExpenses": 303026000, "calculatedNetInterest": 14431000, "calculatedOtherIncome": -13738000, "calculatedIncomeNonControlling": 693000, "calculatedEbitda": 147657000}, {"date": "2007-11-30", "symbol": "SNX", "reportedCurrency": "USD", "cik": "0001177394", "fillingDate": "2008-02-13", "acceptedDate": "2008-02-13 17:13:26", "calendarYear": "2007", "period": "FY", "revenue": 7004120000, "costOfRevenue": 6648738000, "grossProfit": 355382000, "grossProfitRatio": 0.0507389936, "researchAndDevelopmentExpenses": 0, "generalAndAdministrativeExpenses": 0, "sellingAndMarketingExpenses": 0, "sellingGeneralAndAdministrativeExpenses": 243235000, "otherExpenses": 0, "operatingExpenses": 243235000, "costAndExpenses": 6891973000, "interestIncome": 0, "interestExpense": -14874000, "depreciationAndAmortization": 15765000, "ebitda": 126519000, "ebitdaratio": 0.0180635112, "operatingIncome": 98294000, "operatingIncomeRatio": 0.0140337401, "totalOtherIncomeExpensesNet": 1393000, "incomeBeforeTax": 98666000, "incomeBeforeTaxRatio": 0.0140868517, "incomeTaxExpense": 35167000, "netIncome": 63127000, "netIncomeRatio": 0.0090128382, "eps": 2.04, "epsdiluted": 1.93, "weightedAverageShsOut": 30942000, "weightedAverageShsOutDil": 32674000, "link": "https://www.sec.gov/Archives/edgar/data/1177394/000119312508029448/0001193125-08-029448-index.htm", "finalLink": "https://www.sec.gov/Archives/edgar/data/1177394/000119312508029448/d10k.htm", "calculatedOtherExpenses": 13853000, "calculatedOperatingExpenses": 257088000, "calculatedNetInterest": 14874000, "calculatedOtherIncome": -14502000, "calculatedIncomeNonControlling": 372000, "calculatedEbitda": 114059000}, {"date": "2006-11-30", "symbol": "SNX", "reportedCurrency": "USD", "cik": "0001177394", "fillingDate": "2007-02-13", "acceptedDate": "2007-02-13 17:18:01", "calendarYear": "2006", "period": "FY", "revenue": 6346514000, "costOfRevenue": 6058155000, "grossProfit": 288359000, "grossProfitRatio": 0.0454358093, "researchAndDevelopmentExpenses": 0, "generalAndAdministrativeExpenses": 0, "sellingAndMarketingExpenses": 0, "sellingGeneralAndAdministrativeExpenses": 189117000, "otherExpenses": 0, "operatingExpenses": 189117000, "costAndExpenses": 6247272000, "interestIncome": 0, "interestExpense": -16659000, "depreciationAndAmortization": 9781000, "ebitda": 108453000, "ebitdaratio": 0.0170885938, "operatingIncome": 79705000, "operatingIncomeRatio": 0.012558863, "totalOtherIncomeExpensesNet": 570000, "incomeBeforeTax": 80153000, "incomeBeforeTaxRatio": 0.012629453, "incomeTaxExpense": 28320000, "netIncome": 51385000, "netIncomeRatio": 0.0080965708, "eps": 1.73, "epsdiluted": 1.61, "weightedAverageShsOut": 29700000, "weightedAverageShsOutDil": 32014000, "link": "https://www.sec.gov/Archives/edgar/data/1177394/000119312507029667/0001193125-07-029667-index.htm", "finalLink": "https://www.sec.gov/Archives/edgar/data/1177394/000119312507029667/d10k.htm", "calculatedOtherExpenses": 19537000, "calculatedOperatingExpenses": 208654000, "calculatedNetInterest": 16659000, "calculatedOtherIncome": -16211000, "calculatedIncomeNonControlling": 448000, "calculatedEbitda": 89486000}, {"date": "2005-11-30", "symbol": "SNX", "reportedCurrency": "USD", "cik": "0001177394", "fillingDate": "2006-02-13", "acceptedDate": "2006-02-10 20:46:03", "calendarYear": "2005", "period": "FY", "revenue": 5640769000, "costOfRevenue": 5402211000, "grossProfit": 238558000, "grossProfitRatio": 0.0422917514, "researchAndDevelopmentExpenses": 0, "generalAndAdministrativeExpenses": 0, "sellingAndMarketingExpenses": 0, "sellingGeneralAndAdministrativeExpenses": 159621000, "otherExpenses": 0, "operatingExpenses": 159621000, "costAndExpenses": 5561832000, "interestIncome": 0, "interestExpense": 13277000, "depreciationAndAmortization": 8778000, "ebitda": 86156000, "ebitdaratio": 0.015273804, "operatingIncome": 76737000, "operatingIncomeRatio": 0.0136039962, "totalOtherIncomeExpensesNet": 1559000, "incomeBeforeTax": 63460000, "incomeBeforeTaxRatio": 0.0112502391, "incomeTaxExpense": 23912000, "netIncome": 52825000, "netIncomeRatio": 0.0093648579, "eps": 1.85, "epsdiluted": 1.7, "weightedAverageShsOut": 28554054, "weightedAverageShsOutDil": 31073529, "link": "https://www.sec.gov/Archives/edgar/data/1177394/000119312506027212/0001193125-06-027212-index.htm", "finalLink": "https://www.sec.gov/Archives/edgar/data/1177394/000119312506027212/d10k.htm", "calculatedOtherExpenses": 2200000, "calculatedOperatingExpenses": 161821000, "calculatedNetInterest": -13277000, "calculatedOtherIncome": 0, "calculatedIncomeNonControlling": -13277000, "calculatedEbitda": 85515000}, {"date": "2004-11-30", "symbol": "SNX", "reportedCurrency": "USD", "cik": "0001177394", "fillingDate": "2005-02-14", "acceptedDate": "2005-02-14 16:01:25", "calendarYear": "2004", "period": "FY", "revenue": 5313991000, "costOfRevenue": 5089013000, "grossProfit": 224978000, "grossProfitRatio": 0.0423369178, "researchAndDevelopmentExpenses": 0, "generalAndAdministrativeExpenses": 0, "sellingAndMarketingExpenses": 0, "sellingGeneralAndAdministrativeExpenses": 145998000, "otherExpenses": 0, "operatingExpenses": 145998000, "costAndExpenses": 5235011000, "interestIncome": 0, "interestExpense": -1502000, "depreciationAndAmortization": 7845000, "ebitda": 94488000, "ebitdaratio": 0.0177809861, "operatingIncome": 78980000, "operatingIncomeRatio": 0.0148626522, "totalOtherIncomeExpensesNet": -7663000, "incomeBeforeTax": 69815000, "incomeBeforeTaxRatio": 0.0131379598, "incomeTaxExpense": 23550000, "netIncome": 46565000, "netIncomeRatio": 0.0087627171, "eps": 1.74, "epsdiluted": 1.55, "weightedAverageShsOut": 26691000, "weightedAverageShsOutDil": 30111000, "link": "https://www.sec.gov/Archives/edgar/data/1177394/000119312505029150/0001193125-05-029150-index.htm", "finalLink": "https://www.sec.gov/Archives/edgar/data/1177394/000119312505029150/d10k.htm", "calculatedOtherExpenses": 0, "calculatedOperatingExpenses": 145998000, "calculatedNetInterest": 1502000, "calculatedOtherIncome": -10667000, "calculatedIncomeNonControlling": -300000, "calculatedEbitda": 86825000}, {"date": "2003-11-30", "symbol": "SNX", "reportedCurrency": "USD", "cik": "0001177394", "fillingDate": "2004-02-19", "acceptedDate": "2004-02-19 16:55:56", "calendarYear": "2003", "period": "FY", "revenue": 4126240000, "costOfRevenue": 3938524000, "grossProfit": 187716000, "grossProfitRatio": 0.0454932335, "researchAndDevelopmentExpenses": 0, "generalAndAdministrativeExpenses": 0, "sellingAndMarketingExpenses": 0, "sellingGeneralAndAdministrativeExpenses": 129850000, "otherExpenses": 0, "operatingExpenses": 129850000, "costAndExpenses": 4068374000, "interestIncome": 0, "interestExpense": -1961000, "depreciationAndAmortization": 7412000, "ebitda": 74049000, "ebitdaratio": 0.0179458781, "operatingIncome": 57866000, "operatingIncomeRatio": 0.0140239055, "totalOtherIncomeExpensesNet": -8771000, "incomeBeforeTax": 47134000, "incomeBeforeTaxRatio": 0.0114229904, "incomeTaxExpense": 17360000, "netIncome": 29996000, "netIncomeRatio": 0.0072695723, "eps": 1.36, "epsdiluted": 1.22, "weightedAverageShsOut": 22091067, "weightedAverageShsOutDil": 24555312, "link": "https://www.sec.gov/Archives/edgar/data/1177394/000119312504026646/0001193125-04-026646-index.htm", "finalLink": "https://www.sec.gov/Archives/edgar/data/1177394/000119312504026646/d10k.htm", "calculatedOtherExpenses": 0, "calculatedOperatingExpenses": 129850000, "calculatedNetInterest": 1961000, "calculatedOtherIncome": -12693000, "calculatedIncomeNonControlling": -222000, "calculatedEbitda": 65278000}, {"date": "2002-11-30", "symbol": "SNX", "reportedCurrency": "USD", "cik": "0001177394", "fillingDate": "2002-11-30", "acceptedDate": "2002-11-29 19:00:00", "calendarYear": "2002", "period": "FY", "revenue": 3767882000, "costOfRevenue": 3593982000, "grossProfit": 173900000, "grossProfitRatio": 0.04615325, "researchAndDevelopmentExpenses": 0, "generalAndAdministrativeExpenses": 0, "sellingAndMarketingExpenses": 0, "sellingGeneralAndAdministrativeExpenses": 123418000, "otherExpenses": 0, "operatingExpenses": 123418000, "costAndExpenses": 3717400000, "interestIncome": 0, "interestExpense": 0, "depreciationAndAmortization": 8337000, "ebitda": 63026000, "ebitdaratio": 0.0167271693, "operatingIncome": 44869000, "operatingIncomeRatio": 0.0119082816, "totalOtherIncomeExpensesNet": -4207000, "incomeBeforeTax": 44853000, "incomeBeforeTaxRatio": 0.0119040352, "incomeTaxExpense": 16837000, "netIncome": 28032000, "netIncomeRatio": 0.0074397234, "eps": 1.27, "epsdiluted": 1.16, "weightedAverageShsOut": 22072441, "weightedAverageShsOutDil": 24165517, "link": "", "finalLink": "", "calculatedOtherExpenses": 5613000, "calculatedOperatingExpenses": 129031000, "calculatedNetInterest": 0, "calculatedOtherIncome": -16000, "calculatedIncomeNonControlling": -16000, "calculatedEbitda": 53206000}, {"date": "2001-11-30", "symbol": "SNX", "reportedCurrency": "USD", "cik": "0001177394", "fillingDate": "2001-11-30", "acceptedDate": "2001-11-29 19:00:00", "calendarYear": "2001", "period": "FY", "revenue": 3032041000, "costOfRevenue": 2882604000, "grossProfit": 149437000, "grossProfitRatio": 0.049285943, "researchAndDevelopmentExpenses": 0, "generalAndAdministrativeExpenses": 0, "sellingAndMarketingExpenses": 0, "sellingGeneralAndAdministrativeExpenses": 95168000, "otherExpenses": 0, "operatingExpenses": 95168000, "costAndExpenses": 2977772000, "interestIncome": 0, "interestExpense": 11587000, "depreciationAndAmortization": -11587000, "ebitda": 59897000, "ebitdaratio": 0.0197546801, "operatingIncome": 54269000, "operatingIncomeRatio": 0.0178985047, "totalOtherIncomeExpensesNet": -5628000, "incomeBeforeTax": 41919000, "incomeBeforeTaxRatio": 0.0138253408, "incomeTaxExpense": 16885000, "netIncome": 25797000, "netIncomeRatio": 0.0085081303, "eps": 1.18, "epsdiluted": 1.06, "weightedAverageShsOut": 21861864, "weightedAverageShsOutDil": 24336792, "link": "", "finalLink": "", "calculatedOtherExpenses": 0, "calculatedOperatingExpenses": 95168000, "calculatedNetInterest": -11587000, "calculatedOtherIncome": -763000, "calculatedIncomeNonControlling": -763000, "calculatedEbitda": 42682000}, {"date": "2000-11-30", "symbol": "SNX", "reportedCurrency": "USD", "cik": "0001177394", "fillingDate": "2000-11-30", "acceptedDate": "2000-11-29 19:00:00", "calendarYear": "2000", "period": "FY", "revenue": 3802629000, "costOfRevenue": 3626317000, "grossProfit": 176312000, "grossProfitRatio": 0.0463658169, "researchAndDevelopmentExpenses": 0, "generalAndAdministrativeExpenses": 0, "sellingAndMarketingExpenses": 0, "sellingGeneralAndAdministrativeExpenses": 106489000, "otherExpenses": 0, "operatingExpenses": 106489000, "costAndExpenses": 3732806000, "interestIncome": 0, "interestExpense": 16000, "depreciationAndAmortization": -16000, "ebitda": 62978000, "ebitdaratio": 0.0165616998, "operatingIncome": 69823000, "operatingIncomeRatio": 0.0183617702, "totalOtherIncomeExpensesNet": 6845000, "incomeBeforeTax": 76216000, "incomeBeforeTaxRatio": 0.0200429755, "incomeTaxExpense": 33373000, "netIncome": 36434000, "netIncomeRatio": 0.009581266, "eps": 1.7, "epsdiluted": 1.49, "weightedAverageShsOut": 21431765, "weightedAverageShsOutDil": 24452349, "link": "", "finalLink": "", "calculatedOtherExpenses": 0, "calculatedOperatingExpenses": 106489000, "calculatedNetInterest": -16000, "calculatedOtherIncome": 6409000, "calculatedIncomeNonControlling": 6409000, "calculatedEbitda": 69807000}]}