{"originalCurrency": "USD", "convertedCurrency": "USD", "report": [{"date": "2023-12-31", "symbol": "SOJC", "reportedCurrency": "USD", "cik": "0000092122", "fillingDate": "2023-12-31", "acceptedDate": "2023-12-30 19:00:00", "calendarYear": "2023", "period": "FY", "revenue": 25253000000, "costOfRevenue": 13545000000, "grossProfit": 11708000000, "grossProfitRatio": 0.4636280838, "researchAndDevelopmentExpenses": 0, "generalAndAdministrativeExpenses": 0, "sellingAndMarketingExpenses": 0, "sellingGeneralAndAdministrativeExpenses": 595000000, "otherExpenses": 553000000, "operatingExpenses": 5882000000, "costAndExpenses": 19427000000, "interestIncome": 0, "interestExpense": 2446000000, "depreciationAndAmortization": 4986000000, "ebitda": 11509000000, "ebitdaratio": 0.4557478319, "operatingIncome": 5826000000, "operatingIncomeRatio": 0.2307052627, "totalOtherIncomeExpensesNet": 965000000, "incomeBeforeTax": 4345000000, "incomeBeforeTaxRatio": 0.1720587653, "incomeTaxExpense": 496000000, "netIncome": 3976000000, "netIncomeRatio": 0.15744664, "eps": 3.64, "epsdiluted": 3.62, "weightedAverageShsOut": 1092000000, "weightedAverageShsOutDil": 1098000000, "link": null, "finalLink": null, "calculatedOtherExpenses": 5287000000, "calculatedOperatingExpenses": 5882000000, "calculatedNetInterest": -2446000000, "calculatedOtherIncome": 965000000, "calculatedIncomeNonControlling": -127000000, "calculatedEbitda": 10812000000}, {"date": "2022-12-31", "symbol": "SOJC", "reportedCurrency": "USD", "cik": "0000092122", "fillingDate": "2023-02-16", "acceptedDate": "2023-02-15 17:59:03", "calendarYear": "2022", "period": "FY", "revenue": 29279000000, "costOfRevenue": 18458000000, "grossProfit": 10821000000, "grossProfitRatio": 0.3695822945, "researchAndDevelopmentExpenses": 0, "generalAndAdministrativeExpenses": 0, "sellingAndMarketingExpenses": 0, "sellingGeneralAndAdministrativeExpenses": 656000000, "otherExpenses": 5257000000, "operatingExpenses": 5257000000, "costAndExpenses": 23715000000, "interestIncome": 2033000000, "interestExpense": 2022000000, "depreciationAndAmortization": 4508000000, "ebitda": 9878000000, "ebitdaratio": 0.3373749103, "operatingIncome": 5370000000, "operatingIncomeRatio": 0.1834079033, "totalOtherIncomeExpensesNet": -1147000000, "incomeBeforeTax": 4223000000, "incomeBeforeTaxRatio": 0.1442330681, "incomeTaxExpense": 795000000, "netIncome": 3535000000, "netIncomeRatio": 0.1207349978, "eps": 3.28, "epsdiluted": 3.26, "weightedAverageShsOut": 1075000000, "weightedAverageShsOutDil": 1081000000, "link": "https://www.sec.gov/Archives/edgar/data/92122/000009212223000012/0000092122-23-000012-index.htm", "finalLink": "https://www.sec.gov/Archives/edgar/data/3153/000009212223000012/so-20221231.htm", "calculatedOtherExpenses": 4795000000, "calculatedOperatingExpenses": 5451000000, "calculatedNetInterest": 11000000, "calculatedOtherIncome": -1158000000, "calculatedIncomeNonControlling": -107000000, "calculatedEbitda": 9878000000}, {"date": "2021-12-31", "symbol": "SOJC", "reportedCurrency": "USD", "cik": "0000092122", "fillingDate": "2022-02-17", "acceptedDate": "2022-02-16 17:44:30", "calendarYear": "2021", "period": "FY", "revenue": 23113000000, "costOfRevenue": 13052000000, "grossProfit": 10061000000, "grossProfitRatio": 0.4352961537, "researchAndDevelopmentExpenses": 0, "generalAndAdministrativeExpenses": 0, "sellingAndMarketingExpenses": 0, "sellingGeneralAndAdministrativeExpenses": 569000000, "otherExpenses": 6547000000, "operatingExpenses": 6547000000, "costAndExpenses": 19599000000, "interestIncome": 1852000000, "interestExpense": 1837000000, "depreciationAndAmortization": 3913000000, "ebitda": 7611000000, "ebitdaratio": 0.3292952018, "operatingIncome": 3698000000, "operatingIncomeRatio": 0.1599965387, "totalOtherIncomeExpensesNet": -1122000000, "incomeBeforeTax": 2576000000, "incomeBeforeTaxRatio": 0.1114524294, "incomeTaxExpense": 267000000, "netIncome": 2408000000, "netIncomeRatio": 0.1041837927, "eps": 2.26, "epsdiluted": 2.24, "weightedAverageShsOut": 1061000000, "weightedAverageShsOutDil": 1068000000, "link": "https://www.sec.gov/Archives/edgar/data/92122/000009212222000003/0000092122-22-000003-index.htm", "finalLink": "https://www.sec.gov/Archives/edgar/data/3153/000009212222000003/so-20211231.htm", "calculatedOtherExpenses": 5794000000, "calculatedOperatingExpenses": 6363000000, "calculatedNetInterest": 15000000, "calculatedOtherIncome": -1137000000, "calculatedIncomeNonControlling": -99000000, "calculatedEbitda": 7611000000}, {"date": "2020-12-31", "symbol": "SOJC", "reportedCurrency": "USD", "cik": "0000092122", "fillingDate": "2021-02-18", "acceptedDate": "2021-02-17 17:48:11", "calendarYear": "2020", "period": "FY", "revenue": 20375000000, "costOfRevenue": 10478000000, "grossProfit": 9897000000, "grossProfitRatio": 0.4857423313, "researchAndDevelopmentExpenses": 0, "generalAndAdministrativeExpenses": 0, "sellingAndMarketingExpenses": 0, "sellingGeneralAndAdministrativeExpenses": 415000000, "otherExpenses": 5077000000, "operatingExpenses": 5077000000, "costAndExpenses": 15555000000, "interestIncome": 1836000000, "interestExpense": 1821000000, "depreciationAndAmortization": 3942000000, "ebitda": 8827000000, "ebitdaratio": 0.4332269939, "operatingIncome": 4885000000, "operatingIncomeRatio": 0.2397546012, "totalOtherIncomeExpensesNet": -1389000000, "incomeBeforeTax": 3496000000, "incomeBeforeTaxRatio": 0.1715828221, "incomeTaxExpense": 393000000, "netIncome": 3134000000, "netIncomeRatio": 0.1538159509, "eps": 2.82, "epsdiluted": 2.82, "weightedAverageShsOut": 1099000000, "weightedAverageShsOutDil": 1099000000, "link": "https://www.sec.gov/Archives/edgar/data/92122/000009212221000006/0000092122-21-000006-index.htm", "finalLink": "https://www.sec.gov/Archives/edgar/data/3153/000009212221000006/so-20201231.htm", "calculatedOtherExpenses": 4597000000, "calculatedOperatingExpenses": 5012000000, "calculatedNetInterest": 15000000, "calculatedOtherIncome": -1404000000, "calculatedIncomeNonControlling": -31000000, "calculatedEbitda": 8827000000}, {"date": "2019-12-31", "symbol": "SOJC", "reportedCurrency": "USD", "cik": "0000092122", "fillingDate": "2020-02-20", "acceptedDate": "2020-02-19 17:55:30", "calendarYear": "2019", "period": "FY", "revenue": 21419000000, "costOfRevenue": 11792000000, "grossProfit": 9627000000, "grossProfitRatio": 0.4494607591, "researchAndDevelopmentExpenses": 0, "generalAndAdministrativeExpenses": 0, "sellingAndMarketingExpenses": 0, "sellingGeneralAndAdministrativeExpenses": 267000000, "otherExpenses": 4292000000, "operatingExpenses": 4292000000, "costAndExpenses": 16084000000, "interestIncome": 9000000, "interestExpense": 1736000000, "depreciationAndAmortization": 3038000000, "ebitda": 8787000000, "ebitdaratio": 0.410243242, "operatingIncome": 5749000000, "operatingIncomeRatio": 0.2684065549, "totalOtherIncomeExpensesNet": 793000000, "incomeBeforeTax": 6542000000, "incomeBeforeTaxRatio": 0.3054297586, "incomeTaxExpense": 1798000000, "netIncome": 4754000000, "netIncomeRatio": 0.2219524721, "eps": 4.53, "epsdiluted": 4.5, "weightedAverageShsOut": 1046000000, "weightedAverageShsOutDil": 1054000000, "link": "https://www.sec.gov/Archives/edgar/data/92122/000009212220000017/0000092122-20-000017-index.htm", "finalLink": "https://www.sec.gov/Archives/edgar/data/3153/000009212220000017/so10-k12312019.htm", "calculatedOtherExpenses": 3611000000, "calculatedOperatingExpenses": 3878000000, "calculatedNetInterest": -1727000000, "calculatedOtherIncome": 2520000000, "calculatedIncomeNonControlling": -10000000, "calculatedEbitda": 8787000000}, {"date": "2018-12-31", "symbol": "SOJC", "reportedCurrency": "USD", "cik": "0000092122", "fillingDate": "2019-02-20", "acceptedDate": "2019-02-19 18:34:01", "calendarYear": "2018", "period": "FY", "revenue": 23495000000, "costOfRevenue": 13842000000, "grossProfit": 9653000000, "grossProfitRatio": 0.4108533731, "researchAndDevelopmentExpenses": 0, "generalAndAdministrativeExpenses": 0, "sellingAndMarketingExpenses": 0, "sellingGeneralAndAdministrativeExpenses": 235000000, "otherExpenses": 114000000, "operatingExpenses": 5543000000, "costAndExpenses": 19385000000, "interestIncome": 0, "interestExpense": 1842000000, "depreciationAndAmortization": 3131000000, "ebitda": 7503000000, "ebitdaratio": 0.3193445414, "operatingIncome": 4191000000, "operatingIncomeRatio": 0.1783783784, "totalOtherIncomeExpensesNet": 481000000, "incomeBeforeTax": 2749000000, "incomeBeforeTaxRatio": 0.1170036178, "incomeTaxExpense": 449000000, "netIncome": 2242000000, "netIncomeRatio": 0.0954245584, "eps": 2.2, "epsdiluted": 2.17, "weightedAverageShsOut": 1020000000, "weightedAverageShsOutDil": 1033788000, "link": "https://www.sec.gov/Archives/edgar/data/92122/000009212219000006/0000092122-19-000006-index.htm", "finalLink": "https://www.sec.gov/Archives/edgar/data/3153/000009212219000006/so10-k12312018.htm", "calculatedOtherExpenses": 5227000000, "calculatedOperatingExpenses": 5462000000, "calculatedNetInterest": -1842000000, "calculatedOtherIncome": 400000000, "calculatedIncomeNonControlling": 58000000, "calculatedEbitda": 7322000000}, {"date": "2017-12-31", "symbol": "SOJC", "reportedCurrency": "USD", "cik": "0000092122", "fillingDate": "2018-02-21", "acceptedDate": "2018-02-20 21:22:00", "calendarYear": "2017", "period": "FY", "revenue": 23031000000, "costOfRevenue": 12858000000, "grossProfit": 10173000000, "grossProfitRatio": 0.4417090009, "researchAndDevelopmentExpenses": 0, "generalAndAdministrativeExpenses": 0, "sellingAndMarketingExpenses": 0, "sellingGeneralAndAdministrativeExpenses": 235000000, "otherExpenses": -55000000, "operatingExpenses": 7622000000, "costAndExpenses": 20480000000, "interestIncome": 0, "interestExpense": 1694000000, "depreciationAndAmortization": 3010000000, "ebitda": 5612000000, "ebitdaratio": 0.2436715731, "operatingIncome": 2551000000, "operatingIncomeRatio": 0.1107637532, "totalOtherIncomeExpensesNet": 211000000, "incomeBeforeTax": 1068000000, "incomeBeforeTaxRatio": 0.0463722808, "incomeTaxExpense": 142000000, "netIncome": 880000000, "netIncomeRatio": 0.03820937, "eps": 0.84, "epsdiluted": 0.84, "weightedAverageShsOut": 1000000000, "weightedAverageShsOutDil": 1007603100, "link": "https://www.sec.gov/Archives/edgar/data/92122/000009212218000012/0000092122-18-000012-index.htm", "finalLink": "https://www.sec.gov/Archives/edgar/data/3153/000009212218000012/so_10-kx12312017.htm", "calculatedOtherExpenses": 7387000000, "calculatedOperatingExpenses": 7622000000, "calculatedNetInterest": -1694000000, "calculatedOtherIncome": 211000000, "calculatedIncomeNonControlling": 46000000, "calculatedEbitda": 5561000000}, {"date": "2016-12-31", "symbol": "SOJC", "reportedCurrency": "USD", "cik": "0000092122", "fillingDate": "2017-02-22", "acceptedDate": "2017-02-21 21:23:49", "calendarYear": "2016", "period": "FY", "revenue": 19896000000, "costOfRevenue": 11224000000, "grossProfit": 8672000000, "grossProfitRatio": 0.4358665058, "researchAndDevelopmentExpenses": 0, "generalAndAdministrativeExpenses": 0, "sellingAndMarketingExpenses": 0, "sellingGeneralAndAdministrativeExpenses": 0, "otherExpenses": -93000000, "operatingExpenses": 4043000000, "costAndExpenses": 15267000000, "interestIncome": 0, "interestExpense": 1317000000, "depreciationAndAmortization": 2502000000, "ebitda": 7097000000, "ebitdaratio": 0.3567048653, "operatingIncome": 4629000000, "operatingIncomeRatio": 0.2326598311, "totalOtherIncomeExpensesNet": 168000000, "incomeBeforeTax": 3480000000, "incomeBeforeTaxRatio": 0.1749095296, "incomeTaxExpense": 951000000, "netIncome": 2493000000, "netIncomeRatio": 0.1253015682, "eps": 2.47, "epsdiluted": 2.47, "weightedAverageShsOut": 951000000, "weightedAverageShsOutDil": 990200000, "link": "https://www.sec.gov/Archives/edgar/data/92122/000009212217000007/0000092122-17-000007-index.htm", "finalLink": "https://www.sec.gov/Archives/edgar/data/3153/000009212217000007/so_10-kx12312016.htm", "calculatedOtherExpenses": 4043000000, "calculatedOperatingExpenses": 4043000000, "calculatedNetInterest": -1317000000, "calculatedOtherIncome": 168000000, "calculatedIncomeNonControlling": 36000000, "calculatedEbitda": 7131000000}, {"date": "2015-12-31", "symbol": "SOJC", "reportedCurrency": "USD", "cik": "0000092122", "fillingDate": "2016-02-26", "acceptedDate": "2016-02-26 15:42:42", "calendarYear": "2015", "period": "FY", "revenue": 17527000000, "costOfRevenue": 9849000000, "grossProfit": 7678000000, "grossProfitRatio": 0.4380669824, "researchAndDevelopmentExpenses": 0, "generalAndAdministrativeExpenses": 0, "sellingAndMarketingExpenses": 0, "sellingGeneralAndAdministrativeExpenses": 0, "otherExpenses": -62000000, "operatingExpenses": 3396000000, "costAndExpenses": 13245000000, "interestIncome": 23000000, "interestExpense": 840000000, "depreciationAndAmortization": 2034000000, "ebitda": 6277000000, "ebitdaratio": 0.358133166, "operatingIncome": 4282000000, "operatingIncomeRatio": 0.2443087807, "totalOtherIncomeExpensesNet": 164000000, "incomeBeforeTax": 3629000000, "incomeBeforeTaxRatio": 0.2070519769, "incomeTaxExpense": 1194000000, "netIncome": 2421000000, "netIncomeRatio": 0.1381297427, "eps": 2.6, "epsdiluted": 2.6, "weightedAverageShsOut": 910000000, "weightedAverageShsOutDil": 911600000, "link": "https://www.sec.gov/Archives/edgar/data/92122/000009212216000126/0000092122-16-000126-index.htm", "finalLink": "https://www.sec.gov/Archives/edgar/data/3153/000009212216000126/so_10-kx12312015.htm", "calculatedOtherExpenses": 3396000000, "calculatedOperatingExpenses": 3396000000, "calculatedNetInterest": -817000000, "calculatedOtherIncome": 164000000, "calculatedIncomeNonControlling": 14000000, "calculatedEbitda": 6316000000}, {"date": "2014-12-31", "symbol": "SOJC", "reportedCurrency": "USD", "cik": "0000092122", "fillingDate": "2015-03-02", "acceptedDate": "2015-03-02 10:52:18", "calendarYear": "2014", "period": "FY", "revenue": 18499000000, "costOfRevenue": 11033000000, "grossProfit": 7466000000, "grossProfitRatio": 0.4035893832, "researchAndDevelopmentExpenses": 0, "generalAndAdministrativeExpenses": 0, "sellingAndMarketingExpenses": 0, "sellingGeneralAndAdministrativeExpenses": 0, "otherExpenses": -62000000, "operatingExpenses": 3793000000, "costAndExpenses": 14826000000, "interestIncome": 19000000, "interestExpense": 840000000, "depreciationAndAmortization": 1939000000, "ebitda": 5569000000, "ebitdaratio": 0.3010432996, "operatingIncome": 3673000000, "operatingIncomeRatio": 0.198551273, "totalOtherIncomeExpensesNet": 183000000, "incomeBeforeTax": 3035000000, "incomeBeforeTaxRatio": 0.1640629223, "incomeTaxExpense": 987000000, "netIncome": 2031000000, "netIncomeRatio": 0.1097897184, "eps": 2.18, "epsdiluted": 2.18, "weightedAverageShsOut": 900458715, "weightedAverageShsOutDil": 908300000, "link": "https://www.sec.gov/Archives/edgar/data/92122/000009212215000015/0000092122-15-000015-index.htm", "finalLink": "https://www.sec.gov/Archives/edgar/data/3153/000009212215000015/so_10-kx12312014.htm", "calculatedOtherExpenses": 3793000000, "calculatedOperatingExpenses": 3793000000, "calculatedNetInterest": -821000000, "calculatedOtherIncome": 183000000, "calculatedIncomeNonControlling": 17000000, "calculatedEbitda": 5612000000}, {"date": "2013-12-31", "symbol": "SOJC", "reportedCurrency": "USD", "cik": "0000092122", "fillingDate": "2014-02-27", "acceptedDate": "2014-02-27 16:36:49", "calendarYear": "2013", "period": "FY", "revenue": 17087000000, "costOfRevenue": 9828000000, "grossProfit": 7259000000, "grossProfitRatio": 0.424825891, "researchAndDevelopmentExpenses": 0, "generalAndAdministrativeExpenses": 0, "sellingAndMarketingExpenses": 0, "sellingGeneralAndAdministrativeExpenses": 0, "otherExpenses": -76000000, "operatingExpenses": 4015000000, "costAndExpenses": 13843000000, "interestIncome": 19000000, "interestExpense": 824000000, "depreciationAndAmortization": 1901000000, "ebitda": 5088000000, "ebitdaratio": 0.2977702347, "operatingIncome": 3255000000, "operatingIncomeRatio": 0.1904956985, "totalOtherIncomeExpensesNet": 120000000, "incomeBeforeTax": 2559000000, "incomeBeforeTaxRatio": 0.1497629777, "incomeTaxExpense": 849000000, "netIncome": 1710000000, "netIncomeRatio": 0.1000760812, "eps": 1.85, "epsdiluted": 1.85, "weightedAverageShsOut": 879144385, "weightedAverageShsOutDil": 887300000, "link": "https://www.sec.gov/Archives/edgar/data/92122/000009212214000012/0000092122-14-000012-index.htm", "finalLink": "https://www.sec.gov/Archives/edgar/data/3153/000009212214000012/so_10-kx12312013.htm", "calculatedOtherExpenses": 4004000000, "calculatedOperatingExpenses": 4004000000, "calculatedNetInterest": -805000000, "calculatedOtherIncome": 109000000, "calculatedIncomeNonControlling": 0, "calculatedEbitda": 5156000000}, {"date": "2012-12-31", "symbol": "SOJC", "reportedCurrency": "USD", "cik": "0000092122", "fillingDate": "2013-02-28", "acceptedDate": "2013-02-27 18:33:23", "calendarYear": "2012", "period": "FY", "revenue": 16537000000, "costOfRevenue": 9392000000, "grossProfit": 7145000000, "grossProfitRatio": 0.432061438, "researchAndDevelopmentExpenses": 0, "generalAndAdministrativeExpenses": 0, "sellingAndMarketingExpenses": 0, "sellingGeneralAndAdministrativeExpenses": 0, "otherExpenses": -38000000, "operatingExpenses": 2701000000, "costAndExpenses": 12093000000, "interestIncome": 40000000, "interestExpense": 859000000, "depreciationAndAmortization": 1787000000, "ebitda": 6233000000, "ebitdaratio": 0.3769123783, "operatingIncome": 4463000000, "operatingIncomeRatio": 0.2698796638, "totalOtherIncomeExpensesNet": 124000000, "incomeBeforeTax": 3749000000, "incomeBeforeTaxRatio": 0.2267037552, "incomeTaxExpense": 1334000000, "netIncome": 2415000000, "netIncomeRatio": 0.1460361613, "eps": 2.71, "epsdiluted": 2.71, "weightedAverageShsOut": 868000000, "weightedAverageShsOutDil": 868000000, "link": "https://www.sec.gov/Archives/edgar/data/92122/000009212213000014/0000092122-13-000014-index.htm", "finalLink": "https://www.sec.gov/Archives/edgar/data/3153/000009212213000014/so_10-kx12312012.htm", "calculatedOtherExpenses": 2682000000, "calculatedOperatingExpenses": 2682000000, "calculatedNetInterest": -819000000, "calculatedOtherIncome": 105000000, "calculatedIncomeNonControlling": 0, "calculatedEbitda": 6250000000}, {"date": "2011-12-31", "symbol": "SOJC", "reportedCurrency": "USD", "cik": "0000092122", "fillingDate": "2012-02-24", "acceptedDate": "2012-02-24 16:40:28", "calendarYear": "2011", "period": "FY", "revenue": 17657000000, "costOfRevenue": 10808000000, "grossProfit": 6849000000, "grossProfitRatio": 0.3878914878, "researchAndDevelopmentExpenses": 0, "generalAndAdministrativeExpenses": 0, "sellingAndMarketingExpenses": 0, "sellingGeneralAndAdministrativeExpenses": 0, "otherExpenses": 6556000000, "operatingExpenses": 2618000000, "costAndExpenses": 13426000000, "interestIncome": 21000000, "interestExpense": 857000000, "depreciationAndAmortization": 1717000000, "ebitda": 5948000000, "ebitdaratio": 0.3368635669, "operatingIncome": 4231000000, "operatingIncomeRatio": 0.2396216798, "totalOtherIncomeExpensesNet": 113000000, "incomeBeforeTax": 3487000000, "incomeBeforeTaxRatio": 0.1974854165, "incomeTaxExpense": 1219000000, "netIncome": 2268000000, "netIncomeRatio": 0.1284476412, "eps": 2.57, "epsdiluted": 2.57, "weightedAverageShsOut": 857000000, "weightedAverageShsOutDil": 857000000, "link": "https://www.sec.gov/Archives/edgar/data/92122/000009212212000016/0000092122-12-000016-index.htm", "finalLink": "https://www.sec.gov/Archives/edgar/data/3153/000009212212000016/form10-k2011.htm", "calculatedOtherExpenses": 2618000000, "calculatedOperatingExpenses": 2618000000, "calculatedNetInterest": -836000000, "calculatedOtherIncome": 92000000, "calculatedIncomeNonControlling": 0, "calculatedEbitda": 5948000000}, {"date": "2010-12-31", "symbol": "SOJC", "reportedCurrency": "USD", "cik": "0000092122", "fillingDate": "2011-02-25", "acceptedDate": "2011-02-25 15:19:39", "calendarYear": "2010", "period": "FY", "revenue": 17456000000, "costOfRevenue": 11272000000, "grossProfit": 6184000000, "grossProfitRatio": 0.3542621448, "researchAndDevelopmentExpenses": 0, "generalAndAdministrativeExpenses": 0, "sellingAndMarketingExpenses": 0, "sellingGeneralAndAdministrativeExpenses": 0, "otherExpenses": 6392000000, "operatingExpenses": 2382000000, "costAndExpenses": 13654000000, "interestIncome": 24000000, "interestExpense": 895000000, "depreciationAndAmortization": 1513000000, "ebitda": 5315000000, "ebitdaratio": 0.304479835, "operatingIncome": 3802000000, "operatingIncomeRatio": 0.2178047663, "totalOtherIncomeExpensesNet": 159000000, "incomeBeforeTax": 3066000000, "incomeBeforeTaxRatio": 0.1756416132, "incomeTaxExpense": 1026000000, "netIncome": 2040000000, "netIncomeRatio": 0.1168652612, "eps": 2.37, "epsdiluted": 2.37, "weightedAverageShsOut": 833333333, "weightedAverageShsOutDil": 833333333, "link": "https://www.sec.gov/Archives/edgar/data/92122/000009212211000013/0000092122-11-000013-index.htm", "finalLink": "https://www.sec.gov/Archives/edgar/data/3153/000009212211000013/g24641xxe10vk.htm", "calculatedOtherExpenses": 2382000000, "calculatedOperatingExpenses": 2382000000, "calculatedNetInterest": -871000000, "calculatedOtherIncome": 135000000, "calculatedIncomeNonControlling": 0, "calculatedEbitda": 5315000000}, {"date": "2009-12-31", "symbol": "SOJC", "reportedCurrency": "USD", "cik": "0000092122", "fillingDate": "2010-02-25", "acceptedDate": "2010-02-25 16:38:34", "calendarYear": "2009", "period": "FY", "revenue": 15743000000, "costOfRevenue": 9943000000, "grossProfit": 5800000000, "grossProfitRatio": 0.3684177095, "researchAndDevelopmentExpenses": 0, "generalAndAdministrativeExpenses": 202000000, "sellingAndMarketingExpenses": 0, "sellingGeneralAndAdministrativeExpenses": 202000000, "otherExpenses": 5847000000, "operatingExpenses": 2326000000, "costAndExpenses": 12269000000, "interestIncome": 23000000, "interestExpense": 905000000, "depreciationAndAmortization": 1508000000, "ebitda": 4982000000, "ebitdaratio": 0.3164581084, "operatingIncome": 3268000000, "operatingIncomeRatio": 0.2075843232, "totalOtherIncomeExpensesNet": 39000000, "incomeBeforeTax": 2608000000, "incomeBeforeTaxRatio": 0.1656609287, "incomeTaxExpense": 898000000, "netIncome": 1708000000, "netIncomeRatio": 0.1084926634, "eps": 2.07, "epsdiluted": 2.07, "weightedAverageShsOut": 795000000, "weightedAverageShsOutDil": 795000000, "link": "https://www.sec.gov/Archives/edgar/data/92122/000009212210000009/0000092122-10-000009-index.htm", "finalLink": "https://www.sec.gov/Archives/edgar/data/3153/000009212210000009/g21794e10vk.htm", "calculatedOtherExpenses": 2330000000, "calculatedOperatingExpenses": 2532000000, "calculatedNetInterest": -882000000, "calculatedOtherIncome": 222000000, "calculatedIncomeNonControlling": 2000000, "calculatedEbitda": 4776000000}, {"date": "2008-12-31", "symbol": "SOJC", "reportedCurrency": "USD", "cik": "0000092122", "fillingDate": "2009-02-25", "acceptedDate": "2009-02-25 13:54:36", "calendarYear": "2008", "period": "FY", "revenue": 17127000000, "costOfRevenue": 7633000000, "grossProfit": 9494000000, "grossProfitRatio": 0.5543294214, "researchAndDevelopmentExpenses": 0, "generalAndAdministrativeExpenses": 0, "sellingAndMarketingExpenses": 0, "sellingGeneralAndAdministrativeExpenses": 0, "otherExpenses": 5988000000, "operatingExpenses": 5988000000, "costAndExpenses": 13621000000, "interestIncome": 33000000, "interestExpense": 866000000, "depreciationAndAmortization": 1704000000, "ebitda": 5243000000, "ebitdaratio": 0.3061248321, "operatingIncome": 3506000000, "operatingIncomeRatio": 0.2047060197, "totalOtherIncomeExpensesNet": -16000000, "incomeBeforeTax": 2657000000, "incomeBeforeTaxRatio": 0.1551351667, "incomeTaxExpense": 915000000, "netIncome": 1807000000, "netIncomeRatio": 0.1055059263, "eps": 2.26, "epsdiluted": 2.25, "weightedAverageShsOut": 771000000, "weightedAverageShsOutDil": 775000000, "link": "https://www.sec.gov/Archives/edgar/data/92122/000009212209000011/0000092122-09-000011-index.htm", "finalLink": "https://www.sec.gov/Archives/edgar/data/3153/000009212209000011/so10k123108.htm", "calculatedOtherExpenses": 5988000000, "calculatedOperatingExpenses": 5988000000, "calculatedNetInterest": -833000000, "calculatedOtherIncome": -16000000, "calculatedIncomeNonControlling": -65000000, "calculatedEbitda": 5210000000}, {"date": "2007-12-31", "symbol": "SOJC", "reportedCurrency": "USD", "cik": "0000092122", "fillingDate": "2008-02-25", "acceptedDate": "2008-02-25 12:28:45", "calendarYear": "2007", "period": "FY", "revenue": 15353000000, "costOfRevenue": 6371000000, "grossProfit": 8982000000, "grossProfitRatio": 0.5850322413, "researchAndDevelopmentExpenses": 0, "generalAndAdministrativeExpenses": 0, "sellingAndMarketingExpenses": 0, "sellingGeneralAndAdministrativeExpenses": 0, "otherExpenses": 5656000000, "operatingExpenses": 5656000000, "costAndExpenses": 12027000000, "interestIncome": 45000000, "interestExpense": 886000000, "depreciationAndAmortization": 1486000000, "ebitda": 4857000000, "ebitdaratio": 0.3163551098, "operatingIncome": 3326000000, "operatingIncomeRatio": 0.2166351853, "totalOtherIncomeExpensesNet": 84000000, "incomeBeforeTax": 2569000000, "incomeBeforeTaxRatio": 0.1673288608, "incomeTaxExpense": 835000000, "netIncome": 1734000000, "netIncomeRatio": 0.112942096, "eps": 2.29, "epsdiluted": 2.28, "weightedAverageShsOut": 756000000, "weightedAverageShsOutDil": 761000000, "link": "https://www.sec.gov/Archives/edgar/data/92122/000009212208000010/0000092122-08-000010-index.htm", "finalLink": "https://www.sec.gov/Archives/edgar/data/3153/000009212208000010/soco10-k1207.htm", "calculatedOtherExpenses": 5656000000, "calculatedOperatingExpenses": 5656000000, "calculatedNetInterest": -841000000, "calculatedOtherIncome": 84000000, "calculatedIncomeNonControlling": 0, "calculatedEbitda": 4812000000}, {"date": "2006-12-31", "symbol": "SOJC", "reportedCurrency": "USD", "cik": "0000092122", "fillingDate": "2007-02-27", "acceptedDate": "2007-02-26 18:11:51", "calendarYear": "2006", "period": "FY", "revenue": 14356000000, "costOfRevenue": 5695000000, "grossProfit": 8661000000, "grossProfitRatio": 0.6033017554, "researchAndDevelopmentExpenses": 0, "generalAndAdministrativeExpenses": 0, "sellingAndMarketingExpenses": 0, "sellingGeneralAndAdministrativeExpenses": 0, "otherExpenses": 5437000000, "operatingExpenses": 5437000000, "costAndExpenses": 11132000000, "interestIncome": 41000000, "interestExpense": 866000000, "depreciationAndAmortization": 1421000000, "ebitda": 4686000000, "ebitdaratio": 0.3264140429, "operatingIncome": 3224000000, "operatingIncomeRatio": 0.2245750906, "totalOtherIncomeExpensesNet": -44000000, "incomeBeforeTax": 2355000000, "incomeBeforeTaxRatio": 0.1640429089, "incomeTaxExpense": 781000000, "netIncome": 1573000000, "netIncomeRatio": 0.1095709111, "eps": 2.12, "epsdiluted": 2.1, "weightedAverageShsOut": 743000000, "weightedAverageShsOutDil": 748000000, "link": "https://www.sec.gov/Archives/edgar/data/92122/000009212207000016/0000092122-07-000016-index.htm", "finalLink": "https://www.sec.gov/Archives/edgar/data/3153/000009212207000016/soco10k.htm", "calculatedOtherExpenses": 5437000000, "calculatedOperatingExpenses": 5437000000, "calculatedNetInterest": -825000000, "calculatedOtherIncome": -44000000, "calculatedIncomeNonControlling": 1000000, "calculatedEbitda": 4645000000}, {"date": "2005-12-31", "symbol": "SOJC", "reportedCurrency": "USD", "cik": "0000092122", "fillingDate": "2006-02-27", "acceptedDate": "2006-02-27 17:30:15", "calendarYear": "2005", "period": "FY", "revenue": 13554000000, "costOfRevenue": 5226000000, "grossProfit": 8328000000, "grossProfitRatio": 0.6144311642, "researchAndDevelopmentExpenses": 0, "generalAndAdministrativeExpenses": 0, "sellingAndMarketingExpenses": 0, "sellingGeneralAndAdministrativeExpenses": 0, "otherExpenses": 5366000000, "operatingExpenses": 5366000000, "costAndExpenses": 10592000000, "interestIncome": 36000000, "interestExpense": 747000000, "depreciationAndAmortization": 1398000000, "ebitda": 4396000000, "ebitdaratio": 0.3243323004, "operatingIncome": 2962000000, "operatingIncomeRatio": 0.2185332743, "totalOtherIncomeExpensesNet": -65000000, "incomeBeforeTax": 2186000000, "incomeBeforeTaxRatio": 0.1612808027, "incomeTaxExpense": 595000000, "netIncome": 1591000000, "netIncomeRatio": 0.1173823226, "eps": 2.14, "epsdiluted": 2.13, "weightedAverageShsOut": 744000000, "weightedAverageShsOutDil": 749000000, "link": "https://www.sec.gov/Archives/edgar/data/92122/000009212206000153/0000092122-06-000153-index.htm", "finalLink": "https://www.sec.gov/Archives/edgar/data/3153/000009212206000153/g99802e10vk.htm", "calculatedOtherExpenses": 5366000000, "calculatedOperatingExpenses": 5366000000, "calculatedNetInterest": -711000000, "calculatedOtherIncome": -65000000, "calculatedIncomeNonControlling": 0, "calculatedEbitda": 4360000000}, {"date": "2004-12-31", "symbol": "SOJC", "reportedCurrency": "USD", "cik": "0000092122", "fillingDate": "2005-03-01", "acceptedDate": "2005-02-28 21:51:12", "calendarYear": "2004", "period": "FY", "revenue": 11902000000, "costOfRevenue": 6466000000, "grossProfit": 5436000000, "grossProfitRatio": 0.4567299614, "researchAndDevelopmentExpenses": 0, "generalAndAdministrativeExpenses": 0, "sellingAndMarketingExpenses": 0, "sellingGeneralAndAdministrativeExpenses": 0, "otherExpenses": 2609000000, "operatingExpenses": 2609000000, "costAndExpenses": 9075000000, "interestIncome": 27000000, "interestExpense": 640000000, "depreciationAndAmortization": 1178000000, "ebitda": 3937000000, "ebitdaratio": 0.3307847421, "operatingIncome": 2827000000, "operatingIncomeRatio": 0.2375231054, "totalOtherIncomeExpensesNet": -95000000, "incomeBeforeTax": 2119000000, "incomeBeforeTaxRatio": 0.1780373047, "incomeTaxExpense": 587000000, "netIncome": 1532000000, "netIncomeRatio": 0.1287178625, "eps": 2.07, "epsdiluted": 2.06, "weightedAverageShsOut": 739000000, "weightedAverageShsOutDil": 743000000, "link": "https://www.sec.gov/Archives/edgar/data/92122/000095014405001905/0000950144-05-001905-index.htm", "finalLink": "https://www.sec.gov/Archives/edgar/data/3153/000095014405001905/southernco10k2004.htm", "calculatedOtherExpenses": 2609000000, "calculatedOperatingExpenses": 2609000000, "calculatedNetInterest": -613000000, "calculatedOtherIncome": -95000000, "calculatedIncomeNonControlling": 0, "calculatedEbitda": 4005000000}, {"date": "2003-12-31", "symbol": "SOJC", "reportedCurrency": "USD", "cik": "0000092122", "fillingDate": "2004-03-01", "acceptedDate": "2004-03-01 11:42:39", "calendarYear": "2003", "period": "FY", "revenue": 11251000000, "costOfRevenue": 5806000000, "grossProfit": 5445000000, "grossProfitRatio": 0.4839569816, "researchAndDevelopmentExpenses": 0, "generalAndAdministrativeExpenses": 0, "sellingAndMarketingExpenses": 0, "sellingGeneralAndAdministrativeExpenses": 0, "otherExpenses": 2550000000, "operatingExpenses": 2550000000, "costAndExpenses": 8356000000, "interestIncome": 36000000, "interestExpense": 527000000, "depreciationAndAmortization": 1163000000, "ebitda": 3910000000, "ebitdaratio": 0.3475246645, "operatingIncome": 2895000000, "operatingIncomeRatio": 0.2573104613, "totalOtherIncomeExpensesNet": -318000000, "incomeBeforeTax": 2086000000, "incomeBeforeTaxRatio": 0.1854057417, "incomeTaxExpense": 612000000, "netIncome": 1474000000, "netIncomeRatio": 0.1310105768, "eps": 2.03, "epsdiluted": 2.02, "weightedAverageShsOut": 727000000, "weightedAverageShsOutDil": 732000000, "link": "https://www.sec.gov/Archives/edgar/data/92122/000009212204000119/0000092122-04-000119-index.htm", "finalLink": "https://www.sec.gov/Archives/edgar/data/3153/000009212204000119/form10k2003.txt", "calculatedOtherExpenses": 2550000000, "calculatedOperatingExpenses": 2550000000, "calculatedNetInterest": -491000000, "calculatedOtherIncome": -318000000, "calculatedIncomeNonControlling": 0, "calculatedEbitda": 4058000000}, {"date": "2002-12-31", "symbol": "SOJC", "reportedCurrency": "USD", "cik": "0000092122", "fillingDate": "2003-03-10", "acceptedDate": "2003-03-10 11:53:27", "calendarYear": "2002", "period": "FY", "revenue": 10549000000, "costOfRevenue": 5403000000, "grossProfit": 5146000000, "grossProfitRatio": 0.4878187506, "researchAndDevelopmentExpenses": 0, "generalAndAdministrativeExpenses": 0, "sellingAndMarketingExpenses": 0, "sellingGeneralAndAdministrativeExpenses": 0, "otherExpenses": 2565000000, "operatingExpenses": 2565000000, "costAndExpenses": 7968000000, "interestIncome": 22000000, "interestExpense": 492000000, "depreciationAndAmortization": 1158000000, "ebitda": 3670000000, "ebitdaratio": 0.3479002749, "operatingIncome": 2581000000, "operatingIncomeRatio": 0.244667741, "totalOtherIncomeExpensesNet": -265000000, "incomeBeforeTax": 1846000000, "incomeBeforeTaxRatio": 0.1749928903, "incomeTaxExpense": 528000000, "netIncome": 1318000000, "netIncomeRatio": 0.1249407527, "eps": 1.86, "epsdiluted": 1.85, "weightedAverageShsOut": 708000000, "weightedAverageShsOutDil": 714000000, "link": "https://www.sec.gov/Archives/edgar/data/92122/000009212203000074/0000092122-03-000074-index.htm", "finalLink": "https://www.sec.gov/Archives/edgar/data/3153/000009212203000074/form10k2002.txt", "calculatedOtherExpenses": 2565000000, "calculatedOperatingExpenses": 2565000000, "calculatedNetInterest": -470000000, "calculatedOtherIncome": -265000000, "calculatedIncomeNonControlling": 0, "calculatedEbitda": 3739000000}, {"date": "2001-12-31", "symbol": "SOJC", "reportedCurrency": "USD", "cik": "0000092122", "fillingDate": "2002-03-25", "acceptedDate": "2002-03-25 00:00:00", "calendarYear": "2001", "period": "FY", "revenue": 10155000000, "costOfRevenue": 5147000000, "grossProfit": 5008000000, "grossProfitRatio": 0.4931560807, "researchAndDevelopmentExpenses": 0, "generalAndAdministrativeExpenses": 0, "sellingAndMarketingExpenses": 0, "sellingGeneralAndAdministrativeExpenses": 0, "otherExpenses": 2617000000, "operatingExpenses": 2617000000, "costAndExpenses": 7764000000, "interestIncome": 27000000, "interestExpense": 557000000, "depreciationAndAmortization": 1358000000, "ebitda": 3776000000, "ebitdaratio": 0.3718365337, "operatingIncome": 2391000000, "operatingIncomeRatio": 0.235450517, "totalOtherIncomeExpensesNet": -184000000, "incomeBeforeTax": 1677000000, "incomeBeforeTaxRatio": 0.165140325, "incomeTaxExpense": 558000000, "netIncome": 1262000000, "netIncomeRatio": 0.1242737568, "eps": 1.83, "epsdiluted": 1.82, "weightedAverageShsOut": 689000000, "weightedAverageShsOutDil": 694000000, "link": "https://www.sec.gov/Archives/edgar/data/92122/000009212202000045/0000092122-02-000045-index.htm", "finalLink": "https://www.sec.gov/Archives/edgar/data/3153/000009212202000045/form10k.txt", "calculatedOtherExpenses": 2617000000, "calculatedOperatingExpenses": 2617000000, "calculatedNetInterest": -530000000, "calculatedOtherIncome": -184000000, "calculatedIncomeNonControlling": -143000000, "calculatedEbitda": 3749000000}, {"date": "2000-12-31", "symbol": "SOJC", "reportedCurrency": "USD", "cik": "0000092122", "fillingDate": "2001-03-29", "acceptedDate": "2001-03-29 00:00:00", "calendarYear": "2000", "period": "FY", "revenue": 10066000000, "costOfRevenue": 5103000000, "grossProfit": 4963000000, "grossProfitRatio": 0.4930458971, "researchAndDevelopmentExpenses": 0, "generalAndAdministrativeExpenses": 0, "sellingAndMarketingExpenses": 0, "sellingGeneralAndAdministrativeExpenses": 0, "otherExpenses": 2559000000, "operatingExpenses": 2559000000, "costAndExpenses": 7662000000, "interestIncome": 51000000, "interestExpense": 659000000, "depreciationAndAmortization": 1337000000, "ebitda": 3792000000, "ebitdaratio": 0.3767136896, "operatingIncome": 2404000000, "operatingIncomeRatio": 0.2388237632, "totalOtherIncomeExpensesNet": -214000000, "incomeBeforeTax": 1582000000, "incomeBeforeTaxRatio": 0.157162726, "incomeTaxExpense": 588000000, "netIncome": 1313000000, "netIncomeRatio": 0.1304391019, "eps": 2.01, "epsdiluted": 2.01, "weightedAverageShsOut": 653000000, "weightedAverageShsOutDil": 654000000, "link": "https://www.sec.gov/Archives/edgar/data/92122/000009212201500065/0000092122-01-500065-index.htm", "finalLink": "https://www.sec.gov/Archives/edgar/data/3153/000009212201500065/year2000_10k.txt", "calculatedOtherExpenses": 2559000000, "calculatedOperatingExpenses": 2559000000, "calculatedNetInterest": -608000000, "calculatedOtherIncome": -214000000, "calculatedIncomeNonControlling": -319000000, "calculatedEbitda": 3741000000}, {"date": "1999-12-31", "symbol": "SOJC", "reportedCurrency": "USD", "cik": "0000092122", "fillingDate": "2000-03-27", "acceptedDate": "2000-03-27 00:00:00", "calendarYear": "1999", "period": "FY", "revenue": 11585000000, "costOfRevenue": 5873000000, "grossProfit": 5712000000, "grossProfitRatio": 0.4930513595, "researchAndDevelopmentExpenses": 0, "generalAndAdministrativeExpenses": 0, "sellingAndMarketingExpenses": 0, "sellingGeneralAndAdministrativeExpenses": 0, "otherExpenses": 2864000000, "operatingExpenses": 2864000000, "costAndExpenses": 8737000000, "interestIncome": 164000000, "interestExpense": 934000000, "depreciationAndAmortization": 1522000000, "ebitda": 4503000000, "ebitdaratio": 0.3886922745, "operatingIncome": 2848000000, "operatingIncomeRatio": 0.2458351316, "totalOtherIncomeExpensesNet": 49000000, "incomeBeforeTax": 2002000000, "incomeBeforeTaxRatio": 0.1728096677, "incomeTaxExpense": 726000000, "netIncome": 1276000000, "netIncomeRatio": 0.1101424256, "eps": 1.86, "epsdiluted": 1.86, "weightedAverageShsOut": 685000000, "weightedAverageShsOutDil": 686000000, "link": "https://www.sec.gov/Archives/edgar/data/92122/000009212200000068/0000092122-00-000068-index.html", "finalLink": "https://www.sec.gov/Archives/edgar/data/3153/000009212200000068/", "calculatedOtherExpenses": 2864000000, "calculatedOperatingExpenses": 2864000000, "calculatedNetInterest": -770000000, "calculatedOtherIncome": -76000000, "calculatedIncomeNonControlling": 0, "calculatedEbitda": 4370000000}, {"date": "1998-12-31", "symbol": "SOJC", "reportedCurrency": "USD", "cik": "0000092122", "fillingDate": "1999-03-26", "acceptedDate": "1999-03-26 00:00:00", "calendarYear": "1998", "period": "FY", "revenue": 11403000000, "costOfRevenue": 5726000000, "grossProfit": 5677000000, "grossProfitRatio": 0.4978514426, "researchAndDevelopmentExpenses": 0, "generalAndAdministrativeExpenses": 0, "sellingAndMarketingExpenses": 0, "sellingGeneralAndAdministrativeExpenses": 0, "otherExpenses": 3025000000, "operatingExpenses": 3025000000, "costAndExpenses": 8751000000, "interestIncome": 243000000, "interestExpense": 888000000, "depreciationAndAmortization": 1773000000, "ebitda": 4726000000, "ebitdaratio": 0.4144523371, "operatingIncome": 2652000000, "operatingIncomeRatio": 0.2325703762, "totalOtherIncomeExpensesNet": -965000000, "incomeBeforeTax": 977000000, "incomeBeforeTaxRatio": 0.0856792072, "incomeTaxExpense": 1011000000, "netIncome": 977000000, "netIncomeRatio": 0.0856792072, "eps": 1.4, "epsdiluted": 1.4, "weightedAverageShsOut": 697000000, "weightedAverageShsOutDil": 697000000, "link": "https://www.sec.gov/Archives/edgar/data/92122/000009212299000040/0000092122-99-000040-index.html", "finalLink": "https://www.sec.gov/Archives/edgar/data/3153/", "calculatedOtherExpenses": 3025000000, "calculatedOperatingExpenses": 3025000000, "calculatedNetInterest": -645000000, "calculatedOtherIncome": -1030000000, "calculatedIncomeNonControlling": -1011000000, "calculatedEbitda": 4425000000}, {"date": "1997-12-31", "symbol": "SOJC", "reportedCurrency": "USD", "cik": "0000092122", "fillingDate": "1998-03-31", "acceptedDate": "1998-03-31 00:00:00", "calendarYear": "1997", "period": "FY", "revenue": 12611000000, "costOfRevenue": 7244000000, "grossProfit": 5367000000, "grossProfitRatio": 0.4255808421, "researchAndDevelopmentExpenses": 0, "generalAndAdministrativeExpenses": 0, "sellingAndMarketingExpenses": 0, "sellingGeneralAndAdministrativeExpenses": 0, "otherExpenses": 2702000000, "operatingExpenses": 2702000000, "costAndExpenses": 9946000000, "interestIncome": 152000000, "interestExpense": 853000000, "depreciationAndAmortization": 1471000000, "ebitda": 4254000000, "ebitdaratio": 0.3373245579, "operatingIncome": 2665000000, "operatingIncomeRatio": 0.2113234478, "totalOtherIncomeExpensesNet": -958000000, "incomeBeforeTax": 972000000, "incomeBeforeTaxRatio": 0.0770755689, "incomeTaxExpense": 853000000, "netIncome": 972000000, "netIncomeRatio": 0.0770755689, "eps": 1.42, "epsdiluted": 1.42, "weightedAverageShsOut": 685000000, "weightedAverageShsOutDil": 685000000, "link": "https://www.sec.gov/Archives/edgar/data/92122/000009212298000058/0000092122-98-000058-index.html", "finalLink": "https://www.sec.gov/Archives/edgar/data/3153/", "calculatedOtherExpenses": 2702000000, "calculatedOperatingExpenses": 2702000000, "calculatedNetInterest": -701000000, "calculatedOtherIncome": -992000000, "calculatedIncomeNonControlling": -853000000, "calculatedEbitda": 4136000000}, {"date": "1996-12-31", "symbol": "SOJC", "reportedCurrency": "USD", "cik": "0000092122", "fillingDate": "1997-03-25", "acceptedDate": "1997-03-25 00:00:00", "calendarYear": "1996", "period": "FY", "revenue": 10358000000, "costOfRevenue": 5208000000, "grossProfit": 5150000000, "grossProfitRatio": 0.4972002317, "researchAndDevelopmentExpenses": 0, "generalAndAdministrativeExpenses": 0, "sellingAndMarketingExpenses": 0, "sellingGeneralAndAdministrativeExpenses": 0, "otherExpenses": 2549000000, "operatingExpenses": 2549000000, "costAndExpenses": 7757000000, "interestIncome": 54000000, "interestExpense": 683000000, "depreciationAndAmortization": 1201000000, "ebitda": 3823000000, "ebitdaratio": 0.3690866963, "operatingIncome": 2601000000, "operatingIncomeRatio": 0.2511102529, "totalOtherIncomeExpensesNet": -812000000, "incomeBeforeTax": 1127000000, "incomeBeforeTaxRatio": 0.1088047886, "incomeTaxExpense": 683000000, "netIncome": 1127000000, "netIncomeRatio": 0.1088047886, "eps": 1.68, "epsdiluted": 1.68, "weightedAverageShsOut": 673000000, "weightedAverageShsOutDil": 673000000, "link": "https://www.sec.gov/Archives/edgar/data/92122/000009212297000016/0000092122-97-000016-index.html", "finalLink": "https://www.sec.gov/Archives/edgar/data/3153/", "calculatedOtherExpenses": 2549000000, "calculatedOperatingExpenses": 2549000000, "calculatedNetInterest": -629000000, "calculatedOtherIncome": -845000000, "calculatedIncomeNonControlling": -683000000, "calculatedEbitda": 3802000000}, {"date": "1995-12-31", "symbol": "SOJC", "reportedCurrency": "USD", "cik": "0000092122", "fillingDate": "1996-03-25", "acceptedDate": "1996-03-25 00:00:00", "calendarYear": "1995", "period": "FY", "revenue": 9180000000, "costOfRevenue": 2617000000, "grossProfit": 6563000000, "grossProfitRatio": 0.7149237473, "researchAndDevelopmentExpenses": 0, "generalAndAdministrativeExpenses": 0, "sellingAndMarketingExpenses": 0, "sellingGeneralAndAdministrativeExpenses": 0, "otherExpenses": 3872000000, "operatingExpenses": 3872000000, "costAndExpenses": 6489000000, "interestIncome": 38000000, "interestExpense": 663000000, "depreciationAndAmortization": 1282000000, "ebitda": 3973000000, "ebitdaratio": 0.432788671, "operatingIncome": 2691000000, "operatingIncomeRatio": 0.2931372549, "totalOtherIncomeExpensesNet": -24000000, "incomeBeforeTax": 1908000000, "incomeBeforeTaxRatio": 0.2078431373, "incomeTaxExpense": 805000000, "netIncome": 1103000000, "netIncomeRatio": 0.1201525054, "eps": 1.66, "epsdiluted": 1.66, "weightedAverageShsOut": 665064000, "weightedAverageShsOutDil": 665064000, "link": "https://www.sec.gov/Archives/edgar/data/92122/000009212296000052/0000092122-96-000052-index.html", "finalLink": "https://www.sec.gov/Archives/edgar/data/3153/", "calculatedOtherExpenses": 3872000000, "calculatedOperatingExpenses": 3872000000, "calculatedNetInterest": -625000000, "calculatedOtherIncome": -158000000, "calculatedIncomeNonControlling": 0, "calculatedEbitda": 3973000000}, {"date": "1994-12-31", "symbol": "SOJC", "reportedCurrency": "USD", "cik": "0000092122", "fillingDate": "1995-03-27", "acceptedDate": "1995-03-27 00:00:00", "calendarYear": "1994", "period": "FY", "revenue": 8297000000, "costOfRevenue": 2335000000, "grossProfit": 5962000000, "grossProfitRatio": 0.7185729782, "researchAndDevelopmentExpenses": 0, "generalAndAdministrativeExpenses": 0, "sellingAndMarketingExpenses": 0, "sellingGeneralAndAdministrativeExpenses": 0, "otherExpenses": 3536000000, "operatingExpenses": 3536000000, "costAndExpenses": 5871000000, "interestIncome": 32000000, "interestExpense": 648000000, "depreciationAndAmortization": 1061000000, "ebitda": 3487000000, "ebitdaratio": 0.4202723876, "operatingIncome": 2426000000, "operatingIncomeRatio": 0.2923948415, "totalOtherIncomeExpensesNet": -11000000, "incomeBeforeTax": 1700000000, "incomeBeforeTaxRatio": 0.2048933349, "incomeTaxExpense": 711000000, "netIncome": 989000000, "netIncomeRatio": 0.1191997107, "eps": 1.52, "epsdiluted": 1.52, "weightedAverageShsOut": 649927000, "weightedAverageShsOutDil": 651040000, "link": "https://www.sec.gov/Archives/edgar/data/92122/000009212295000038/0000092122-95-000038-index.html", "finalLink": "https://www.sec.gov/Archives/edgar/data/3153/", "calculatedOtherExpenses": 3536000000, "calculatedOperatingExpenses": 3536000000, "calculatedNetInterest": -616000000, "calculatedOtherIncome": -110000000, "calculatedIncomeNonControlling": 0, "calculatedEbitda": 3487000000}, {"date": "1993-12-31", "symbol": "SOJC", "reportedCurrency": "USD", "cik": "0000092122", "fillingDate": "1994-03-28", "acceptedDate": "1994-03-28 00:00:00", "calendarYear": "1993", "period": "FY", "revenue": 8489000000, "costOfRevenue": 0, "grossProfit": 8489000000, "grossProfitRatio": 1, "researchAndDevelopmentExpenses": 0, "generalAndAdministrativeExpenses": 0, "sellingAndMarketingExpenses": 0, "sellingGeneralAndAdministrativeExpenses": 0, "otherExpenses": 0, "operatingExpenses": 0, "costAndExpenses": 0, "interestIncome": 0, "interestExpense": 0, "depreciationAndAmortization": 0, "ebitda": 8489000000, "ebitdaratio": 1, "operatingIncome": 8489000000, "operatingIncomeRatio": 1, "totalOtherIncomeExpensesNet": 0, "incomeBeforeTax": 0, "incomeBeforeTaxRatio": 0, "incomeTaxExpense": -1002000000, "netIncome": 1002000000, "netIncomeRatio": 0.1180351043, "eps": 1.57, "epsdiluted": 1.57, "weightedAverageShsOut": 638216561, "weightedAverageShsOutDil": 638216561, "link": "https://www.sec.gov/Archives/edgar/data/92122/000095014494000714/0000950144-94-000714-index.html", "finalLink": "https://www.sec.gov/Archives/edgar/data/3153/", "calculatedOtherExpenses": 0, "calculatedOperatingExpenses": 0, "calculatedNetInterest": 0, "calculatedOtherIncome": -8489000000, "calculatedIncomeNonControlling": 0, "calculatedEbitda": 8489000000}, {"date": "1992-12-31", "symbol": "SOJC", "reportedCurrency": "USD", "cik": "0000092122", "fillingDate": "1992-12-31", "acceptedDate": "1992-12-30 19:00:00", "calendarYear": "1992", "period": "FY", "revenue": 8073000000, "costOfRevenue": 0, "grossProfit": 8073000000, "grossProfitRatio": 1, "researchAndDevelopmentExpenses": 0, "generalAndAdministrativeExpenses": 0, "sellingAndMarketingExpenses": 0, "sellingGeneralAndAdministrativeExpenses": 0, "otherExpenses": 0, "operatingExpenses": 0, "costAndExpenses": 0, "interestIncome": 0, "interestExpense": 0, "depreciationAndAmortization": 0, "ebitda": 8073000000, "ebitdaratio": 1, "operatingIncome": 8073000000, "operatingIncomeRatio": 1, "totalOtherIncomeExpensesNet": 0, "incomeBeforeTax": 0, "incomeBeforeTaxRatio": 0, "incomeTaxExpense": -953000000, "netIncome": 953000000, "netIncomeRatio": 0.1180478137, "eps": 1.51, "epsdiluted": 1.51, "weightedAverageShsOut": 562251656, "weightedAverageShsOutDil": 562251656, "link": "", "finalLink": "", "calculatedOtherExpenses": 0, "calculatedOperatingExpenses": 0, "calculatedNetInterest": 0, "calculatedOtherIncome": -8073000000, "calculatedIncomeNonControlling": 0, "calculatedEbitda": 8073000000}, {"date": "1991-12-31", "symbol": "SOJC", "reportedCurrency": "USD", "cik": "0000092122", "fillingDate": "1991-12-31", "acceptedDate": "1991-12-30 19:00:00", "calendarYear": "1991", "period": "FY", "revenue": 8050000000, "costOfRevenue": 0, "grossProfit": 8050000000, "grossProfitRatio": 1, "researchAndDevelopmentExpenses": 0, "generalAndAdministrativeExpenses": 0, "sellingAndMarketingExpenses": 0, "sellingGeneralAndAdministrativeExpenses": 0, "otherExpenses": 0, "operatingExpenses": 0, "costAndExpenses": 0, "interestIncome": 0, "interestExpense": 0, "depreciationAndAmortization": 0, "ebitda": 8050000000, "ebitdaratio": 1, "operatingIncome": 8050000000, "operatingIncomeRatio": 1, "totalOtherIncomeExpensesNet": 0, "incomeBeforeTax": 0, "incomeBeforeTaxRatio": 0, "incomeTaxExpense": -876000000, "netIncome": 876000000, "netIncomeRatio": 0.1088198758, "eps": 1.39, "epsdiluted": 1.39, "weightedAverageShsOut": 552517986, "weightedAverageShsOutDil": 552517986, "link": "", "finalLink": "", "calculatedOtherExpenses": 0, "calculatedOperatingExpenses": 0, "calculatedNetInterest": 0, "calculatedOtherIncome": -8050000000, "calculatedIncomeNonControlling": 0, "calculatedEbitda": 8050000000}, {"date": "1990-12-31", "symbol": "SOJC", "reportedCurrency": "USD", "cik": "0000092122", "fillingDate": "1990-12-31", "acceptedDate": "1990-12-30 19:00:00", "calendarYear": "1990", "period": "FY", "revenue": 7975000000, "costOfRevenue": 0, "grossProfit": 7975000000, "grossProfitRatio": 1, "researchAndDevelopmentExpenses": 0, "generalAndAdministrativeExpenses": 0, "sellingAndMarketingExpenses": 0, "sellingGeneralAndAdministrativeExpenses": 0, "otherExpenses": 0, "operatingExpenses": 0, "costAndExpenses": 0, "interestIncome": 0, "interestExpense": 0, "depreciationAndAmortization": 0, "ebitda": 7975000000, "ebitdaratio": 1, "operatingIncome": 7975000000, "operatingIncomeRatio": 1, "totalOtherIncomeExpensesNet": 0, "incomeBeforeTax": 0, "incomeBeforeTaxRatio": 0, "incomeTaxExpense": -603500000, "netIncome": 603500000, "netIncomeRatio": 0.0756739812, "eps": 0.96, "epsdiluted": 0.96, "weightedAverageShsOut": 508854167, "weightedAverageShsOutDil": 508854167, "link": "", "finalLink": "", "calculatedOtherExpenses": 0, "calculatedOperatingExpenses": 0, "calculatedNetInterest": 0, "calculatedOtherIncome": -7975000000, "calculatedIncomeNonControlling": 0, "calculatedEbitda": 7975000000}, {"date": "1989-12-31", "symbol": "SOJC", "reportedCurrency": "USD", "cik": "0000092122", "fillingDate": "1989-12-31", "acceptedDate": "1989-12-30 19:00:00", "calendarYear": "1989", "period": "FY", "revenue": 7492000000, "costOfRevenue": 0, "grossProfit": 7492000000, "grossProfitRatio": 1, "researchAndDevelopmentExpenses": 0, "generalAndAdministrativeExpenses": 0, "sellingAndMarketingExpenses": 0, "sellingGeneralAndAdministrativeExpenses": 0, "otherExpenses": 0, "operatingExpenses": 0, "costAndExpenses": 0, "interestIncome": 0, "interestExpense": 0, "depreciationAndAmortization": 0, "ebitda": 7492000000, "ebitdaratio": 1, "operatingIncome": 7492000000, "operatingIncomeRatio": 1, "totalOtherIncomeExpensesNet": 0, "incomeBeforeTax": 0, "incomeBeforeTaxRatio": 0, "incomeTaxExpense": -846000000, "netIncome": 846000000, "netIncomeRatio": 0.1129204485, "eps": 1.34, "epsdiluted": 1.34, "weightedAverageShsOut": 539552239, "weightedAverageShsOutDil": 539552239, "link": "", "finalLink": "", "calculatedOtherExpenses": 0, "calculatedOperatingExpenses": 0, "calculatedNetInterest": 0, "calculatedOtherIncome": -7492000000, "calculatedIncomeNonControlling": 0, "calculatedEbitda": 7492000000}, {"date": "1988-12-31", "symbol": "SOJC", "reportedCurrency": "USD", "cik": "0000092122", "fillingDate": "1988-12-31", "acceptedDate": "1988-12-30 19:00:00", "calendarYear": "1988", "period": "FY", "revenue": 7235000000, "costOfRevenue": 0, "grossProfit": 7235000000, "grossProfitRatio": 1, "researchAndDevelopmentExpenses": 0, "generalAndAdministrativeExpenses": 0, "sellingAndMarketingExpenses": 0, "sellingGeneralAndAdministrativeExpenses": 0, "otherExpenses": 0, "operatingExpenses": 0, "costAndExpenses": 0, "interestIncome": 0, "interestExpense": 0, "depreciationAndAmortization": 0, "ebitda": 7235000000, "ebitdaratio": 1, "operatingIncome": 7235000000, "operatingIncomeRatio": 1, "totalOtherIncomeExpensesNet": 0, "incomeBeforeTax": 0, "incomeBeforeTaxRatio": 0, "incomeTaxExpense": -846000000, "netIncome": 846000000, "netIncomeRatio": 0.1169315826, "eps": 1.36, "epsdiluted": 1.36, "weightedAverageShsOut": 622058824, "weightedAverageShsOutDil": 622058824, "link": "", "finalLink": "", "calculatedOtherExpenses": 0, "calculatedOperatingExpenses": 0, "calculatedNetInterest": 0, "calculatedOtherIncome": -7235000000, "calculatedIncomeNonControlling": 0, "calculatedEbitda": 7235000000}, {"date": "1987-12-31", "symbol": "SOJC", "reportedCurrency": "USD", "cik": "0000092122", "fillingDate": "1987-12-31", "acceptedDate": "1987-12-30 19:00:00", "calendarYear": "1987", "period": "FY", "revenue": 7010400000, "costOfRevenue": 0, "grossProfit": 7010400000, "grossProfitRatio": 1, "researchAndDevelopmentExpenses": 0, "generalAndAdministrativeExpenses": 0, "sellingAndMarketingExpenses": 0, "sellingGeneralAndAdministrativeExpenses": 0, "otherExpenses": 0, "operatingExpenses": 0, "costAndExpenses": 0, "interestIncome": 0, "interestExpense": 0, "depreciationAndAmortization": 0, "ebitda": 7010400000, "ebitdaratio": 1, "operatingIncome": 7010400000, "operatingIncomeRatio": 1, "totalOtherIncomeExpensesNet": 0, "incomeBeforeTax": 0, "incomeBeforeTaxRatio": 0, "incomeTaxExpense": -554400000, "netIncome": 554400000, "netIncomeRatio": 0.079082506, "eps": 0.96, "epsdiluted": 0.96, "weightedAverageShsOut": 577500000, "weightedAverageShsOutDil": 577500000, "link": "", "finalLink": "", "calculatedOtherExpenses": 0, "calculatedOperatingExpenses": 0, "calculatedNetInterest": 0, "calculatedOtherIncome": -7010400000, "calculatedIncomeNonControlling": 0, "calculatedEbitda": 7010400000}, {"date": "1986-12-31", "symbol": "SOJC", "reportedCurrency": "USD", "cik": "0000092122", "fillingDate": "1986-12-31", "acceptedDate": "1986-12-30 19:00:00", "calendarYear": "1986", "period": "FY", "revenue": 6846600000, "costOfRevenue": 0, "grossProfit": 6846600000, "grossProfitRatio": 1, "researchAndDevelopmentExpenses": 0, "generalAndAdministrativeExpenses": 0, "sellingAndMarketingExpenses": 0, "sellingGeneralAndAdministrativeExpenses": 0, "otherExpenses": 0, "operatingExpenses": 0, "costAndExpenses": 0, "interestIncome": 0, "interestExpense": 0, "depreciationAndAmortization": 0, "ebitda": 6846600000, "ebitdaratio": 1, "operatingIncome": 6846600000, "operatingIncomeRatio": 1, "totalOtherIncomeExpensesNet": 0, "incomeBeforeTax": 0, "incomeBeforeTaxRatio": 0, "incomeTaxExpense": -883000000, "netIncome": 883000000, "netIncomeRatio": 0.1289691234, "eps": 1.59, "epsdiluted": 1.59, "weightedAverageShsOut": 478490566, "weightedAverageShsOutDil": 478490566, "link": "", "finalLink": "", "calculatedOtherExpenses": 0, "calculatedOperatingExpenses": 0, "calculatedNetInterest": 0, "calculatedOtherIncome": -6846600000, "calculatedIncomeNonControlling": 0, "calculatedEbitda": 6846600000}, {"date": "1985-12-31", "symbol": "SOJC", "reportedCurrency": "USD", "cik": "0000092122", "fillingDate": "1985-12-31", "acceptedDate": "1985-12-30 19:00:00", "calendarYear": "1985", "period": "FY", "revenue": 6813900000, "costOfRevenue": 0, "grossProfit": 6813900000, "grossProfitRatio": 1, "researchAndDevelopmentExpenses": 0, "generalAndAdministrativeExpenses": 0, "sellingAndMarketingExpenses": 0, "sellingGeneralAndAdministrativeExpenses": 0, "otherExpenses": 0, "operatingExpenses": 0, "costAndExpenses": 0, "interestIncome": 0, "interestExpense": 0, "depreciationAndAmortization": 0, "ebitda": 6813900000, "ebitdaratio": 1, "operatingIncome": 6813900000, "operatingIncomeRatio": 1, "totalOtherIncomeExpensesNet": 0, "incomeBeforeTax": 0, "incomeBeforeTaxRatio": 0, "incomeTaxExpense": -829600000, "netIncome": 829600000, "netIncomeRatio": 0.1217511264, "eps": 1.6, "epsdiluted": 1.6, "weightedAverageShsOut": 440187500, "weightedAverageShsOutDil": 440187500, "link": "", "finalLink": "", "calculatedOtherExpenses": 0, "calculatedOperatingExpenses": 0, "calculatedNetInterest": 0, "calculatedOtherIncome": -6813900000, "calculatedIncomeNonControlling": 0, "calculatedEbitda": 6813900000}]}