{"originalCurrency": "USD", "convertedCurrency": "USD", "report": [{"date": "2023-12-31", "symbol": "SON", "reportedCurrency": "USD", "cik": "0000091767", "fillingDate": "2024-02-28", "acceptedDate": "2024-02-28 14:20:41", "calendarYear": "2023", "period": "FY", "revenue": 6781292000, "costOfRevenue": 5345638000, "grossProfit": 1435654000, "grossProfitRatio": 0.2117080344, "researchAndDevelopmentExpenses": 29300000, "generalAndAdministrativeExpenses": 756172000, "sellingAndMarketingExpenses": -14312000, "sellingGeneralAndAdministrativeExpenses": 741860000, "otherExpenses": 39657000, "operatingExpenses": 741860000, "costAndExpenses": 6087498000, "interestIncome": 10383000, "interestExpense": 126303000, "depreciationAndAmortization": 340988000, "ebitda": 1034781999, "ebitdaratio": 0.1525936354, "operatingIncome": 693794000, "operatingIncomeRatio": 0.1023100023, "totalOtherIncomeExpensesNet": -78962000, "incomeBeforeTax": 614832000, "incomeBeforeTaxRatio": 0.0906659085, "incomeTaxExpense": 149278000, "netIncome": 474959000, "netIncomeRatio": 0.0700396031, "eps": 4.83, "epsdiluted": 4.8, "weightedAverageShsOut": 98294000, "weightedAverageShsOutDil": 98890000, "link": "https://www.sec.gov/Archives/edgar/data/91767/000009176724000012/0000091767-24-000012-index.htm", "finalLink": "https://www.sec.gov/Archives/edgar/data/91767/000009176724000012/son-20231231.htm", "calculatedOtherExpenses": -29300000, "calculatedOperatingExpenses": 741860000, "calculatedNetInterest": -115920000, "calculatedOtherIncome": 36958000, "calculatedIncomeNonControlling": -9405000, "calculatedEbitda": 1034782000}, {"date": "2022-12-31", "symbol": "SON", "reportedCurrency": "USD", "cik": "0000091767", "fillingDate": "2023-02-28", "acceptedDate": "2023-02-28 15:32:21", "calendarYear": "2022", "period": "FY", "revenue": 7250552000, "costOfRevenue": 5810903000, "grossProfit": 1439649000, "grossProfitRatio": 0.1985571581, "researchAndDevelopmentExpenses": 28700000, "generalAndAdministrativeExpenses": 714416000, "sellingAndMarketingExpenses": -7073000, "sellingGeneralAndAdministrativeExpenses": 707343000, "otherExpenses": -7073000, "operatingExpenses": 707343000, "costAndExpenses": 6518246000, "interestIncome": 4621000, "interestExpense": 97041000, "depreciationAndAmortization": 358661000, "ebitda": 1034057000, "ebitdaratio": 0.1426176931, "operatingIncome": 675396000, "operatingIncomeRatio": 0.0931509766, "totalOtherIncomeExpensesNet": -104114000, "incomeBeforeTax": 571282000, "incomeBeforeTaxRatio": 0.0787915182, "incomeTaxExpense": 118509000, "netIncome": 466437000, "netIncomeRatio": 0.0643312399, "eps": 4.76, "epsdiluted": 4.72, "weightedAverageShsOut": 97991000, "weightedAverageShsOutDil": 98732000, "link": "https://www.sec.gov/Archives/edgar/data/91767/000009176723000008/0000091767-23-000008-index.htm", "finalLink": "https://www.sec.gov/Archives/edgar/data/91767/000009176723000008/son-20221231.htm", "calculatedOtherExpenses": 28210000, "calculatedOperatingExpenses": 764253000, "calculatedNetInterest": -92420000, "calculatedOtherIncome": -11694000, "calculatedIncomeNonControlling": -13664000, "calculatedEbitda": 1034057000}, {"date": "2021-12-31", "symbol": "SON", "reportedCurrency": "USD", "cik": "0000091767", "fillingDate": "2022-02-28", "acceptedDate": "2022-02-28 11:50:12", "calendarYear": "2021", "period": "FY", "revenue": 5590438000, "costOfRevenue": 4528528000, "grossProfit": 1061910000, "grossProfitRatio": 0.1899511273, "researchAndDevelopmentExpenses": 24100000, "generalAndAdministrativeExpenses": 1126596000, "sellingAndMarketingExpenses": -568416000, "sellingGeneralAndAdministrativeExpenses": 558180000, "otherExpenses": -568416000, "operatingExpenses": 558180000, "costAndExpenses": 5086708000, "interestIncome": 4756000, "interestExpense": 59235000, "depreciationAndAmortization": 239086000, "ebitda": 174400000, "ebitdaratio": 0.0311961245, "operatingIncome": -64686000, "operatingIncomeRatio": -0.0115708286, "totalOtherIncomeExpensesNet": -96296000, "incomeBeforeTax": -160982000, "incomeBeforeTaxRatio": -0.0287959548, "incomeTaxExpense": -67430000, "netIncome": -93552000, "netIncomeRatio": -0.0167342881, "eps": -0.94, "epsdiluted": -0.94, "weightedAverageShsOut": 99608000, "weightedAverageShsOutDil": 99608000, "link": "https://www.sec.gov/Archives/edgar/data/91767/000009176722000014/0000091767-22-000014-index.htm", "finalLink": "https://www.sec.gov/Archives/edgar/data/91767/000009176722000014/son-20211231.htm", "calculatedOtherExpenses": 544316000, "calculatedOperatingExpenses": 1126596000, "calculatedNetInterest": -54479000, "calculatedOtherIncome": -41817000, "calculatedIncomeNonControlling": 0, "calculatedEbitda": 174400000}, {"date": "2020-12-31", "symbol": "SON", "reportedCurrency": "USD", "cik": "0000091767", "fillingDate": "2021-02-26", "acceptedDate": "2021-02-26 12:23:19", "calendarYear": "2020", "period": "FY", "revenue": 5237443000, "costOfRevenue": 4191104000, "grossProfit": 1046339000, "grossProfitRatio": 0.1997805036, "researchAndDevelopmentExpenses": 22000000, "generalAndAdministrativeExpenses": 558581000, "sellingAndMarketingExpenses": -30142000, "sellingGeneralAndAdministrativeExpenses": 528439000, "otherExpenses": -30142000, "operatingExpenses": 528439000, "costAndExpenses": 4719543000, "interestIncome": 2976000, "interestExpense": 72070000, "depreciationAndAmortization": 255359000, "ebitda": 743117000, "ebitdaratio": 0.1418854582, "operatingIncome": 487758000, "operatingIncomeRatio": 0.0931290326, "totalOtherIncomeExpensesNet": -232166000, "incomeBeforeTax": 255592000, "incomeBeforeTaxRatio": 0.048800913, "incomeTaxExpense": 53030000, "netIncome": 207463000, "netIncomeRatio": 0.0396115051, "eps": 2.06, "epsdiluted": 2.05, "weightedAverageShsOut": 100939000, "weightedAverageShsOutDil": 101209000, "link": "https://www.sec.gov/Archives/edgar/data/91767/000009176721000011/0000091767-21-000011-index.htm", "finalLink": "https://www.sec.gov/Archives/edgar/data/91767/000009176721000011/son-20201231.htm", "calculatedOtherExpenses": 8142000, "calculatedOperatingExpenses": 558581000, "calculatedNetInterest": -69094000, "calculatedOtherIncome": -163072000, "calculatedIncomeNonControlling": -4901000, "calculatedEbitda": 743117000}, {"date": "2019-12-31", "symbol": "SON", "reportedCurrency": "USD", "cik": "0000091767", "fillingDate": "2020-02-28", "acceptedDate": "2020-02-28 17:17:07", "calendarYear": "2019", "period": "FY", "revenue": 5374207000, "costOfRevenue": 4316378000, "grossProfit": 1057829000, "grossProfitRatio": 0.1968344353, "researchAndDevelopmentExpenses": 23300000, "generalAndAdministrativeExpenses": 555580000, "sellingAndMarketingExpenses": -24713000, "sellingGeneralAndAdministrativeExpenses": 530867000, "otherExpenses": -24713000, "operatingExpenses": 530867000, "costAndExpenses": 4847245000, "interestIncome": 5242000, "interestExpense": 61603000, "depreciationAndAmortization": 273785000, "ebitda": 740867000, "ebitdaratio": 0.1378560595, "operatingIncome": 467082000, "operatingIncomeRatio": 0.0869117993, "totalOtherIncomeExpensesNet": -86316000, "incomeBeforeTax": 380766000, "incomeBeforeTaxRatio": 0.070850639, "incomeTaxExpense": 93269000, "netIncome": 291785000, "netIncomeRatio": 0.0542935916, "eps": 2.9, "epsdiluted": 2.88, "weightedAverageShsOut": 100742000, "weightedAverageShsOutDil": 101176000, "link": "https://www.sec.gov/Archives/edgar/data/91767/000009176720000033/0000091767-20-000033-index.htm", "finalLink": "https://www.sec.gov/Archives/edgar/data/91767/000009176720000033/son-20191231.htm", "calculatedOtherExpenses": 36580000, "calculatedOperatingExpenses": 590747000, "calculatedNetInterest": -56361000, "calculatedOtherIncome": -29955000, "calculatedIncomeNonControlling": -4288000, "calculatedEbitda": 740867000}, {"date": "2018-12-31", "symbol": "SON", "reportedCurrency": "USD", "cik": "0000091767", "fillingDate": "2019-02-28", "acceptedDate": "2019-02-28 16:01:31", "calendarYear": "2018", "period": "FY", "revenue": 5390938000, "costOfRevenue": 4349932000, "grossProfit": 1041006000, "grossProfitRatio": 0.1931029442, "researchAndDevelopmentExpenses": 23200000, "generalAndAdministrativeExpenses": 564247000, "sellingAndMarketingExpenses": -941000, "sellingGeneralAndAdministrativeExpenses": 563306000, "otherExpenses": -941000, "operatingExpenses": 563306000, "costAndExpenses": 4913238000, "interestIncome": 4990000, "interestExpense": 58157000, "depreciationAndAmortization": 236245000, "ebitda": 713004000, "ebitdaratio": 0.1322597292, "operatingIncome": 437629000, "operatingIncomeRatio": 0.0811786372, "totalOtherIncomeExpensesNet": -41012000, "incomeBeforeTax": 378531000, "incomeBeforeTaxRatio": 0.0702161665, "incomeTaxExpense": 75008000, "netIncome": 313560000, "netIncomeRatio": 0.0581642749, "eps": 3.14, "epsdiluted": 3.1, "weightedAverageShsOut": 99829000, "weightedAverageShsOutDil": 101016000, "link": "https://www.sec.gov/Archives/edgar/data/91767/000009176719000015/0000091767-19-000015-index.htm", "finalLink": "https://www.sec.gov/Archives/edgar/data/91767/000009176719000015/son-20181231.htm", "calculatedOtherExpenses": 16871000, "calculatedOperatingExpenses": 603377000, "calculatedNetInterest": -53167000, "calculatedOtherIncome": -5931000, "calculatedIncomeNonControlling": -10037000, "calculatedEbitda": 673874000}, {"date": "2017-12-31", "symbol": "SON", "reportedCurrency": "USD", "cik": "0000091767", "fillingDate": "2018-02-28", "acceptedDate": "2018-02-28 14:34:04", "calendarYear": "2017", "period": "FY", "revenue": 5036650000, "costOfRevenue": 4087260000, "grossProfit": 949390000, "grossProfitRatio": 0.188496322, "researchAndDevelopmentExpenses": 21000000, "generalAndAdministrativeExpenses": 543672000, "sellingAndMarketingExpenses": 0, "sellingGeneralAndAdministrativeExpenses": 543672000, "otherExpenses": -313000, "operatingExpenses": 543672000, "costAndExpenses": 4630932000, "interestIncome": 4475000, "interestExpense": 52745000, "depreciationAndAmortization": 217625000, "ebitda": 623343000, "ebitdaratio": 0.1237614287, "operatingIncome": 405718000, "operatingIncomeRatio": 0.0805531454, "totalOtherIncomeExpensesNet": -38419000, "incomeBeforeTax": 314554000, "incomeBeforeTaxRatio": 0.0624530194, "incomeTaxExpense": 146589000, "netIncome": 175345000, "netIncomeRatio": 0.0348138147, "eps": 1.75, "epsdiluted": 1.74, "weightedAverageShsOut": 100237000, "weightedAverageShsOutDil": 100852000, "link": "https://www.sec.gov/Archives/edgar/data/91767/000119312518063468/0001193125-18-063468-index.htm", "finalLink": "https://www.sec.gov/Archives/edgar/data/91767/000119312518063468/d536150d10k.htm", "calculatedOtherExpenses": -21000000, "calculatedOperatingExpenses": 543672000, "calculatedNetInterest": -48270000, "calculatedOtherIncome": -42894000, "calculatedIncomeNonControlling": -7380000, "calculatedEbitda": 623343000}, {"date": "2016-12-31", "symbol": "SON", "reportedCurrency": "USD", "cik": "0000091767", "fillingDate": "2017-03-01", "acceptedDate": "2017-03-01 11:23:23", "calendarYear": "2016", "period": "FY", "revenue": 4782877000, "costOfRevenue": 3845451000, "grossProfit": 937426000, "grossProfitRatio": 0.1959962592, "researchAndDevelopmentExpenses": 22500000, "generalAndAdministrativeExpenses": 506001000, "sellingAndMarketingExpenses": 0, "sellingGeneralAndAdministrativeExpenses": 506001000, "otherExpenses": 0, "operatingExpenses": 506001000, "costAndExpenses": 4351452000, "interestIncome": 2613000, "interestExpense": 51557000, "depreciationAndAmortization": 205182000, "ebitda": 636607000, "ebitdaratio": 0.1331012694, "operatingIncome": 431425000, "operatingIncomeRatio": 0.0902019851, "totalOtherIncomeExpensesNet": 61409000, "incomeBeforeTax": 441277000, "incomeBeforeTaxRatio": 0.0922618332, "incomeTaxExpense": 164631000, "netIncome": 286434000, "netIncomeRatio": 0.0598873858, "eps": 2.89, "epsdiluted": 2.81, "weightedAverageShsOut": 99193000, "weightedAverageShsOutDil": 101782000, "link": "https://www.sec.gov/Archives/edgar/data/91767/000119312517064495/0001193125-17-064495-index.htm", "finalLink": "https://www.sec.gov/Archives/edgar/data/91767/000119312517064495/d326554d10k.htm", "calculatedOtherExpenses": -22500000, "calculatedOperatingExpenses": 506001000, "calculatedNetInterest": -48944000, "calculatedOtherIncome": 58796000, "calculatedIncomeNonControlling": -9788000, "calculatedEbitda": 636607000}, {"date": "2015-12-31", "symbol": "SON", "reportedCurrency": "USD", "cik": "0000091767", "fillingDate": "2016-02-29", "acceptedDate": "2016-02-29 17:11:37", "calendarYear": "2015", "period": "FY", "revenue": 4964369000, "costOfRevenue": 4034947000, "grossProfit": 929422000, "grossProfitRatio": 0.1872185569, "researchAndDevelopmentExpenses": 22100000, "generalAndAdministrativeExpenses": 496241000, "sellingAndMarketingExpenses": 0, "sellingGeneralAndAdministrativeExpenses": 496241000, "otherExpenses": 5.960464477539063e-08, "operatingExpenses": 496241000, "costAndExpenses": 4531188000, "interestIncome": 2375000, "interestExpense": 54598000, "depreciationAndAmortization": 213161000, "ebitda": 646342000, "ebitdaratio": 0.1301962042, "operatingIncome": 433181000, "operatingIncomeRatio": 0.0872580181, "totalOtherIncomeExpensesNet": -50637000, "incomeBeforeTax": 327946000, "incomeBeforeTaxRatio": 0.0660599565, "incomeTaxExpense": 87738000, "netIncome": 250136000, "netIncomeRatio": 0.0503862626, "eps": 2.48, "epsdiluted": 2.44, "weightedAverageShsOut": 100944000, "weightedAverageShsOutDil": 102392000, "link": "https://www.sec.gov/Archives/edgar/data/91767/000119312516485573/0001193125-16-485573-index.htm", "finalLink": "https://www.sec.gov/Archives/edgar/data/91767/000119312516485573/d25530d10k.htm", "calculatedOtherExpenses": -22100000, "calculatedOperatingExpenses": 496241000, "calculatedNetInterest": -52223000, "calculatedOtherIncome": -53012000, "calculatedIncomeNonControlling": -9928000, "calculatedEbitda": 646342000}, {"date": "2014-12-31", "symbol": "SON", "reportedCurrency": "USD", "cik": "0000091767", "fillingDate": "2015-03-02", "acceptedDate": "2015-03-02 14:32:41", "calendarYear": "2014", "period": "FY", "revenue": 5014534000, "costOfRevenue": 4093235000, "grossProfit": 921299000, "grossProfitRatio": 0.183725746, "researchAndDevelopmentExpenses": 24200000, "generalAndAdministrativeExpenses": 506996000, "sellingAndMarketingExpenses": 0, "sellingGeneralAndAdministrativeExpenses": 506996000, "otherExpenses": 0, "operatingExpenses": 506996000, "costAndExpenses": 4600231000, "interestIncome": 2749000, "interestExpense": 52391000, "depreciationAndAmortization": 198718000, "ebitda": 613021000, "ebitdaratio": 0.1222488471, "operatingIncome": 414303000, "operatingIncomeRatio": 0.0826204389, "totalOtherIncomeExpensesNet": -22792000, "incomeBeforeTax": 339120000, "incomeBeforeTaxRatio": 0.0676274206, "incomeTaxExpense": 108922000, "netIncome": 239165000, "netIncomeRatio": 0.047694362, "eps": 2.38, "epsdiluted": 2.32, "weightedAverageShsOut": 100603000, "weightedAverageShsOutDil": 103172000, "link": "https://www.sec.gov/Archives/edgar/data/91767/000119312515072931/0001193125-15-072931-index.htm", "finalLink": "https://www.sec.gov/Archives/edgar/data/91767/000119312515072931/d847921d10k.htm", "calculatedOtherExpenses": -24200000, "calculatedOperatingExpenses": 506996000, "calculatedNetInterest": -49642000, "calculatedOtherIncome": -25541000, "calculatedIncomeNonControlling": -8967000, "calculatedEbitda": 613021000}, {"date": "2013-12-31", "symbol": "SON", "reportedCurrency": "USD", "cik": "0000091767", "fillingDate": "2014-03-03", "acceptedDate": "2014-03-03 09:21:22", "calendarYear": "2013", "period": "FY", "revenue": 4848092000, "costOfRevenue": 3974588000, "grossProfit": 873504000, "grossProfitRatio": 0.1801747987, "researchAndDevelopmentExpenses": 20100000, "generalAndAdministrativeExpenses": 487171000, "sellingAndMarketingExpenses": 0, "sellingGeneralAndAdministrativeExpenses": 487171000, "otherExpenses": 0, "operatingExpenses": 487171000, "costAndExpenses": 4461759000, "interestIncome": 3187000, "interestExpense": 59913000, "depreciationAndAmortization": 197671000, "ebitda": 587191000, "ebitdaratio": 0.1211179573, "operatingIncome": 386333000, "operatingIncomeRatio": 0.0796876379, "totalOtherIncomeExpensesNet": -25038000, "incomeBeforeTax": 304569000, "incomeBeforeTaxRatio": 0.0628224464, "incomeTaxExpense": 96203000, "netIncome": 219113000, "netIncomeRatio": 0.0451957182, "eps": 2.14, "epsdiluted": 2.12, "weightedAverageShsOut": 102577000, "weightedAverageShsOutDil": 103248000, "link": "https://www.sec.gov/Archives/edgar/data/91767/000119312514079079/0001193125-14-079079-index.htm", "finalLink": "https://www.sec.gov/Archives/edgar/data/91767/000119312514079079/d668302d10k.htm", "calculatedOtherExpenses": -20100000, "calculatedOperatingExpenses": 487171000, "calculatedNetInterest": -56726000, "calculatedOtherIncome": -25038000, "calculatedIncomeNonControlling": -10747000, "calculatedEbitda": 584004000}, {"date": "2012-12-31", "symbol": "SON", "reportedCurrency": "USD", "cik": "0000091767", "fillingDate": "2013-03-01", "acceptedDate": "2013-03-01 11:26:57", "calendarYear": "2012", "period": "FY", "revenue": 4786129000, "costOfRevenue": 3942497000, "grossProfit": 843632000, "grossProfitRatio": 0.1762660388, "researchAndDevelopmentExpenses": 20200000, "generalAndAdministrativeExpenses": 463715000, "sellingAndMarketingExpenses": 0, "sellingGeneralAndAdministrativeExpenses": 463715000, "otherExpenses": 0, "operatingExpenses": 463715000, "costAndExpenses": 4406212000, "interestIncome": 4129000, "interestExpense": 59985000, "depreciationAndAmortization": 200403000, "ebitda": 580320000, "ebitdaratio": 0.1212503884, "operatingIncome": 379917000, "operatingIncomeRatio": 0.0793787631, "totalOtherIncomeExpensesNet": -32858000, "incomeBeforeTax": 287074000, "incomeBeforeTaxRatio": 0.0599804142, "incomeTaxExpense": 103759000, "netIncome": 196010000, "netIncomeRatio": 0.0409537645, "eps": 1.94, "epsdiluted": 1.91, "weightedAverageShsOut": 100847000, "weightedAverageShsOutDil": 102573000, "link": "https://www.sec.gov/Archives/edgar/data/91767/000119312513086675/0001193125-13-086675-index.htm", "finalLink": "https://www.sec.gov/Archives/edgar/data/91767/000119312513086675/d443028d10k.htm", "calculatedOtherExpenses": -20200000, "calculatedOperatingExpenses": 463715000, "calculatedNetInterest": -55856000, "calculatedOtherIncome": -36987000, "calculatedIncomeNonControlling": -12695000, "calculatedEbitda": 580320000}, {"date": "2011-12-31", "symbol": "SON", "reportedCurrency": "USD", "cik": "0000091767", "fillingDate": "2012-02-29", "acceptedDate": "2012-02-29 14:11:14", "calendarYear": "2011", "period": "FY", "revenue": 4498932000, "costOfRevenue": 3742149000, "grossProfit": 756783000, "grossProfitRatio": 0.1682139228, "researchAndDevelopmentExpenses": 0, "generalAndAdministrativeExpenses": 0, "sellingAndMarketingExpenses": 0, "sellingGeneralAndAdministrativeExpenses": 397477000, "otherExpenses": 0, "operatingExpenses": 397477000, "costAndExpenses": 4139626000, "interestIncome": 3758000, "interestExpense": 38074000, "depreciationAndAmortization": 179871000, "ebitda": 539177000, "ebitdaratio": 0.1198455545, "operatingIncome": 322480000, "operatingIncomeRatio": 0.0716792341, "totalOtherIncomeExpensesNet": -36826000, "incomeBeforeTax": 284406000, "incomeBeforeTaxRatio": 0.0632163367, "incomeTaxExpense": -78423000, "netIncome": 217517000, "netIncomeRatio": 0.0483485858, "eps": 2.17, "epsdiluted": 2.13, "weightedAverageShsOut": 100211000, "weightedAverageShsOutDil": 102173000, "link": "https://www.sec.gov/Archives/edgar/data/91767/000119312512088468/0001193125-12-088468-index.htm", "finalLink": "https://www.sec.gov/Archives/edgar/data/91767/000119312512088468/d260554d10k.htm", "calculatedOtherExpenses": 36826000, "calculatedOperatingExpenses": 434303000, "calculatedNetInterest": -34316000, "calculatedOtherIncome": -3758000, "calculatedIncomeNonControlling": 145312000, "calculatedEbitda": 502351000}, {"date": "2010-12-31", "symbol": "SON", "reportedCurrency": "USD", "cik": "0000091767", "fillingDate": "2011-02-28", "acceptedDate": "2011-02-28 07:40:06", "calendarYear": "2010", "period": "FY", "revenue": 4124121000, "costOfRevenue": 3356589000, "grossProfit": 767532000, "grossProfitRatio": 0.1861080216, "researchAndDevelopmentExpenses": 0, "generalAndAdministrativeExpenses": 0, "sellingAndMarketingExpenses": 0, "sellingGeneralAndAdministrativeExpenses": 405356000, "otherExpenses": 0, "operatingExpenses": 405356000, "costAndExpenses": 3761945000, "interestIncome": 2307000, "interestExpense": 37413000, "depreciationAndAmortization": 169665000, "ebitda": 436914000, "ebitdaratio": 0.1059411205, "operatingIncome": 338177000, "operatingIncomeRatio": 0.0819997764, "totalOtherIncomeExpensesNet": 24618000, "incomeBeforeTax": 254454000, "incomeBeforeTaxRatio": 0.0616989657, "incomeTaxExpense": 64485000, "netIncome": 201053000, "netIncomeRatio": 0.0487505095, "eps": 2, "epsdiluted": 1.96, "weightedAverageShsOut": 100510000, "weightedAverageShsOutDil": 102543000, "link": "https://www.sec.gov/Archives/edgar/data/91767/000119312511048615/0001193125-11-048615-index.htm", "finalLink": "https://www.sec.gov/Archives/edgar/data/91767/000119312511048615/d10k.htm", "calculatedOtherExpenses": 23999000, "calculatedOperatingExpenses": 429355000, "calculatedNetInterest": -35106000, "calculatedOtherIncome": -48617000, "calculatedIncomeNonControlling": -11084000, "calculatedEbitda": 507842000}, {"date": "2009-12-31", "symbol": "SON", "reportedCurrency": "USD", "cik": "0000091767", "fillingDate": "2010-02-26", "acceptedDate": "2010-02-26 11:15:29", "calendarYear": "2009", "period": "FY", "revenue": 3597331000, "costOfRevenue": 2931285000, "grossProfit": 666046000, "grossProfitRatio": 0.185150046, "researchAndDevelopmentExpenses": 0, "generalAndAdministrativeExpenses": 0, "sellingAndMarketingExpenses": 0, "sellingGeneralAndAdministrativeExpenses": 386459000, "otherExpenses": 0, "operatingExpenses": 386459000, "costAndExpenses": 3317744000, "interestIncome": 2427000, "interestExpense": 40992000, "depreciationAndAmortization": 173587000, "ebitda": 455601000, "ebitdaratio": 0.12664973, "operatingIncome": 252786000, "operatingIncomeRatio": 0.0702704311, "totalOtherIncomeExpensesNet": -26801000, "incomeBeforeTax": 214221000, "incomeBeforeTaxRatio": 0.059549983, "incomeTaxExpense": 66818000, "netIncome": 151482000, "netIncomeRatio": 0.0421095529, "eps": 1.51, "epsdiluted": 1.5, "weightedAverageShsOut": 100717000, "weightedAverageShsOutDil": 101029000, "link": "https://www.sec.gov/Archives/edgar/data/91767/000119312510042088/0001193125-10-042088-index.htm", "finalLink": "https://www.sec.gov/Archives/edgar/data/91767/000119312510042088/d10k.htm", "calculatedOtherExpenses": 26801000, "calculatedOperatingExpenses": 413260000, "calculatedNetInterest": -38565000, "calculatedOtherIncome": 0, "calculatedIncomeNonControlling": -4079000, "calculatedEbitda": 426373000}, {"date": "2008-12-31", "symbol": "SON", "reportedCurrency": "USD", "cik": "0000091767", "fillingDate": "2009-02-27", "acceptedDate": "2009-02-27 12:11:21", "calendarYear": "2008", "period": "FY", "revenue": 4122385000, "costOfRevenue": 3398355000, "grossProfit": 724030000, "grossProfitRatio": 0.1756337654, "researchAndDevelopmentExpenses": 0, "generalAndAdministrativeExpenses": 0, "sellingAndMarketingExpenses": 0, "sellingGeneralAndAdministrativeExpenses": 374396000, "otherExpenses": 0, "operatingExpenses": 374396000, "costAndExpenses": 3772751000, "interestIncome": 6204000, "interestExpense": 53401000, "depreciationAndAmortization": 182721000, "ebitda": 438498000, "ebitdaratio": 0.1063699776, "operatingIncome": 349634000, "operatingIncomeRatio": 0.0848135242, "totalOtherIncomeExpensesNet": -100061000, "incomeBeforeTax": 202376000, "incomeBeforeTaxRatio": 0.0490919698, "incomeTaxExpense": 54797000, "netIncome": 164608000, "netIncomeRatio": 0.0399302831, "eps": 1.65, "epsdiluted": 1.63, "weightedAverageShsOut": 100262000, "weightedAverageShsOutDil": 100986000, "link": "https://www.sec.gov/Archives/edgar/data/91767/000119312509040463/0001193125-09-040463-index.htm", "finalLink": "https://www.sec.gov/Archives/edgar/data/91767/000119312509040463/d10k.htm", "calculatedOtherExpenses": 0, "calculatedOperatingExpenses": 374396000, "calculatedNetInterest": -47197000, "calculatedOtherIncome": -100061000, "calculatedIncomeNonControlling": -17029000, "calculatedEbitda": 532355000}, {"date": "2007-12-31", "symbol": "SON", "reportedCurrency": "USD", "cik": "0000091767", "fillingDate": "2008-02-28", "acceptedDate": "2008-02-28 16:34:31", "calendarYear": "2007", "period": "FY", "revenue": 4039992000, "costOfRevenue": 3286198000, "grossProfit": 753794000, "grossProfitRatio": 0.1865830427, "researchAndDevelopmentExpenses": 0, "generalAndAdministrativeExpenses": 0, "sellingAndMarketingExpenses": 0, "sellingGeneralAndAdministrativeExpenses": 409719000, "otherExpenses": 0, "operatingExpenses": 409719000, "costAndExpenses": 3695917000, "interestIncome": -9182000, "interestExpense": 61440000, "depreciationAndAmortization": 181339000, "ebitda": 561605000, "ebitdaratio": 0.1390114139, "operatingIncome": 344075000, "operatingIncomeRatio": 0.0851672479, "totalOtherIncomeExpensesNet": -22475000, "incomeBeforeTax": 255626000, "incomeBeforeTaxRatio": 0.0632738877, "incomeTaxExpense": 55186000, "netIncome": 214156000, "netIncomeRatio": 0.0530090159, "eps": 2.13, "epsdiluted": 2.1, "weightedAverageShsOut": 100632000, "weightedAverageShsOutDil": 101875000, "link": "https://www.sec.gov/Archives/edgar/data/91767/000119312508041845/0001193125-08-041845-index.htm", "finalLink": "https://www.sec.gov/Archives/edgar/data/91767/000119312508041845/d10k.htm", "calculatedOtherExpenses": 0, "calculatedOperatingExpenses": 409719000, "calculatedNetInterest": -70622000, "calculatedOtherIncome": -17827000, "calculatedIncomeNonControlling": -13716000, "calculatedEbitda": 525414000}, {"date": "2006-12-31", "symbol": "SON", "reportedCurrency": "USD", "cik": "0000091767", "fillingDate": "2007-02-28", "acceptedDate": "2007-02-28 13:35:30", "calendarYear": "2006", "period": "FY", "revenue": 3656839000, "costOfRevenue": 2951799000, "grossProfit": 705040000, "grossProfitRatio": 0.192800394, "researchAndDevelopmentExpenses": 0, "generalAndAdministrativeExpenses": 0, "sellingAndMarketingExpenses": 0, "sellingGeneralAndAdministrativeExpenses": 358952000, "otherExpenses": 0, "operatingExpenses": 358952000, "costAndExpenses": 3310751000, "interestIncome": -7938000, "interestExpense": 51559000, "depreciationAndAmortization": 164863000, "ebitda": 536921000, "ebitdaratio": 0.1468265352, "operatingIncome": 346088000, "operatingIncomeRatio": 0.0946413009, "totalOtherIncomeExpensesNet": -12368000, "incomeBeforeTax": 274808000, "incomeBeforeTaxRatio": 0.0751490563, "incomeTaxExpense": 93329000, "netIncome": 195081000, "netIncomeRatio": 0.0533468933, "eps": 1.95, "epsdiluted": 1.92, "weightedAverageShsOut": 100073000, "weightedAverageShsOutDil": 101534000, "link": "https://www.sec.gov/Archives/edgar/data/91767/000095014407001705/0000950144-07-001705-index.htm", "finalLink": "https://www.sec.gov/Archives/edgar/data/91767/000095014407001705/g05676e10vk.htm", "calculatedOtherExpenses": 0, "calculatedOperatingExpenses": 358952000, "calculatedNetInterest": -59497000, "calculatedOtherIncome": -11783000, "calculatedIncomeNonControlling": -13602000, "calculatedEbitda": 510951000}, {"date": "2005-12-31", "symbol": "SON", "reportedCurrency": "USD", "cik": "0000091767", "fillingDate": "2006-02-27", "acceptedDate": "2006-02-27 12:07:05", "calendarYear": "2005", "period": "FY", "revenue": 3528574000, "costOfRevenue": 2867623000, "grossProfit": 660951000, "grossProfitRatio": 0.1873139121, "researchAndDevelopmentExpenses": 0, "generalAndAdministrativeExpenses": 0, "sellingAndMarketingExpenses": 0, "sellingGeneralAndAdministrativeExpenses": 364967000, "otherExpenses": 0, "operatingExpenses": 364967000, "costAndExpenses": 3232590000, "interestIncome": -7938000, "interestExpense": 51559000, "depreciationAndAmortization": 163074000, "ebitda": 480295000, "ebitdaratio": 0.1361158927, "operatingIncome": 295984000, "operatingIncomeRatio": 0.0838820441, "totalOtherIncomeExpensesNet": -6312000, "incomeBeforeTax": 231126000, "incomeBeforeTaxRatio": 0.0655012478, "incomeTaxExpense": 84174000, "netIncome": 161877000, "netIncomeRatio": 0.0458760394, "eps": 1.63, "epsdiluted": 1.61, "weightedAverageShsOut": 99336000, "weightedAverageShsOutDil": 100418000, "link": "https://www.sec.gov/Archives/edgar/data/91767/000095014406001529/0000950144-06-001529-index.htm", "finalLink": "https://www.sec.gov/Archives/edgar/data/91767/000095014406001529/g99753e10vk.htm", "calculatedOtherExpenses": 0, "calculatedOperatingExpenses": 364967000, "calculatedNetInterest": -59497000, "calculatedOtherIncome": -5361000, "calculatedIncomeNonControlling": -14925000, "calculatedEbitda": 459058000}, {"date": "2004-12-31", "symbol": "SON", "reportedCurrency": "USD", "cik": "0000091767", "fillingDate": "2005-03-02", "acceptedDate": "2005-03-02 11:46:11", "calendarYear": "2004", "period": "FY", "revenue": 3155433000, "costOfRevenue": 2580643000, "grossProfit": 574790000, "grossProfitRatio": 0.1821588353, "researchAndDevelopmentExpenses": 0, "generalAndAdministrativeExpenses": 0, "sellingAndMarketingExpenses": 0, "sellingGeneralAndAdministrativeExpenses": 316403000, "otherExpenses": 0, "operatingExpenses": 316403000, "costAndExpenses": 2897046000, "interestIncome": -1649000, "interestExpense": 54196000, "depreciationAndAmortization": 163928000, "ebitda": 441297000, "ebitdaratio": 0.1398530725, "operatingIncome": 258387000, "operatingIncomeRatio": 0.0818863845, "totalOtherIncomeExpensesNet": -6237000, "incomeBeforeTax": 197342000, "incomeBeforeTaxRatio": 0.0625403867, "incomeTaxExpense": 58858000, "netIncome": 151229000, "netIncomeRatio": 0.0479265445, "eps": 1.54, "epsdiluted": 1.53, "weightedAverageShsOut": 98018000, "weightedAverageShsOutDil": 98947000, "link": "https://www.sec.gov/Archives/edgar/data/91767/000095014405001972/0000950144-05-001972-index.htm", "finalLink": "https://www.sec.gov/Archives/edgar/data/91767/000095014405001972/g93476ke10vk.htm", "calculatedOtherExpenses": 0, "calculatedOperatingExpenses": 316403000, "calculatedNetInterest": -55845000, "calculatedOtherIncome": -5200000, "calculatedIncomeNonControlling": -12745000, "calculatedEbitda": 422315000}, {"date": "2003-12-31", "symbol": "SON", "reportedCurrency": "USD", "cik": "0000091767", "fillingDate": "2004-03-02", "acceptedDate": "2004-03-02 17:14:57", "calendarYear": "2003", "period": "FY", "revenue": 2758326000, "costOfRevenue": 2259887000, "grossProfit": 498439000, "grossProfitRatio": 0.1807034411, "researchAndDevelopmentExpenses": 0, "generalAndAdministrativeExpenses": 0, "sellingAndMarketingExpenses": 0, "sellingGeneralAndAdministrativeExpenses": 289839000, "otherExpenses": 0, "operatingExpenses": 289839000, "costAndExpenses": 2549726000, "interestIncome": 0, "interestExpense": 0, "depreciationAndAmortization": 163234000, "ebitda": 421890000, "ebitdaratio": 0.152951464, "operatingIncome": 208600000, "operatingIncomeRatio": 0.0756255787, "totalOtherIncomeExpensesNet": -42513000, "incomeBeforeTax": 108333000, "incomeBeforeTaxRatio": 0.039274908, "incomeTaxExpense": 37698000, "netIncome": 138949000, "netIncomeRatio": 0.0503743937, "eps": 1.44, "epsdiluted": 1.43, "weightedAverageShsOut": 96819000, "weightedAverageShsOutDil": 97129000, "link": "https://www.sec.gov/Archives/edgar/data/91767/000095014404001875/0000950144-04-001875-index.htm", "finalLink": "https://www.sec.gov/Archives/edgar/data/91767/000095014404001875/g87423e10vk.htm", "calculatedOtherExpenses": 0, "calculatedOperatingExpenses": 289839000, "calculatedNetInterest": 0, "calculatedOtherIncome": -100267000, "calculatedIncomeNonControlling": -68314000, "calculatedEbitda": 371834000}, {"date": "2002-12-31", "symbol": "SON", "reportedCurrency": "USD", "cik": "0000091767", "fillingDate": "2003-03-07", "acceptedDate": "2003-03-07 16:56:17", "calendarYear": "2002", "period": "FY", "revenue": 2812150000, "costOfRevenue": 2259790000, "grossProfit": 552360000, "grossProfitRatio": 0.1964191099, "researchAndDevelopmentExpenses": 0, "generalAndAdministrativeExpenses": 0, "sellingAndMarketingExpenses": 0, "sellingGeneralAndAdministrativeExpenses": 288673000, "otherExpenses": 0, "operatingExpenses": 288673000, "costAndExpenses": 2548463000, "interestIncome": 0, "interestExpense": 0, "depreciationAndAmortization": 159256000, "ebitda": 435590000, "ebitdaratio": 0.1548957204, "operatingIncome": 263687000, "operatingIncomeRatio": 0.0937670466, "totalOtherIncomeExpensesNet": -5210000, "incomeBeforeTax": 198493000, "incomeBeforeTaxRatio": 0.0705840727, "incomeTaxExpense": 70614000, "netIncome": 135316000, "netIncomeRatio": 0.0481183436, "eps": 1.4, "epsdiluted": 1.39, "weightedAverageShsOut": 96373000, "weightedAverageShsOutDil": 97178000, "link": "https://www.sec.gov/Archives/edgar/data/91767/000095014403002818/0000950144-03-002818-index.htm", "finalLink": "https://www.sec.gov/Archives/edgar/data/91767/000095014403002818/g80911e10vk.htm", "calculatedOtherExpenses": 0, "calculatedOperatingExpenses": 288673000, "calculatedNetInterest": 0, "calculatedOtherIncome": -65194000, "calculatedIncomeNonControlling": -7437000, "calculatedEbitda": 422943000}, {"date": "2001-12-31", "symbol": "SON", "reportedCurrency": "USD", "cik": "0000091767", "fillingDate": "2002-03-28", "acceptedDate": "2002-03-28 00:00:00", "calendarYear": "2001", "period": "FY", "revenue": 2606276000, "costOfRevenue": 2061846000, "grossProfit": 544430000, "grossProfitRatio": 0.2088919209, "researchAndDevelopmentExpenses": 0, "generalAndAdministrativeExpenses": 0, "sellingAndMarketingExpenses": 0, "sellingGeneralAndAdministrativeExpenses": 266908000, "otherExpenses": 0, "operatingExpenses": 266908000, "costAndExpenses": 2328754000, "interestIncome": 0, "interestExpense": 0, "depreciationAndAmortization": 158574000, "ebitda": 490634000, "ebitdaratio": 0.1882509757, "operatingIncome": 277522000, "operatingIncomeRatio": 0.1064821991, "totalOtherIncomeExpensesNet": -54538000, "incomeBeforeTax": 175781000, "incomeBeforeTaxRatio": 0.0674452744, "incomeTaxExpense": 82958000, "netIncome": 91609000, "netIncomeRatio": 0.0351493856, "eps": 0.96, "epsdiluted": 0.96, "weightedAverageShsOut": 95370000, "weightedAverageShsOutDil": 95807000, "link": "https://www.sec.gov/Archives/edgar/data/91767/000095014402002927/0000950144-02-002927-index.htm", "finalLink": "https://www.sec.gov/Archives/edgar/data/91767/000095014402002927/g74714e10-k.txt", "calculatedOtherExpenses": 0, "calculatedOperatingExpenses": 266908000, "calculatedNetInterest": 0, "calculatedOtherIncome": -101741000, "calculatedIncomeNonControlling": 1214000, "calculatedEbitda": 436096000}, {"date": "2000-12-31", "symbol": "SON", "reportedCurrency": "USD", "cik": "0000091767", "fillingDate": "2001-03-30", "acceptedDate": "2001-03-30 00:00:00", "calendarYear": "2000", "period": "FY", "revenue": 2711493000, "costOfRevenue": 1956579000, "grossProfit": 754914000, "grossProfitRatio": 0.2784126679, "researchAndDevelopmentExpenses": 0, "generalAndAdministrativeExpenses": 0, "sellingAndMarketingExpenses": 0, "sellingGeneralAndAdministrativeExpenses": 272150000, "otherExpenses": 150816000, "operatingExpenses": 422966000, "costAndExpenses": 2379545000, "interestIncome": 0, "interestExpense": 0, "depreciationAndAmortization": 150816000, "ebitda": 480605000, "ebitdaratio": 0.1772473689, "operatingIncome": 331948000, "operatingIncomeRatio": 0.1224225915, "totalOtherIncomeExpensesNet": 2159000, "incomeBeforeTax": 278297000, "incomeBeforeTaxRatio": 0.1026360754, "incomeTaxExpense": 111999000, "netIncome": 166298000, "netIncomeRatio": 0.0613307871, "eps": 1.67, "epsdiluted": 1.66, "weightedAverageShsOut": 99725000, "weightedAverageShsOutDil": 99900000, "link": "https://www.sec.gov/Archives/edgar/data/91767/000095014401004381/0000950144-01-004381-index.htm", "finalLink": "https://www.sec.gov/Archives/edgar/data/91767/000095014401004381/g67566e10-k.txt", "calculatedOtherExpenses": 150816000, "calculatedOperatingExpenses": 422966000, "calculatedNetInterest": 0, "calculatedOtherIncome": -53651000, "calculatedIncomeNonControlling": 0, "calculatedEbitda": 482764000}, {"date": "1999-12-31", "symbol": "SON", "reportedCurrency": "USD", "cik": "0000091767", "fillingDate": "2000-03-24", "acceptedDate": "2000-03-24 00:00:00", "calendarYear": "1999", "period": "FY", "revenue": 2546700000, "costOfRevenue": 1807800000, "grossProfit": 738900000, "grossProfitRatio": 0.2901401814, "researchAndDevelopmentExpenses": 0, "generalAndAdministrativeExpenses": 0, "sellingAndMarketingExpenses": 0, "sellingGeneralAndAdministrativeExpenses": 259900000, "otherExpenses": 145800000, "operatingExpenses": 405700000, "costAndExpenses": 2213500000, "interestIncome": 0, "interestExpense": 0, "depreciationAndAmortization": 145800000, "ebitda": 468700000, "ebitdaratio": 0.1840420937, "operatingIncome": 333200000, "operatingIncomeRatio": 0.1308359838, "totalOtherIncomeExpensesNet": 10300000, "incomeBeforeTax": 296400000, "incomeBeforeTaxRatio": 0.1163859112, "incomeTaxExpense": 108600000, "netIncome": 187800000, "netIncomeRatio": 0.0737424903, "eps": 1.84, "epsdiluted": 1.83, "weightedAverageShsOut": 101886000, "weightedAverageShsOutDil": 102780000, "link": "https://www.sec.gov/Archives/edgar/data/91767/000095014400003627/0000950144-00-003627-index.html", "finalLink": "https://www.sec.gov/Archives/edgar/data/91767/000095014400003627/", "calculatedOtherExpenses": 145800000, "calculatedOperatingExpenses": 405700000, "calculatedNetInterest": 0, "calculatedOtherIncome": -36800000, "calculatedIncomeNonControlling": 0, "calculatedEbitda": 479000000}, {"date": "1998-12-31", "symbol": "SON", "reportedCurrency": "USD", "cik": "0000091767", "fillingDate": "1999-03-26", "acceptedDate": "1999-03-26 00:00:00", "calendarYear": "1998", "period": "FY", "revenue": 2557900000, "costOfRevenue": 1822500000, "grossProfit": 735400000, "grossProfitRatio": 0.287501466, "researchAndDevelopmentExpenses": 0, "generalAndAdministrativeExpenses": 0, "sellingAndMarketingExpenses": 0, "sellingGeneralAndAdministrativeExpenses": 301600000, "otherExpenses": 145700000, "operatingExpenses": 447300000, "costAndExpenses": 2269800000, "interestIncome": 0, "interestExpense": 0, "depreciationAndAmortization": 145700000, "ebitda": 321100000, "ebitdaratio": 0.1255326635, "operatingIncome": 288100000, "operatingIncomeRatio": 0.1126314555, "totalOtherIncomeExpensesNet": 112700000, "incomeBeforeTax": 346000000, "incomeBeforeTaxRatio": 0.1352672114, "incomeTaxExpense": 154000000, "netIncome": 180200000, "netIncomeRatio": 0.0704484147, "eps": 1.76, "epsdiluted": 1.73, "weightedAverageShsOut": 102632000, "weightedAverageShsOutDil": 104275000, "link": "https://www.sec.gov/Archives/edgar/data/91767/000095014499003265/0000950144-99-003265-index.html", "finalLink": "https://www.sec.gov/Archives/edgar/data/91767/", "calculatedOtherExpenses": 145700000, "calculatedOperatingExpenses": 447300000, "calculatedNetInterest": 0, "calculatedOtherIncome": 57900000, "calculatedIncomeNonControlling": 11800000, "calculatedEbitda": 433800000}, {"date": "1997-12-31", "symbol": "SON", "reportedCurrency": "USD", "cik": "0000091767", "fillingDate": "1998-03-13", "acceptedDate": "1998-03-13 00:00:00", "calendarYear": "1997", "period": "FY", "revenue": 2847800000, "costOfRevenue": 2054600000, "grossProfit": 793200000, "grossProfitRatio": 0.2785307957, "researchAndDevelopmentExpenses": 0, "generalAndAdministrativeExpenses": 0, "sellingAndMarketingExpenses": 0, "sellingGeneralAndAdministrativeExpenses": 297400000, "otherExpenses": 153500000, "operatingExpenses": 450900000, "costAndExpenses": 2505500000, "interestIncome": 0, "interestExpense": 0, "depreciationAndAmortization": 153500000, "ebitda": 718200000, "ebitdaratio": 0.2521946766, "operatingIncome": 342300000, "operatingIncomeRatio": 0.1201980476, "totalOtherIncomeExpensesNet": -222400000, "incomeBeforeTax": 62700000, "incomeBeforeTaxRatio": 0.0220169956, "incomeTaxExpense": 60100000, "netIncome": 2600000, "netIncomeRatio": 0.0009129855, "eps": -0.005, "epsdiluted": -0.005, "weightedAverageShsOut": 99291339, "weightedAverageShsOutDil": 104214876, "link": "https://www.sec.gov/Archives/edgar/data/91767/000095014498002698/0000950144-98-002698-index.html", "finalLink": "https://www.sec.gov/Archives/edgar/data/91767/", "calculatedOtherExpenses": 153500000, "calculatedOperatingExpenses": 450900000, "calculatedNetInterest": 0, "calculatedOtherIncome": -279600000, "calculatedIncomeNonControlling": 0, "calculatedEbitda": 495800000}, {"date": "1996-12-31", "symbol": "SON", "reportedCurrency": "USD", "cik": "0000091767", "fillingDate": "1997-03-28", "acceptedDate": "1997-03-28 00:00:00", "calendarYear": "1996", "period": "FY", "revenue": 2788100000, "costOfRevenue": 2005200000, "grossProfit": 782900000, "grossProfitRatio": 0.2808005452, "researchAndDevelopmentExpenses": 0, "generalAndAdministrativeExpenses": 0, "sellingAndMarketingExpenses": 0, "sellingGeneralAndAdministrativeExpenses": 310600000, "otherExpenses": 142900000, "operatingExpenses": 453500000, "costAndExpenses": 2458700000, "interestIncome": 0, "interestExpense": 0, "depreciationAndAmortization": 142900000, "ebitda": 467900000, "ebitdaratio": 0.1678203795, "operatingIncome": 329400000, "operatingIncomeRatio": 0.1181449733, "totalOtherIncomeExpensesNet": 4400000, "incomeBeforeTax": 278300000, "incomeBeforeTaxRatio": 0.0998170797, "incomeTaxExpense": 107400000, "netIncome": 170900000, "netIncomeRatio": 0.0612962232, "eps": 1.65, "epsdiluted": 1.57, "weightedAverageShsOut": 99564300, "weightedAverageShsOutDil": 108517200, "link": "https://www.sec.gov/Archives/edgar/data/91767/000095014497003136/0000950144-97-003136-index.html", "finalLink": "https://www.sec.gov/Archives/edgar/data/91767/", "calculatedOtherExpenses": 142900000, "calculatedOperatingExpenses": 453500000, "calculatedNetInterest": 0, "calculatedOtherIncome": -51100000, "calculatedIncomeNonControlling": 0, "calculatedEbitda": 472300000}, {"date": "1995-12-31", "symbol": "SON", "reportedCurrency": "USD", "cik": "0000091767", "fillingDate": "1996-03-27", "acceptedDate": "1996-03-27 00:00:00", "calendarYear": "1995", "period": "FY", "revenue": 2706200000, "costOfRevenue": 1981200000, "grossProfit": 725000000, "grossProfitRatio": 0.2679033331, "researchAndDevelopmentExpenses": 0, "generalAndAdministrativeExpenses": 0, "sellingAndMarketingExpenses": 0, "sellingGeneralAndAdministrativeExpenses": 289300000, "otherExpenses": 125800000, "operatingExpenses": 415100000, "costAndExpenses": 2396300000, "interestIncome": 0, "interestExpense": 0, "depreciationAndAmortization": 125800000, "ebitda": 430400000, "ebitdaratio": 0.1590421994, "operatingIncome": 309900000, "operatingIncomeRatio": 0.1145148178, "totalOtherIncomeExpensesNet": 5300000, "incomeBeforeTax": 271100000, "incomeBeforeTaxRatio": 0.1001773705, "incomeTaxExpense": 106600000, "netIncome": 164500000, "netIncomeRatio": 0.0607863425, "eps": 1.56, "epsdiluted": 1.49, "weightedAverageShsOut": 100252900, "weightedAverageShsOutDil": 110424600, "link": "https://www.sec.gov/Archives/edgar/data/91767/000095014496001232/0000950144-96-001232-index.html", "finalLink": "https://www.sec.gov/Archives/edgar/data/91767/", "calculatedOtherExpenses": 125800000, "calculatedOperatingExpenses": 415100000, "calculatedNetInterest": 0, "calculatedOtherIncome": -38800000, "calculatedIncomeNonControlling": 0, "calculatedEbitda": 435700000}, {"date": "1994-12-31", "symbol": "SON", "reportedCurrency": "USD", "cik": "0000091767", "fillingDate": "1995-03-30", "acceptedDate": "1995-03-30 00:00:00", "calendarYear": "1994", "period": "FY", "revenue": 2300100000, "costOfRevenue": 1690600000, "grossProfit": 609500000, "grossProfitRatio": 0.2649884788, "researchAndDevelopmentExpenses": 0, "generalAndAdministrativeExpenses": 0, "sellingAndMarketingExpenses": 0, "sellingGeneralAndAdministrativeExpenses": 252300000, "otherExpenses": 112800000, "operatingExpenses": 365100000, "costAndExpenses": 2055700000, "interestIncome": 0, "interestExpense": 0, "depreciationAndAmortization": 112800000, "ebitda": 353600000, "ebitdaratio": 0.1537324464, "operatingIncome": 244400000, "operatingIncomeRatio": 0.1062562497, "totalOtherIncomeExpensesNet": 3600000, "incomeBeforeTax": 212300000, "incomeBeforeTaxRatio": 0.0923003348, "incomeTaxExpense": 82500000, "netIncome": 129800000, "netIncomeRatio": 0.056432329, "eps": 1.21, "epsdiluted": 1.21, "weightedAverageShsOut": 100588950, "weightedAverageShsOutDil": 100588950, "link": "https://www.sec.gov/Archives/edgar/data/91767/000095014495000871/0000950144-95-000871-index.html", "finalLink": "https://www.sec.gov/Archives/edgar/data/91767/", "calculatedOtherExpenses": 112800000, "calculatedOperatingExpenses": 365100000, "calculatedNetInterest": 0, "calculatedOtherIncome": -32100000, "calculatedIncomeNonControlling": 0, "calculatedEbitda": 357200000}, {"date": "1993-12-31", "symbol": "SON", "reportedCurrency": "USD", "cik": "0000091767", "fillingDate": "1994-03-30", "acceptedDate": "1994-03-30 00:00:00", "calendarYear": "1993", "period": "FY", "revenue": 1947200000, "costOfRevenue": 1430000000, "grossProfit": 517200000, "grossProfitRatio": 0.2656121611, "researchAndDevelopmentExpenses": 0, "generalAndAdministrativeExpenses": 0, "sellingAndMarketingExpenses": 0, "sellingGeneralAndAdministrativeExpenses": 209300000, "otherExpenses": 95700000, "operatingExpenses": 305000000, "costAndExpenses": 1735000000, "interestIncome": 0, "interestExpense": 0, "depreciationAndAmortization": 95700000, "ebitda": 295000000, "ebitdaratio": 0.1514995892, "operatingIncome": 212200000, "operatingIncomeRatio": 0.1089769926, "totalOtherIncomeExpensesNet": 12900000, "incomeBeforeTax": 194000000, "incomeBeforeTaxRatio": 0.0996302383, "incomeTaxExpense": 75200000, "netIncome": 118800000, "netIncomeRatio": 0.061010682, "eps": 1.16, "epsdiluted": 1.15, "weightedAverageShsOut": 101293103, "weightedAverageShsOutDil": 102173913, "link": "https://www.sec.gov/Archives/edgar/data/91767/000095014494000768/0000950144-94-000768-index.html", "finalLink": "https://www.sec.gov/Archives/edgar/data/91767/", "calculatedOtherExpenses": 95700000, "calculatedOperatingExpenses": 305000000, "calculatedNetInterest": 0, "calculatedOtherIncome": -18200000, "calculatedIncomeNonControlling": 0, "calculatedEbitda": 307900000}, {"date": "1992-12-31", "symbol": "SON", "reportedCurrency": "USD", "cik": "0000091767", "fillingDate": "1992-12-31", "acceptedDate": "1992-12-30 19:00:00", "calendarYear": "1992", "period": "FY", "revenue": 1838000000, "costOfRevenue": 1368000000, "grossProfit": 470000000, "grossProfitRatio": 0.2557127312, "researchAndDevelopmentExpenses": 0, "generalAndAdministrativeExpenses": 0, "sellingAndMarketingExpenses": 0, "sellingGeneralAndAdministrativeExpenses": 189800000, "otherExpenses": 83300000, "operatingExpenses": 273100000, "costAndExpenses": 1641100000, "interestIncome": 0, "interestExpense": 0, "depreciationAndAmortization": 83300000, "ebitda": 313700000, "ebitdaratio": 0.1706746464, "operatingIncome": 196900000, "operatingIncomeRatio": 0.1071273123, "totalOtherIncomeExpensesNet": -33500000, "incomeBeforeTax": 133200000, "incomeBeforeTaxRatio": 0.0724700762, "incomeTaxExpense": 51900000, "netIncome": 43400000, "netIncomeRatio": 0.0236126224, "eps": 0.45, "epsdiluted": 0.45, "weightedAverageShsOut": 96444444, "weightedAverageShsOutDil": 96444444, "link": "", "finalLink": "", "calculatedOtherExpenses": 83300000, "calculatedOperatingExpenses": 273100000, "calculatedNetInterest": 0, "calculatedOtherIncome": -63700000, "calculatedIncomeNonControlling": 37900000, "calculatedEbitda": 280200000}, {"date": "1991-12-31", "symbol": "SON", "reportedCurrency": "USD", "cik": "0000091767", "fillingDate": "1991-12-31", "acceptedDate": "1991-12-30 19:00:00", "calendarYear": "1991", "period": "FY", "revenue": 1697100000, "costOfRevenue": 1271900000, "grossProfit": 425200000, "grossProfitRatio": 0.2505450474, "researchAndDevelopmentExpenses": 0, "generalAndAdministrativeExpenses": 0, "sellingAndMarketingExpenses": 0, "sellingGeneralAndAdministrativeExpenses": 173200000, "otherExpenses": 76600000, "operatingExpenses": 249800000, "costAndExpenses": 1521700000, "interestIncome": 0, "interestExpense": 0, "depreciationAndAmortization": 76600000, "ebitda": 240800000, "ebitdaratio": 0.1418891049, "operatingIncome": 175400000, "operatingIncomeRatio": 0.1033527783, "totalOtherIncomeExpensesNet": 11200000, "incomeBeforeTax": 158400000, "incomeBeforeTaxRatio": 0.0933356903, "incomeTaxExpense": 63600000, "netIncome": 94800000, "netIncomeRatio": 0.0558599965, "eps": 1, "epsdiluted": 1, "weightedAverageShsOut": 94800000, "weightedAverageShsOutDil": 94800000, "link": "", "finalLink": "", "calculatedOtherExpenses": 76600000, "calculatedOperatingExpenses": 249800000, "calculatedNetInterest": 0, "calculatedOtherIncome": -17000000, "calculatedIncomeNonControlling": 0, "calculatedEbitda": 252000000}, {"date": "1990-12-31", "symbol": "SON", "reportedCurrency": "USD", "cik": "0000091767", "fillingDate": "1990-12-31", "acceptedDate": "1990-12-30 19:00:00", "calendarYear": "1990", "period": "FY", "revenue": 1669100000, "costOfRevenue": 1235200000, "grossProfit": 433900000, "grossProfitRatio": 0.2599604577, "researchAndDevelopmentExpenses": 0, "generalAndAdministrativeExpenses": 0, "sellingAndMarketingExpenses": 0, "sellingGeneralAndAdministrativeExpenses": 246700000, "otherExpenses": 72200000, "operatingExpenses": 318900000, "costAndExpenses": 1554100000, "interestIncome": 0, "interestExpense": 0, "depreciationAndAmortization": 72200000, "ebitda": 179900000, "ebitdaratio": 0.1077826373, "operatingIncome": 115000000, "operatingIncomeRatio": 0.0688994069, "totalOtherIncomeExpensesNet": 7300000, "incomeBeforeTax": 94300000, "incomeBeforeTaxRatio": 0.0564975136, "incomeTaxExpense": 43900000, "netIncome": 50400000, "netIncomeRatio": 0.030195914, "eps": 0.53, "epsdiluted": 0.53, "weightedAverageShsOut": 95094340, "weightedAverageShsOutDil": 95094340, "link": "", "finalLink": "", "calculatedOtherExpenses": 72200000, "calculatedOperatingExpenses": 318900000, "calculatedNetInterest": 0, "calculatedOtherIncome": -20700000, "calculatedIncomeNonControlling": 0, "calculatedEbitda": 187200000}, {"date": "1989-12-31", "symbol": "SON", "reportedCurrency": "USD", "cik": "0000091767", "fillingDate": "1989-12-31", "acceptedDate": "1989-12-30 19:00:00", "calendarYear": "1989", "period": "FY", "revenue": 1655800000, "costOfRevenue": 1239500000, "grossProfit": 416300000, "grossProfitRatio": 0.2514192535, "researchAndDevelopmentExpenses": 0, "generalAndAdministrativeExpenses": 0, "sellingAndMarketingExpenses": 0, "sellingGeneralAndAdministrativeExpenses": 161500000, "otherExpenses": 67300000, "operatingExpenses": 228800000, "costAndExpenses": 1468300000, "interestIncome": 0, "interestExpense": 0, "depreciationAndAmortization": 67300000, "ebitda": 248400000, "ebitdaratio": 0.1500181181, "operatingIncome": 187500000, "operatingIncomeRatio": 0.1132383138, "totalOtherIncomeExpensesNet": 6400000, "incomeBeforeTax": 164500000, "incomeBeforeTaxRatio": 0.0993477473, "incomeTaxExpense": 60900000, "netIncome": 103600000, "netIncomeRatio": 0.062567943, "eps": 1.07, "epsdiluted": 1.07, "weightedAverageShsOut": 96822430, "weightedAverageShsOutDil": 96822430, "link": "", "finalLink": "", "calculatedOtherExpenses": 67300000, "calculatedOperatingExpenses": 228800000, "calculatedNetInterest": 0, "calculatedOtherIncome": -23000000, "calculatedIncomeNonControlling": 0, "calculatedEbitda": 254800000}, {"date": "1988-12-31", "symbol": "SON", "reportedCurrency": "USD", "cik": "0000091767", "fillingDate": "1988-12-31", "acceptedDate": "1988-12-30 19:00:00", "calendarYear": "1988", "period": "FY", "revenue": 1599800000, "costOfRevenue": 1194900000, "grossProfit": 404900000, "grossProfitRatio": 0.2530941368, "researchAndDevelopmentExpenses": 0, "generalAndAdministrativeExpenses": 0, "sellingAndMarketingExpenses": 0, "sellingGeneralAndAdministrativeExpenses": 148400000, "otherExpenses": 69100000, "operatingExpenses": 217500000, "costAndExpenses": 1412400000, "interestIncome": 0, "interestExpense": 0, "depreciationAndAmortization": 69100000, "ebitda": 255400000, "ebitdaratio": 0.1596449556, "operatingIncome": 187400000, "operatingIncomeRatio": 0.1171396425, "totalOtherIncomeExpensesNet": 1100000, "incomeBeforeTax": 163300000, "incomeBeforeTaxRatio": 0.1020752594, "incomeTaxExpense": 67000000, "netIncome": 96300000, "netIncomeRatio": 0.0601950244, "eps": 1, "epsdiluted": 1, "weightedAverageShsOut": 96300000, "weightedAverageShsOutDil": 96300000, "link": "", "finalLink": "", "calculatedOtherExpenses": 69100000, "calculatedOperatingExpenses": 217500000, "calculatedNetInterest": 0, "calculatedOtherIncome": -24100000, "calculatedIncomeNonControlling": 0, "calculatedEbitda": 256500000}, {"date": "1987-12-31", "symbol": "SON", "reportedCurrency": "USD", "cik": "0000091767", "fillingDate": "1987-12-31", "acceptedDate": "1987-12-30 19:00:00", "calendarYear": "1987", "period": "FY", "revenue": 1312100000, "costOfRevenue": 987500000, "grossProfit": 324600000, "grossProfitRatio": 0.2473896807, "researchAndDevelopmentExpenses": 0, "generalAndAdministrativeExpenses": 0, "sellingAndMarketingExpenses": 0, "sellingGeneralAndAdministrativeExpenses": 129200000, "otherExpenses": 57100000, "operatingExpenses": 186300000, "costAndExpenses": 1173800000, "interestIncome": 0, "interestExpense": 0, "depreciationAndAmortization": 57100000, "ebitda": 204900000, "ebitdaratio": 0.1561618779, "operatingIncome": 138300000, "operatingIncomeRatio": 0.1054035516, "totalOtherIncomeExpensesNet": -9500000, "incomeBeforeTax": 110200000, "incomeBeforeTaxRatio": 0.083987501, "incomeTaxExpense": 48700000, "netIncome": 61500000, "netIncomeRatio": 0.0468714275, "eps": 0.64, "epsdiluted": 0.64, "weightedAverageShsOut": 96093750, "weightedAverageShsOutDil": 96093750, "link": "", "finalLink": "", "calculatedOtherExpenses": 57100000, "calculatedOperatingExpenses": 186300000, "calculatedNetInterest": 0, "calculatedOtherIncome": -28100000, "calculatedIncomeNonControlling": 0, "calculatedEbitda": 195400000}, {"date": "1986-12-31", "symbol": "SON", "reportedCurrency": "USD", "cik": "0000091767", "fillingDate": "1986-12-31", "acceptedDate": "1986-12-30 19:00:00", "calendarYear": "1986", "period": "FY", "revenue": 963800000, "costOfRevenue": 725400000, "grossProfit": 238400000, "grossProfitRatio": 0.2473542229, "researchAndDevelopmentExpenses": 0, "generalAndAdministrativeExpenses": 0, "sellingAndMarketingExpenses": 0, "sellingGeneralAndAdministrativeExpenses": 97000000, "otherExpenses": 35700000, "operatingExpenses": 132700000, "costAndExpenses": 858100000, "interestIncome": 0, "interestExpense": 0, "depreciationAndAmortization": 35700000, "ebitda": 139500000, "ebitdaratio": 0.1447395725, "operatingIncome": 105700000, "operatingIncomeRatio": 0.109670056, "totalOtherIncomeExpensesNet": 1900000, "incomeBeforeTax": 99100000, "incomeBeforeTaxRatio": 0.1028221623, "incomeTaxExpense": 44400000, "netIncome": 54700000, "netIncomeRatio": 0.0567545134, "eps": 0.57, "epsdiluted": 0.57, "weightedAverageShsOut": 95964912, "weightedAverageShsOutDil": 95964912, "link": "", "finalLink": "", "calculatedOtherExpenses": 35700000, "calculatedOperatingExpenses": 132700000, "calculatedNetInterest": 0, "calculatedOtherIncome": -6600000, "calculatedIncomeNonControlling": 0, "calculatedEbitda": 141400000}, {"date": "1985-12-31", "symbol": "SON", "reportedCurrency": "USD", "cik": "0000091767", "fillingDate": "1985-12-31", "acceptedDate": "1985-12-30 19:00:00", "calendarYear": "1985", "period": "FY", "revenue": 869600000, "costOfRevenue": 657300000, "grossProfit": 212300000, "grossProfitRatio": 0.2441352346, "researchAndDevelopmentExpenses": 0, "generalAndAdministrativeExpenses": 0, "sellingAndMarketingExpenses": 0, "sellingGeneralAndAdministrativeExpenses": 83700000, "otherExpenses": 31200000, "operatingExpenses": 114900000, "costAndExpenses": 772200000, "interestIncome": 0, "interestExpense": 0, "depreciationAndAmortization": 31200000, "ebitda": 126100000, "ebitdaratio": 0.1450091996, "operatingIncome": 97400000, "operatingIncomeRatio": 0.1120055198, "totalOtherIncomeExpensesNet": 2500000, "incomeBeforeTax": 91300000, "incomeBeforeTaxRatio": 0.1049908004, "incomeTaxExpense": 41900000, "netIncome": 49400000, "netIncomeRatio": 0.0568077277, "eps": 0.52, "epsdiluted": 0.52, "weightedAverageShsOut": 95000000, "weightedAverageShsOutDil": 95000000, "link": "", "finalLink": "", "calculatedOtherExpenses": 31200000, "calculatedOperatingExpenses": 114900000, "calculatedNetInterest": 0, "calculatedOtherIncome": -6100000, "calculatedIncomeNonControlling": 0, "calculatedEbitda": 128600000}]}