{"originalCurrency": "USD", "convertedCurrency": "USD", "report": [{"date": "2023-09-30", "symbol": "SONO", "reportedCurrency": "USD", "cik": "0001314727", "fillingDate": "2023-11-20", "acceptedDate": "2023-11-20 16:35:04", "calendarYear": "2023", "period": "FY", "revenue": 1655255000, "costOfRevenue": 938765000, "grossProfit": 716490000, "grossProfitRatio": 0.4328577772, "researchAndDevelopmentExpenses": 301001000, "generalAndAdministrativeExpenses": 168518000, "sellingAndMarketingExpenses": 267518000, "sellingGeneralAndAdministrativeExpenses": 436036000, "otherExpenses": 15473000, "operatingExpenses": 737037000, "costAndExpenses": 1675802000, "interestIncome": 10201000, "interestExpense": -733000, "depreciationAndAmortization": 48969000, "ebitda": -20547000, "ebitdaratio": -0.0124131931, "operatingIncome": -20547000, "operatingIncomeRatio": -0.0124131931, "totalOtherIncomeExpensesNet": 24941000, "incomeBeforeTax": 4394000, "incomeBeforeTaxRatio": 0.0026545759, "incomeTaxExpense": 14668000, "netIncome": -10274000, "netIncomeRatio": -0.0062068986, "eps": -0.0805, "epsdiluted": -0.0805, "weightedAverageShsOut": 127702885, "weightedAverageShsOutDil": 127702885, "link": "https://www.sec.gov/Archives/edgar/data/1314727/000095017023065135/0000950170-23-065135-index.htm", "finalLink": "https://www.sec.gov/Archives/edgar/data/1314727/000095017023065135/sono-20230930.htm", "calculatedOtherExpenses": 0, "calculatedOperatingExpenses": 737037000, "calculatedNetInterest": 10934000, "calculatedOtherIncome": 14007000, "calculatedIncomeNonControlling": 0, "calculatedEbitda": 28422000}, {"date": "2022-10-01", "symbol": "SONO", "reportedCurrency": "USD", "cik": "0001314727", "fillingDate": "2022-11-23", "acceptedDate": "2022-11-23 16:02:39", "calendarYear": "2022", "period": "FY", "revenue": 1752336000, "costOfRevenue": 955969000, "grossProfit": 796367000, "grossProfitRatio": 0.4544602177, "researchAndDevelopmentExpenses": 256073000, "generalAndAdministrativeExpenses": 170429000, "sellingAndMarketingExpenses": 280333000, "sellingGeneralAndAdministrativeExpenses": 450762000, "otherExpenses": -21905000, "operatingExpenses": 706835000, "costAndExpenses": 1662804000, "interestIncome": 1655000, "interestExpense": 552000, "depreciationAndAmortization": 38504000, "ebitda": 107786000, "ebitdaratio": 0.0615098931, "operatingIncome": 69282000, "operatingIncomeRatio": 0.0395369381, "totalOtherIncomeExpensesNet": -552000, "incomeBeforeTax": 68730000, "incomeBeforeTaxRatio": 0.03922193, "incomeTaxExpense": 1347000, "netIncome": 67383000, "netIncomeRatio": 0.0384532418, "eps": 0.53, "epsdiluted": 0.49, "weightedAverageShsOut": 127691030, "weightedAverageShsOutDil": 137762078, "link": "https://www.sec.gov/Archives/edgar/data/1314727/000095017022025663/0000950170-22-025663-index.htm", "finalLink": "https://www.sec.gov/Archives/edgar/data/1314727/000095017022025663/sono-20221001.htm", "calculatedOtherExpenses": 20250000, "calculatedOperatingExpenses": 727085000, "calculatedNetInterest": 1103000, "calculatedOtherIncome": -1655000, "calculatedIncomeNonControlling": 0, "calculatedEbitda": 107786000}, {"date": "2021-10-02", "symbol": "SONO", "reportedCurrency": "USD", "cik": "0001314727", "fillingDate": "2021-11-22", "acceptedDate": "2021-11-22 16:01:48", "calendarYear": "2021", "period": "FY", "revenue": 1716744000, "costOfRevenue": 906750000, "grossProfit": 809994000, "grossProfitRatio": 0.4718199102, "researchAndDevelopmentExpenses": 230078000, "generalAndAdministrativeExpenses": 152828000, "sellingAndMarketingExpenses": 272124000, "sellingGeneralAndAdministrativeExpenses": 424952000, "otherExpenses": 2407000, "operatingExpenses": 655030000, "costAndExpenses": 1561780000, "interestIncome": 146000, "interestExpense": 592000, "depreciationAndAmortization": 36435000, "ebitda": 191399000, "ebitdaratio": 0.1114895407, "operatingIncome": 154964000, "operatingIncomeRatio": 0.0902662249, "totalOtherIncomeExpensesNet": 1961000, "incomeBeforeTax": 156925000, "incomeBeforeTaxRatio": 0.0914085035, "incomeTaxExpense": -1670000, "netIncome": 158595000, "netIncomeRatio": 0.0923812753, "eps": 1.3, "epsdiluted": 1.13, "weightedAverageShsOut": 122245212, "weightedAverageShsOutDil": 140309152, "link": "https://www.sec.gov/Archives/edgar/data/1314727/000131472721000039/0001314727-21-000039-index.htm", "finalLink": "https://www.sec.gov/Archives/edgar/data/1314727/000131472721000039/sono-20211002.htm", "calculatedOtherExpenses": 0, "calculatedOperatingExpenses": 655030000, "calculatedNetInterest": -446000, "calculatedOtherIncome": 2407000, "calculatedIncomeNonControlling": 0, "calculatedEbitda": 191399000}, {"date": "2020-10-03", "symbol": "SONO", "reportedCurrency": "USD", "cik": "0001314727", "fillingDate": "2020-11-23", "acceptedDate": "2020-11-23 16:38:12", "calendarYear": "2020", "period": "FY", "revenue": 1326328000, "costOfRevenue": 754372000, "grossProfit": 571956000, "grossProfitRatio": 0.4312326966, "researchAndDevelopmentExpenses": 214672000, "generalAndAdministrativeExpenses": 120978000, "sellingAndMarketingExpenses": 263539000, "sellingGeneralAndAdministrativeExpenses": 384517000, "otherExpenses": 6639000, "operatingExpenses": 599189000, "costAndExpenses": 1353561000, "interestIncome": 1998000, "interestExpense": 1487000, "depreciationAndAmortization": 36426000, "ebitda": 17830000, "ebitdaratio": 0.0134431302, "operatingIncome": -18596000, "operatingIncomeRatio": -0.0140206646, "totalOtherIncomeExpensesNet": -1487000, "incomeBeforeTax": -20083000, "incomeBeforeTaxRatio": -0.015141805, "incomeTaxExpense": 32000, "netIncome": -20115000, "netIncomeRatio": -0.0151659318, "eps": -0.18, "epsdiluted": -0.18, "weightedAverageShsOut": 109807154, "weightedAverageShsOutDil": 109807154, "link": "https://www.sec.gov/Archives/edgar/data/1314727/000131472720000052/0001314727-20-000052-index.htm", "finalLink": "https://www.sec.gov/Archives/edgar/data/1314727/000131472720000052/sono-20201003.htm", "calculatedOtherExpenses": -8637000, "calculatedOperatingExpenses": 590552000, "calculatedNetInterest": 511000, "calculatedOtherIncome": -1998000, "calculatedIncomeNonControlling": 0, "calculatedEbitda": 17830000}, {"date": "2019-09-28", "symbol": "SONO", "reportedCurrency": "USD", "cik": "0001314727", "fillingDate": "2019-11-26", "acceptedDate": "2019-11-25 17:51:18", "calendarYear": "2019", "period": "FY", "revenue": 1260823000, "costOfRevenue": 733480000, "grossProfit": 527343000, "grossProfitRatio": 0.4182529982, "researchAndDevelopmentExpenses": 171174000, "generalAndAdministrativeExpenses": 102871000, "sellingAndMarketingExpenses": 247599000, "sellingGeneralAndAdministrativeExpenses": 350470000, "otherExpenses": -8625000, "operatingExpenses": 521644000, "costAndExpenses": 1255124000, "interestIncome": 4349000, "interestExpense": 2499000, "depreciationAndAmortization": 36415000, "ebitda": 37838000, "ebitdaratio": 0.0300105566, "operatingIncome": 1423000, "operatingIncomeRatio": 0.0011286279, "totalOtherIncomeExpensesNet": -2499000, "incomeBeforeTax": -1076000, "incomeBeforeTaxRatio": -0.0008534108, "incomeTaxExpense": 3690000, "netIncome": -4766000, "netIncomeRatio": -0.0037800706, "eps": -0.0459, "epsdiluted": -0.0459, "weightedAverageShsOut": 103783006, "weightedAverageShsOutDil": 103783006, "link": "https://www.sec.gov/Archives/edgar/data/1314727/000131472719000038/0001314727-19-000038-index.htm", "finalLink": "https://www.sec.gov/Archives/edgar/data/1314727/000131472719000038/sono-20190928x10k.htm", "calculatedOtherExpenses": 4276000, "calculatedOperatingExpenses": 525920000, "calculatedNetInterest": 1850000, "calculatedOtherIncome": -4349000, "calculatedIncomeNonControlling": 0, "calculatedEbitda": 37838000}, {"date": "2018-09-29", "symbol": "SONO", "reportedCurrency": "USD", "cik": "0001314727", "fillingDate": "2018-11-28", "acceptedDate": "2018-11-28 16:58:13", "calendarYear": "2018", "period": "FY", "revenue": 1137008000, "costOfRevenue": 647700000, "grossProfit": 489308000, "grossProfitRatio": 0.430347016, "researchAndDevelopmentExpenses": 142109000, "generalAndAdministrativeExpenses": 85205000, "sellingAndMarketingExpenses": 270869000, "sellingGeneralAndAdministrativeExpenses": 356074000, "otherExpenses": -1162000, "operatingExpenses": 498183000, "costAndExpenses": 1145883000, "interestIncome": 0, "interestExpense": 4511000, "depreciationAndAmortization": 39358000, "ebitda": 29321000, "ebitdaratio": 0.0257878573, "operatingIncome": -8875000, "operatingIncomeRatio": -0.0078055739, "totalOtherIncomeExpensesNet": -1162000, "incomeBeforeTax": -14548000, "incomeBeforeTaxRatio": -0.0127949847, "incomeTaxExpense": 1056000, "netIncome": -15604000, "netIncomeRatio": -0.0137237381, "eps": -0.24, "epsdiluted": -0.24, "weightedAverageShsOut": 65706215, "weightedAverageShsOutDil": 65706215, "link": "https://www.sec.gov/Archives/edgar/data/1314727/000131472718000015/0001314727-18-000015-index.htm", "finalLink": "https://www.sec.gov/Archives/edgar/data/1314727/000131472718000015/sono-20180929x10k.htm", "calculatedOtherExpenses": 0, "calculatedOperatingExpenses": 498183000, "calculatedNetInterest": -4511000, "calculatedOtherIncome": -1162000, "calculatedIncomeNonControlling": 0, "calculatedEbitda": 30483000}, {"date": "2017-09-30", "symbol": "SONO", "reportedCurrency": "USD", "cik": "0001314727", "fillingDate": "2017-09-30", "acceptedDate": "2017-09-29 20:00:00", "calendarYear": "2017", "period": "FY", "revenue": 992526000, "costOfRevenue": 536461000, "grossProfit": 456065000, "grossProfitRatio": 0.4594992978, "researchAndDevelopmentExpenses": 124394000, "generalAndAdministrativeExpenses": 77118000, "sellingAndMarketingExpenses": 270162000, "sellingGeneralAndAdministrativeExpenses": 347280000, "otherExpenses": 3361000, "operatingExpenses": 471674000, "costAndExpenses": 1008135000, "interestIncome": 0, "interestExpense": 4260000, "depreciationAndAmortization": 35014000, "ebitda": 22766000, "ebitdaratio": 0.0229374344, "operatingIncome": -15609000, "operatingIncomeRatio": -0.0157265402, "totalOtherIncomeExpensesNet": 3361000, "incomeBeforeTax": -16508000, "incomeBeforeTaxRatio": -0.0166323099, "incomeTaxExpense": -2291000, "netIncome": -14217000, "netIncomeRatio": -0.014324058, "eps": -0.16, "epsdiluted": -0.13, "weightedAverageShsOut": 91672350, "weightedAverageShsOutDil": 105848263, "link": "", "finalLink": "", "calculatedOtherExpenses": 0, "calculatedOperatingExpenses": 471674000, "calculatedNetInterest": -4260000, "calculatedOtherIncome": 3361000, "calculatedIncomeNonControlling": 0, "calculatedEbitda": 19405000}, {"date": "2016-09-30", "symbol": "SONO", "reportedCurrency": "USD", "cik": "0001314727", "fillingDate": "2016-09-30", "acceptedDate": "2016-09-29 20:00:00", "calendarYear": "2016", "period": "FY", "revenue": 901284000, "costOfRevenue": 497885000, "grossProfit": 403399000, "grossProfitRatio": 0.44758256, "researchAndDevelopmentExpenses": 107729000, "generalAndAdministrativeExpenses": 68531000, "sellingAndMarketingExpenses": 258012000, "sellingGeneralAndAdministrativeExpenses": 326543000, "otherExpenses": -2208000, "operatingExpenses": 434272000, "costAndExpenses": 932157000, "interestIncome": 0, "interestExpense": 2489000, "depreciationAndAmortization": 34323000, "ebitda": 1242000, "ebitdaratio": 0.001378034, "operatingIncome": -30873000, "operatingIncomeRatio": -0.0342544636, "totalOtherIncomeExpensesNet": -2208000, "incomeBeforeTax": -35570000, "incomeBeforeTaxRatio": -0.0394659175, "incomeTaxExpense": 2644000, "netIncome": -38214000, "netIncomeRatio": -0.04239951, "eps": -0.42, "epsdiluted": -0.36, "weightedAverageShsOut": 91672350, "weightedAverageShsOutDil": 105848263, "link": "", "finalLink": "", "calculatedOtherExpenses": 0, "calculatedOperatingExpenses": 434272000, "calculatedNetInterest": -2489000, "calculatedOtherIncome": -2208000, "calculatedIncomeNonControlling": 0, "calculatedEbitda": 3450000}, {"date": "2015-09-30", "symbol": "SONO", "reportedCurrency": "USD", "cik": "0001314727", "fillingDate": "2015-09-30", "acceptedDate": "2015-09-29 20:00:00", "calendarYear": "2015", "period": "FY", "revenue": 843524000, "costOfRevenue": 461387000, "grossProfit": 382137000, "grossProfitRatio": 0.4530244546, "researchAndDevelopmentExpenses": 100653000, "generalAndAdministrativeExpenses": 64805000, "sellingAndMarketingExpenses": 272427000, "sellingGeneralAndAdministrativeExpenses": 337232000, "otherExpenses": -9631000, "operatingExpenses": 437885000, "costAndExpenses": 899272000, "interestIncome": 0, "interestExpense": 156000, "depreciationAndAmortization": 27858000, "ebitda": -37521000, "ebitdaratio": -0.0444812477, "operatingIncome": -55748000, "operatingIncomeRatio": -0.0660894059, "totalOtherIncomeExpensesNet": -9631000, "incomeBeforeTax": -65535000, "incomeBeforeTaxRatio": -0.077691921, "incomeTaxExpense": 3242000, "netIncome": -68777000, "netIncomeRatio": -0.0815353209, "eps": -0.77, "epsdiluted": -0.77, "weightedAverageShsOut": 88797136, "weightedAverageShsOutDil": 88797136, "link": "", "finalLink": "", "calculatedOtherExpenses": 0, "calculatedOperatingExpenses": 437885000, "calculatedNetInterest": -156000, "calculatedOtherIncome": -9631000, "calculatedIncomeNonControlling": 0, "calculatedEbitda": -27890000}]}