{"originalCurrency": "USD", "convertedCurrency": "USD", "report": [{"date": "2023-12-31", "symbol": "SPG", "reportedCurrency": "USD", "cik": "0001063761", "fillingDate": "2024-02-22", "acceptedDate": "2024-02-22 16:11:39", "calendarYear": "2023", "period": "FY", "revenue": 5658836000, "costOfRevenue": 931129000, "grossProfit": 4727707000, "grossProfitRatio": 0.8354557368, "researchAndDevelopmentExpenses": 0, "generalAndAdministrativeExpenses": 38513000, "sellingAndMarketingExpenses": 127346000, "sellingGeneralAndAdministrativeExpenses": 165859000, "otherExpenses": 1754826000, "operatingExpenses": 1920685000, "costAndExpenses": 2851814000, "interestIncome": 0, "interestExpense": 854648000, "depreciationAndAmortization": 1262107000, "ebitda": 4069129000, "ebitdaratio": 0.7190752657, "operatingIncome": 2807022000, "operatingIncomeRatio": 0.4960422956, "totalOtherIncomeExpensesNet": -2807015020, "incomeBeforeTax": 6980, "incomeBeforeTaxRatio": 1.2335e-06, "incomeTaxExpense": 81874000, "netIncome": 6980, "netIncomeRatio": 1.2335e-06, "eps": 0, "epsdiluted": 0, "weightedAverageShsOut": 326807326, "weightedAverageShsOutDil": 326807326, "link": "https://www.sec.gov/Archives/edgar/data/1063761/000155837024001532/0001558370-24-001532-index.htm", "finalLink": "https://www.sec.gov/Archives/edgar/data/1022344/000155837024001532/spg-20231231x10k.htm", "calculatedOtherExpenses": 1754826000, "calculatedOperatingExpenses": 1920685000, "calculatedNetInterest": -854648000, "calculatedOtherIncome": -1952367020, "calculatedIncomeNonControlling": -81874000, "calculatedEbitda": 4069129000}, {"date": "2022-12-31", "symbol": "SPG", "reportedCurrency": "USD", "cik": "0001063761", "fillingDate": "2023-02-23", "acceptedDate": "2023-02-23 09:45:23", "calendarYear": "2022", "period": "FY", "revenue": 5291447000, "costOfRevenue": 1000954000, "grossProfit": 4290493000, "grossProfitRatio": 0.810835486, "researchAndDevelopmentExpenses": 0, "generalAndAdministrativeExpenses": 34971000, "sellingAndMarketingExpenses": 107793000, "sellingGeneralAndAdministrativeExpenses": 142764000, "otherExpenses": 1564176000, "operatingExpenses": 1706940000, "costAndExpenses": 2707894000, "interestIncome": 761253000, "interestExpense": 762848000, "depreciationAndAmortization": 1875348000, "ebitda": 4458901000, "ebitdaratio": 0.8426619411, "operatingIncome": 2583553000, "operatingIncomeRatio": 0.4882507564, "totalOtherIncomeExpensesNet": -47656000, "incomeBeforeTax": 2535897000, "incomeBeforeTaxRatio": 0.4792445242, "incomeTaxExpense": 83512000, "netIncome": 2139535000, "netIncomeRatio": 0.4043383596, "eps": 6.69, "epsdiluted": 6.69, "weightedAverageShsOut": 327816695, "weightedAverageShsOutDil": 327816695, "link": "https://www.sec.gov/Archives/edgar/data/1063761/000155837023001840/0001558370-23-001840-index.htm", "finalLink": "https://www.sec.gov/Archives/edgar/data/1022344/000155837023001840/spg-20221231x10k.htm", "calculatedOtherExpenses": 1564176000, "calculatedOperatingExpenses": 1706940000, "calculatedNetInterest": -1595000, "calculatedOtherIncome": -46061000, "calculatedIncomeNonControlling": 312850000, "calculatedEbitda": 4458901000}, {"date": "2021-12-31", "symbol": "SPG", "reportedCurrency": "USD", "cik": "0001063761", "fillingDate": "2022-02-24", "acceptedDate": "2022-02-24 07:50:39", "calendarYear": "2021", "period": "FY", "revenue": 5116789000, "costOfRevenue": 971064000, "grossProfit": 4145725000, "grossProfitRatio": 0.8102200423, "researchAndDevelopmentExpenses": 0, "generalAndAdministrativeExpenses": 30339000, "sellingAndMarketingExpenses": 114303000, "sellingGeneralAndAdministrativeExpenses": 144642000, "otherExpenses": 1587893000, "operatingExpenses": 1732535000, "costAndExpenses": 2703599000, "interestIncome": 795712000, "interestExpense": 795712000, "depreciationAndAmortization": 2045552000, "ebitda": 4458742000, "ebitdaratio": 0.8713945406, "operatingIncome": 2413190000, "operatingIncomeRatio": 0.4716219488, "totalOtherIncomeExpensesNet": 312716000, "incomeBeforeTax": 2725906000, "incomeBeforeTaxRatio": 0.5327376212, "incomeTaxExpense": 157199000, "netIncome": 2249631000, "netIncomeRatio": 0.4396567848, "eps": 6.23, "epsdiluted": 6.23, "weightedAverageShsOut": 328587137, "weightedAverageShsOutDil": 328587137, "link": "https://www.sec.gov/Archives/edgar/data/1063761/000155837022001845/0001558370-22-001845-index.htm", "finalLink": "https://www.sec.gov/Archives/edgar/data/1022344/000155837022001845/spg-20211231x10k.htm", "calculatedOtherExpenses": 1587893000, "calculatedOperatingExpenses": 1732535000, "calculatedNetInterest": 0, "calculatedOtherIncome": 312716000, "calculatedIncomeNonControlling": 319076000, "calculatedEbitda": 4458742000}, {"date": "2020-12-31", "symbol": "SPG", "reportedCurrency": "USD", "cik": "0001063761", "fillingDate": "2021-02-25", "acceptedDate": "2021-02-25 06:28:02", "calendarYear": "2020", "period": "FY", "revenue": 4607503000, "costOfRevenue": 887154000, "grossProfit": 3720349000, "grossProfitRatio": 0.8074544932, "researchAndDevelopmentExpenses": 0, "generalAndAdministrativeExpenses": 22572000, "sellingAndMarketingExpenses": 98613000, "sellingGeneralAndAdministrativeExpenses": 121185000, "otherExpenses": 1627355000, "operatingExpenses": 1748540000, "costAndExpenses": 2635694000, "interestIncome": 784400000, "interestExpense": 784400000, "depreciationAndAmortization": 1537878000, "ebitda": 3509687000, "ebitdaratio": 0.7617329821, "operatingIncome": 1971809000, "operatingIncomeRatio": 0.4279560968, "totalOtherIncomeExpensesNet": -699122000, "incomeBeforeTax": 1272687000, "incomeBeforeTaxRatio": 0.2762205472, "incomeTaxExpense": -4637000, "netIncome": 1112564000, "netIncomeRatio": 0.241467884, "eps": 4.03, "epsdiluted": 4.03, "weightedAverageShsOut": 308737625, "weightedAverageShsOutDil": 308737625, "link": "https://www.sec.gov/Archives/edgar/data/1063761/000155837021001700/0001558370-21-001700-index.htm", "finalLink": "https://www.sec.gov/Archives/edgar/data/1022344/000155837021001700/spg-20201231x10k.htm", "calculatedOtherExpenses": 1627355000, "calculatedOperatingExpenses": 1748540000, "calculatedNetInterest": 0, "calculatedOtherIncome": -699122000, "calculatedIncomeNonControlling": 164760000, "calculatedEbitda": 3509687000}, {"date": "2019-12-31", "symbol": "SPG", "reportedCurrency": "USD", "cik": "0001063761", "fillingDate": "2020-02-21", "acceptedDate": "2020-02-21 10:36:58", "calendarYear": "2019", "period": "FY", "revenue": 5755189000, "costOfRevenue": 1021644000, "grossProfit": 4733545000, "grossProfitRatio": 0.8224829801, "researchAndDevelopmentExpenses": 0, "generalAndAdministrativeExpenses": 34860000, "sellingAndMarketingExpenses": 150344000, "sellingGeneralAndAdministrativeExpenses": 185204000, "otherExpenses": 1640510000, "operatingExpenses": 1825714000, "costAndExpenses": 2847358000, "interestIncome": 789353000, "interestExpense": 789353000, "depreciationAndAmortization": 1784852000, "ebitda": 4692683000, "ebitdaratio": 0.8153829527, "operatingIncome": 2907831000, "operatingIncomeRatio": 0.5052537805, "totalOtherIncomeExpensesNet": -454589000, "incomeBeforeTax": 2453242000, "incomeBeforeTaxRatio": 0.4262661052, "incomeTaxExpense": 30054000, "netIncome": 2101584000, "netIncomeRatio": 0.3651633335, "eps": 6.79, "epsdiluted": 6.79, "weightedAverageShsOut": 307950112, "weightedAverageShsOutDil": 307950112, "link": "https://www.sec.gov/Archives/edgar/data/1063761/000155837020001135/0001558370-20-001135-index.htm", "finalLink": "https://www.sec.gov/Archives/edgar/data/1022344/000155837020001135/spg-20191231x10k.htm", "calculatedOtherExpenses": 1640510000, "calculatedOperatingExpenses": 1825714000, "calculatedNetInterest": 0, "calculatedOtherIncome": -454589000, "calculatedIncomeNonControlling": 321604000, "calculatedEbitda": 4692683000}, {"date": "2018-12-31", "symbol": "SPG", "reportedCurrency": "USD", "cik": "0001063761", "fillingDate": "2019-02-22", "acceptedDate": "2019-02-22 06:47:24", "calendarYear": "2018", "period": "FY", "revenue": 5657919000, "costOfRevenue": 1007964000, "grossProfit": 4649955000, "grossProfitRatio": 0.8218489872, "researchAndDevelopmentExpenses": 0, "generalAndAdministrativeExpenses": 46543000, "sellingAndMarketingExpenses": 151241000, "sellingGeneralAndAdministrativeExpenses": 197784000, "otherExpenses": 1541084000, "operatingExpenses": 1738868000, "costAndExpenses": 2746832000, "interestIncome": 0, "interestExpense": 815923000, "depreciationAndAmortization": 1282454000, "ebitda": 4668791000, "ebitdaratio": 0.8251781264, "operatingIncome": 2911087000, "operatingIncomeRatio": 0.5145154959, "totalOtherIncomeExpensesNet": 764077000, "incomeBeforeTax": 2859241000, "incomeBeforeTaxRatio": 0.5053520561, "incomeTaxExpense": 36898000, "netIncome": 2440058000, "netIncomeRatio": 0.4312642157, "eps": 7.88, "epsdiluted": 7.88, "weightedAverageShsOut": 309627000, "weightedAverageShsOutDil": 309627000, "link": "https://www.sec.gov/Archives/edgar/data/1063761/000155837019000875/0001558370-19-000875-index.htm", "finalLink": "https://www.sec.gov/Archives/edgar/data/1022344/000155837019000875/spg-20181231x10k.htm", "calculatedOtherExpenses": 1541084000, "calculatedOperatingExpenses": 1738868000, "calculatedNetInterest": -815923000, "calculatedOtherIncome": 764077000, "calculatedIncomeNonControlling": 382285000, "calculatedEbitda": 4193541000}, {"date": "2017-12-31", "symbol": "SPG", "reportedCurrency": "USD", "cik": "0001063761", "fillingDate": "2018-02-23", "acceptedDate": "2018-02-23 06:36:17", "calendarYear": "2017", "period": "FY", "revenue": 5538640000, "costOfRevenue": 980080000, "grossProfit": 4558560000, "grossProfitRatio": 0.8230468129, "researchAndDevelopmentExpenses": 0, "generalAndAdministrativeExpenses": 51972000, "sellingAndMarketingExpenses": 150865000, "sellingGeneralAndAdministrativeExpenses": 202837000, "otherExpenses": 1553383000, "operatingExpenses": 1756220000, "costAndExpenses": 2736300000, "interestIncome": 0, "interestExpense": 809393000, "depreciationAndAmortization": 1275452000, "ebitda": 4478062000, "ebitdaratio": 0.8085129201, "operatingIncome": 2802340000, "operatingIncomeRatio": 0.5059617523, "totalOtherIncomeExpensesNet": 275299000, "incomeBeforeTax": 2268246000, "incomeBeforeTaxRatio": 0.4095312207, "incomeTaxExpense": 23343000, "netIncome": 1947962000, "netIncomeRatio": 0.3517040284, "eps": 6.24, "epsdiluted": 6.24, "weightedAverageShsOut": 311517000, "weightedAverageShsOutDil": 311517000, "link": "https://www.sec.gov/Archives/edgar/data/1063761/000155837018000981/0001558370-18-000981-index.htm", "finalLink": "https://www.sec.gov/Archives/edgar/data/1022344/000155837018000981/spg-20171231x10k.htm", "calculatedOtherExpenses": 1553383000, "calculatedOperatingExpenses": 1756220000, "calculatedNetInterest": -809393000, "calculatedOtherIncome": 275299000, "calculatedIncomeNonControlling": 296941000, "calculatedEbitda": 4077792000}, {"date": "2016-12-31", "symbol": "SPG", "reportedCurrency": "USD", "cik": "0001063761", "fillingDate": "2017-02-24", "acceptedDate": "2017-02-24 06:21:48", "calendarYear": "2016", "period": "FY", "revenue": 5435229000, "costOfRevenue": 971147000, "grossProfit": 4464082000, "grossProfitRatio": 0.8213236278, "researchAndDevelopmentExpenses": 0, "generalAndAdministrativeExpenses": 65082000, "sellingAndMarketingExpenses": 142801000, "sellingGeneralAndAdministrativeExpenses": 207883000, "otherExpenses": 1535371000, "operatingExpenses": 1743254000, "costAndExpenses": 2714401000, "interestIncome": 0, "interestExpense": 857554000, "depreciationAndAmortization": 1252673000, "ebitda": 4326835000, "ebitdaratio": 0.7960722538, "operatingIncome": 2720828000, "operatingIncomeRatio": 0.5005912354, "totalOtherIncomeExpensesNet": 301110000, "incomeBeforeTax": 2164384000, "incomeBeforeTaxRatio": 0.3982139483, "incomeTaxExpense": 29678000, "netIncome": 1838896000, "netIncomeRatio": 0.338329075, "eps": 5.87, "epsdiluted": 5.87, "weightedAverageShsOut": 312690756, "weightedAverageShsOutDil": 312691000, "link": "https://www.sec.gov/Archives/edgar/data/1063761/000155837017000934/0001558370-17-000934-index.htm", "finalLink": "https://www.sec.gov/Archives/edgar/data/1022344/000155837017000934/spg-20161231x10k.htm", "calculatedOtherExpenses": 1535371000, "calculatedOperatingExpenses": 1743254000, "calculatedNetInterest": -857554000, "calculatedOtherIncome": 301110000, "calculatedIncomeNonControlling": 295810000, "calculatedEbitda": 3973501000}, {"date": "2015-12-31", "symbol": "SPG", "reportedCurrency": "USD", "cik": "0001063761", "fillingDate": "2016-02-26", "acceptedDate": "2016-02-26 06:04:06", "calendarYear": "2015", "period": "FY", "revenue": 5266103000, "costOfRevenue": 960192000, "grossProfit": 4305911000, "grossProfitRatio": 0.8176655489, "researchAndDevelopmentExpenses": 0, "generalAndAdministrativeExpenses": 60329000, "sellingAndMarketingExpenses": 134854000, "sellingGeneralAndAdministrativeExpenses": 195183000, "otherExpenses": 1441855000, "operatingExpenses": 1637038000, "costAndExpenses": 2597230000, "interestIncome": 0, "interestExpense": 923697000, "depreciationAndAmortization": 1177568000, "ebitda": 4131247000, "ebitdaratio": 0.7844979485, "operatingIncome": 2668873000, "operatingIncomeRatio": 0.5068022786, "totalOtherIncomeExpensesNet": 414369000, "incomeBeforeTax": 2159545000, "incomeBeforeTaxRatio": 0.4100840793, "incomeTaxExpense": 20170000, "netIncome": 1827720000, "netIncomeRatio": 0.3470725886, "eps": 5.88, "epsdiluted": 5.88, "weightedAverageShsOut": 310102746, "weightedAverageShsOutDil": 310103000, "link": "https://www.sec.gov/Archives/edgar/data/1063761/000104746916010465/0001047469-16-010465-index.htm", "finalLink": "https://www.sec.gov/Archives/edgar/data/1063761/000104746916010465/a2227275z10-k.htm", "calculatedOtherExpenses": 1441855000, "calculatedOperatingExpenses": 1637038000, "calculatedNetInterest": -923697000, "calculatedOtherIncome": 414369000, "calculatedIncomeNonControlling": 311655000, "calculatedEbitda": 3846441000}, {"date": "2014-12-31", "symbol": "SPG", "reportedCurrency": "USD", "cik": "0001063761", "fillingDate": "2015-02-27", "acceptedDate": "2015-02-27 06:05:45", "calendarYear": "2014", "period": "FY", "revenue": 4870818000, "costOfRevenue": 882803000, "grossProfit": 3988015000, "grossProfitRatio": 0.8187567263, "researchAndDevelopmentExpenses": 0, "generalAndAdministrativeExpenses": 59958000, "sellingAndMarketingExpenses": 136656000, "sellingGeneralAndAdministrativeExpenses": 196614000, "otherExpenses": 1406059000, "operatingExpenses": 1602673000, "costAndExpenses": 2485476000, "interestIncome": 0, "interestExpense": 992601000, "depreciationAndAmortization": 1143827000, "ebitda": 3755943000, "ebitdaratio": 0.7711113411, "operatingIncome": 2385342000, "operatingIncomeRatio": 0.4897210284, "totalOtherIncomeExpensesNet": 257509000, "incomeBeforeTax": 1650250000, "incomeBeforeTaxRatio": 0.3388034618, "incomeTaxExpense": 28085000, "netIncome": 1408588000, "netIncomeRatio": 0.2891892081, "eps": 4.52, "epsdiluted": 4.52, "weightedAverageShsOut": 310731000, "weightedAverageShsOutDil": 310731000, "link": "https://www.sec.gov/Archives/edgar/data/1063761/000104746915001339/0001047469-15-001339-index.htm", "finalLink": "https://www.sec.gov/Archives/edgar/data/1063761/000104746915001339/a2222982z10-k.htm", "calculatedOtherExpenses": 1406059000, "calculatedOperatingExpenses": 1602673000, "calculatedNetInterest": -992601000, "calculatedOtherIncome": 257509000, "calculatedIncomeNonControlling": 213577000, "calculatedEbitda": 3529169000}, {"date": "2013-12-31", "symbol": "SPG", "reportedCurrency": "USD", "cik": "0001063761", "fillingDate": "2014-02-27", "acceptedDate": "2014-02-27 06:03:32", "calendarYear": "2013", "period": "FY", "revenue": 5170138000, "costOfRevenue": 1040835000, "grossProfit": 4129303000, "grossProfitRatio": 0.7986833233, "researchAndDevelopmentExpenses": 0, "generalAndAdministrativeExpenses": 59803000, "sellingAndMarketingExpenses": 126210000, "sellingGeneralAndAdministrativeExpenses": 186013000, "otherExpenses": 1527601000, "operatingExpenses": 1713614000, "costAndExpenses": 2754449000, "interestIncome": 0, "interestExpense": 1137139000, "depreciationAndAmortization": 1290528000, "ebitda": 3911476000, "ebitdaratio": 0.7565515659, "operatingIncome": 2415689000, "operatingIncomeRatio": 0.4672387855, "totalOtherIncomeExpensesNet": 312774000, "incomeBeforeTax": 1591324000, "incomeBeforeTaxRatio": 0.3077913974, "incomeTaxExpense": 39734000, "netIncome": 1319641000, "netIncomeRatio": 0.2552428968, "eps": 4.24, "epsdiluted": 4.24, "weightedAverageShsOut": 310255000, "weightedAverageShsOutDil": 310255000, "link": "https://www.sec.gov/Archives/edgar/data/1063761/000104746914001416/0001047469-14-001416-index.htm", "finalLink": "https://www.sec.gov/Archives/edgar/data/1063761/000104746914001416/a2218246z10-k.htm", "calculatedOtherExpenses": 1527601000, "calculatedOperatingExpenses": 1713614000, "calculatedNetInterest": -1137139000, "calculatedOtherIncome": 312774000, "calculatedIncomeNonControlling": 231949000, "calculatedEbitda": 3706217000}, {"date": "2012-12-31", "symbol": "SPG", "reportedCurrency": "USD", "cik": "0001063761", "fillingDate": "2013-02-28", "acceptedDate": "2013-02-28 06:24:20", "calendarYear": "2012", "period": "FY", "revenue": 4880084000, "costOfRevenue": 1005190000, "grossProfit": 3874894000, "grossProfitRatio": 0.7940219881, "researchAndDevelopmentExpenses": 0, "generalAndAdministrativeExpenses": 57144000, "sellingAndMarketingExpenses": 118790000, "sellingGeneralAndAdministrativeExpenses": 175934000, "otherExpenses": 1484786000, "operatingExpenses": 1660720000, "costAndExpenses": 2665910000, "interestIncome": 0, "interestExpense": 1127025000, "depreciationAndAmortization": 1257569000, "ebitda": 3603650000, "ebitdaratio": 0.738440158, "operatingIncome": 2220600000, "operatingIncomeRatio": 0.4550331511, "totalOtherIncomeExpensesNet": 648363000, "incomeBeforeTax": 1735512000, "incomeBeforeTaxRatio": 0.3556315834, "incomeTaxExpense": 15880000, "netIncome": 1434496000, "netIncomeRatio": 0.2939490386, "eps": 4.72, "epsdiluted": 4.72, "weightedAverageShsOut": 303137000, "weightedAverageShsOutDil": 303138000, "link": "https://www.sec.gov/Archives/edgar/data/1063761/000104746913001862/0001047469-13-001862-index.htm", "finalLink": "https://www.sec.gov/Archives/edgar/data/1063761/000104746913001862/a2212760z10-k.htm", "calculatedOtherExpenses": 1478360000, "calculatedOperatingExpenses": 1654294000, "calculatedNetInterest": -1127025000, "calculatedOtherIncome": 641937000, "calculatedIncomeNonControlling": 285136000, "calculatedEbitda": 3478169000}, {"date": "2011-12-31", "symbol": "SPG", "reportedCurrency": "USD", "cik": "0001063761", "fillingDate": "2012-02-28", "acceptedDate": "2012-02-28 06:13:04", "calendarYear": "2011", "period": "FY", "revenue": 4306432000, "costOfRevenue": 436571000, "grossProfit": 3869861000, "grossProfitRatio": 0.8986235008, "researchAndDevelopmentExpenses": 0, "generalAndAdministrativeExpenses": 288433000, "sellingAndMarketingExpenses": 107002000, "sellingGeneralAndAdministrativeExpenses": 395435000, "otherExpenses": 1539284000, "operatingExpenses": 1934719000, "costAndExpenses": 2371290000, "interestIncome": 0, "interestExpense": 983526000, "depreciationAndAmortization": 1065946000, "ebitda": 3004671000, "ebitdaratio": 0.6977170428, "operatingIncome": 1935142000, "operatingIncomeRatio": 0.449360863, "totalOtherIncomeExpensesNet": 294284000, "incomeBeforeTax": 1249483000, "incomeBeforeTaxRatio": 0.2901434413, "incomeTaxExpense": 3583000, "netIncome": 1024799000, "netIncomeRatio": 0.2379693909, "eps": 3.48, "epsdiluted": 3.48, "weightedAverageShsOut": 293504000, "weightedAverageShsOutDil": 293573000, "link": "https://www.sec.gov/Archives/edgar/data/1063761/000104746912001667/0001047469-12-001667-index.htm", "finalLink": "https://www.sec.gov/Archives/edgar/data/1063761/000104746912001667/a2207375z10-k.htm", "calculatedOtherExpenses": 1539284000, "calculatedOperatingExpenses": 1934719000, "calculatedNetInterest": -983526000, "calculatedOtherIncome": 297867000, "calculatedIncomeNonControlling": 221101000, "calculatedEbitda": 3001088000}, {"date": "2010-12-31", "symbol": "SPG", "reportedCurrency": "USD", "cik": "0001063761", "fillingDate": "2011-02-25", "acceptedDate": "2011-02-25 06:03:14", "calendarYear": "2010", "period": "FY", "revenue": 3957630000, "costOfRevenue": 414264000, "grossProfit": 3543366000, "grossProfitRatio": 0.8953252325, "researchAndDevelopmentExpenses": 0, "generalAndAdministrativeExpenses": 199553000, "sellingAndMarketingExpenses": 97194000, "sellingGeneralAndAdministrativeExpenses": 296747000, "otherExpenses": 1434335000, "operatingExpenses": 1731082000, "costAndExpenses": 2145346000, "interestIncome": 0, "interestExpense": 1027091000, "depreciationAndAmortization": 1016027000, "ebitda": 2904232000, "ebitdaratio": 0.733831106, "operatingIncome": 1744239000, "operatingIncomeRatio": 0.4407281631, "totalOtherIncomeExpensesNet": -350981000, "incomeBeforeTax": 434212000, "incomeBeforeTaxRatio": 0.1097151578, "incomeTaxExpense": 1734000, "netIncome": 617038000, "netIncomeRatio": 0.1559109871, "eps": 2.1, "epsdiluted": 2.1, "weightedAverageShsOut": 291076000, "weightedAverageShsOutDil": 291350000, "link": "https://www.sec.gov/Archives/edgar/data/1063761/000104746911001321/0001047469-11-001321-index.htm", "finalLink": "https://www.sec.gov/Archives/edgar/data/1063761/000104746911001321/a2202046z10-k.htm", "calculatedOtherExpenses": 1502380000, "calculatedOperatingExpenses": 1799127000, "calculatedNetInterest": -1027091000, "calculatedOtherIncome": -282936000, "calculatedIncomeNonControlling": -184560000, "calculatedEbitda": 2760266000}, {"date": "2009-12-31", "symbol": "SPG", "reportedCurrency": "USD", "cik": "0001063761", "fillingDate": "2010-02-25", "acceptedDate": "2010-02-25 11:12:02", "calendarYear": "2009", "period": "FY", "revenue": 3775216000, "costOfRevenue": 517439000, "grossProfit": 3257777000, "grossProfitRatio": 0.8629379087, "researchAndDevelopmentExpenses": 0, "generalAndAdministrativeExpenses": 133869000, "sellingAndMarketingExpenses": 93565000, "sellingGeneralAndAdministrativeExpenses": 227434000, "otherExpenses": 1426298000, "operatingExpenses": 1653732000, "costAndExpenses": 2171171000, "interestIncome": 0, "interestExpense": 992065000, "depreciationAndAmortization": 997598000, "ebitda": 2641863000, "ebitdaratio": 0.6997912172, "operatingIncome": 1406692000, "operatingIncomeRatio": 0.372612322, "totalOtherIncomeExpensesNet": -229938000, "incomeBeforeTax": 382042000, "incomeBeforeTaxRatio": 0.1011973884, "incomeTaxExpense": -5220000, "netIncome": 309407000, "netIncomeRatio": 0.0819574297, "eps": 1.06, "epsdiluted": 1.05, "weightedAverageShsOut": 267055000, "weightedAverageShsOutDil": 268472000, "link": "https://www.sec.gov/Archives/edgar/data/1063761/000104746910001324/0001047469-10-001324-index.htm", "finalLink": "https://www.sec.gov/Archives/edgar/data/1063761/000104746910001324/a2196642z10-k.htm", "calculatedOtherExpenses": 1623651000, "calculatedOperatingExpenses": 1851085000, "calculatedNetInterest": -992065000, "calculatedOtherIncome": -32585000, "calculatedIncomeNonControlling": 77855000, "calculatedEbitda": 2404290000}, {"date": "2008-12-31", "symbol": "SPG", "reportedCurrency": "USD", "cik": "0001063761", "fillingDate": "2009-02-26", "acceptedDate": "2009-02-26 17:05:34", "calendarYear": "2008", "period": "FY", "revenue": 3783155000, "costOfRevenue": 455874000, "grossProfit": 3327281000, "grossProfitRatio": 0.8794989896, "researchAndDevelopmentExpenses": 0, "generalAndAdministrativeExpenses": 273731000, "sellingAndMarketingExpenses": 96783000, "sellingGeneralAndAdministrativeExpenses": 370514000, "otherExpenses": 1395890000, "operatingExpenses": 1766404000, "costAndExpenses": 2222278000, "interestIncome": 0, "interestExpense": 947140000, "depreciationAndAmortization": 969477000, "ebitda": 2587868000, "ebitdaratio": 0.6840502173, "operatingIncome": 1560877000, "operatingIncomeRatio": 0.4125860558, "totalOtherIncomeExpensesNet": -25268000, "incomeBeforeTax": 467237000, "incomeBeforeTaxRatio": 0.1235045881, "incomeTaxExpense": 3581000, "netIncome": 463636000, "netIncomeRatio": 0.1225527371, "eps": 1.88, "epsdiluted": 1.87, "weightedAverageShsOut": 225333000, "weightedAverageShsOutDil": 225884000, "link": "https://www.sec.gov/Archives/edgar/data/1063761/000104746909001894/0001047469-09-001894-index.htm", "finalLink": "https://www.sec.gov/Archives/edgar/data/1063761/000104746909001894/a2190804z10-k.htm", "calculatedOtherExpenses": 1395890000, "calculatedOperatingExpenses": 1766404000, "calculatedNetInterest": -947140000, "calculatedOtherIncome": -146500000, "calculatedIncomeNonControlling": 20000, "calculatedEbitda": 2530354000}, {"date": "2007-12-31", "symbol": "SPG", "reportedCurrency": "USD", "cik": "0001063761", "fillingDate": "2008-02-26", "acceptedDate": "2008-02-26 16:08:47", "calendarYear": "2007", "period": "FY", "revenue": 3650799000, "costOfRevenue": 0, "grossProfit": 3650799000, "grossProfitRatio": 1, "researchAndDevelopmentExpenses": 0, "generalAndAdministrativeExpenses": 156197000, "sellingAndMarketingExpenses": 94340000, "sellingGeneralAndAdministrativeExpenses": 250537000, "otherExpenses": 1810136000, "operatingExpenses": 2060673000, "costAndExpenses": 2060673000, "interestIncome": 0, "interestExpense": 1055148000, "depreciationAndAmortization": 875284000, "ebitda": 2549217000, "ebitdaratio": 0.6982627638, "operatingIncome": 1535065000, "operatingIncomeRatio": 0.42047371, "totalOtherIncomeExpensesNet": -53455000, "incomeBeforeTax": 507982000, "incomeBeforeTaxRatio": 0.1391426918, "incomeTaxExpense": -11322000, "netIncome": 491239000, "netIncomeRatio": 0.1345565724, "eps": 1.96, "epsdiluted": 1.95, "weightedAverageShsOut": 222998000, "weightedAverageShsOutDil": 223777000, "link": "https://www.sec.gov/Archives/edgar/data/1063761/000104746908001745/0001047469-08-001745-index.htm", "finalLink": "https://www.sec.gov/Archives/edgar/data/1063761/000104746908001745/a2182898z10-k.htm", "calculatedOtherExpenses": 1865197000, "calculatedOperatingExpenses": 2115734000, "calculatedNetInterest": -1055148000, "calculatedOtherIncome": 28065000, "calculatedIncomeNonControlling": 28065000, "calculatedEbitda": 2410349000}, {"date": "2006-12-31", "symbol": "SPG", "reportedCurrency": "USD", "cik": "0001063761", "fillingDate": "2007-02-28", "acceptedDate": "2007-02-28 17:30:25", "calendarYear": "2006", "period": "FY", "revenue": 3332154000, "costOfRevenue": 0, "grossProfit": 3332154000, "grossProfitRatio": 1, "researchAndDevelopmentExpenses": 0, "generalAndAdministrativeExpenses": 145986000, "sellingAndMarketingExpenses": 88480000, "sellingGeneralAndAdministrativeExpenses": 234466000, "otherExpenses": 1777459000, "operatingExpenses": 2011925000, "costAndExpenses": 2011925000, "interestIncome": 0, "interestExpense": 745019000, "depreciationAndAmortization": 812718000, "ebitda": 2175321000, "ebitdaratio": 0.6528272703, "operatingIncome": 1320229000, "operatingIncomeRatio": 0.3962088787, "totalOtherIncomeExpensesNet": 1110000, "incomeBeforeTax": 574813000, "incomeBeforeTaxRatio": 0.1725049322, "incomeTaxExpense": 11370000, "netIncome": 563840000, "netIncomeRatio": 0.1692118672, "eps": 2.2, "epsdiluted": 2.19, "weightedAverageShsOut": 220975000, "weightedAverageShsOutDil": 221984018, "link": "https://www.sec.gov/Archives/edgar/data/1063761/000104746907001496/0001047469-07-001496-index.htm", "finalLink": "https://www.sec.gov/Archives/edgar/data/1063761/000104746907001496/a2176251z10-k.htm", "calculatedOtherExpenses": 1777459000, "calculatedOperatingExpenses": 2011925000, "calculatedNetInterest": -745019000, "calculatedOtherIncome": -397000, "calculatedIncomeNonControlling": -397000, "calculatedEbitda": 2132947000}, {"date": "2005-12-31", "symbol": "SPG", "reportedCurrency": "USD", "cik": "0001063761", "fillingDate": "2006-03-08", "acceptedDate": "2006-03-08 17:23:42", "calendarYear": "2005", "period": "FY", "revenue": 3166853000, "costOfRevenue": 0, "grossProfit": 3166853000, "grossProfitRatio": 1, "researchAndDevelopmentExpenses": 0, "generalAndAdministrativeExpenses": 135075000, "sellingAndMarketingExpenses": 92377000, "sellingGeneralAndAdministrativeExpenses": 227452000, "otherExpenses": 1733978000, "operatingExpenses": 1961430000, "costAndExpenses": 1961430000, "interestIncome": 0, "interestExpense": 745903000, "depreciationAndAmortization": 806638000, "ebitda": 2069077000, "ebitdaratio": 0.6533542921, "operatingIncome": 1205423000, "operatingIncomeRatio": 0.3806374972, "totalOtherIncomeExpensesNet": -13743000, "incomeBeforeTax": 392588000, "incomeBeforeTaxRatio": 0.1239678634, "incomeTaxExpense": -16229000, "netIncome": 475749000, "netIncomeRatio": 0.1502276866, "eps": 1.82, "epsdiluted": 1.82, "weightedAverageShsOut": 220821429, "weightedAverageShsOutDil": 220821429, "link": "https://www.sec.gov/Archives/edgar/data/1063761/000104746906003063/0001047469-06-003063-index.htm", "finalLink": "https://www.sec.gov/Archives/edgar/data/1063761/000104746906003063/a2167962z10-k.htm", "calculatedOtherExpenses": 1733978000, "calculatedOperatingExpenses": 1961430000, "calculatedNetInterest": -745903000, "calculatedOtherIncome": -66932000, "calculatedIncomeNonControlling": -66932000, "calculatedEbitda": 2012061000}, {"date": "2004-12-31", "symbol": "SPG", "reportedCurrency": "USD", "cik": "0001063761", "fillingDate": "2005-03-16", "acceptedDate": "2005-03-16 16:58:23", "calendarYear": "2004", "period": "FY", "revenue": 2641751000, "costOfRevenue": 0, "grossProfit": 2641751000, "grossProfitRatio": 1, "researchAndDevelopmentExpenses": 0, "generalAndAdministrativeExpenses": 16781000, "sellingAndMarketingExpenses": 69059000, "sellingGeneralAndAdministrativeExpenses": 85840000, "otherExpenses": 1502312000, "operatingExpenses": 1588152000, "costAndExpenses": 1588152000, "interestIncome": 0, "interestExpense": 722376000, "depreciationAndAmortization": 611090000, "ebitda": 1676180000, "ebitdaratio": 0.6344958325, "operatingIncome": 1053599000, "operatingIncomeRatio": 0.3988260059, "totalOtherIncomeExpensesNet": -662090000, "incomeBeforeTax": 391509000, "incomeBeforeTaxRatio": 0.1482005685, "incomeTaxExpense": -11770000, "netIncome": 342993000, "netIncomeRatio": 0.1298354765, "eps": 1.45, "epsdiluted": 1.44, "weightedAverageShsOut": 207342759, "weightedAverageShsOutDil": 208782639, "link": "https://www.sec.gov/Archives/edgar/data/1063761/000104746905006797/0001047469-05-006797-index.htm", "finalLink": "https://www.sec.gov/Archives/edgar/data/1063761/000104746905006797/a2153313z10-k.htm", "calculatedOtherExpenses": 1502312000, "calculatedOperatingExpenses": 1588152000, "calculatedNetInterest": -722376000, "calculatedOtherIncome": 60286000, "calculatedIncomeNonControlling": 60286000, "calculatedEbitda": 1664689000}, {"date": "2003-12-31", "symbol": "SPG", "reportedCurrency": "USD", "cik": "0001063761", "fillingDate": "2004-03-15", "acceptedDate": "2004-03-15 17:17:07", "calendarYear": "2003", "period": "FY", "revenue": 2313653000, "costOfRevenue": 0, "grossProfit": 2313653000, "grossProfitRatio": 1, "researchAndDevelopmentExpenses": 0, "generalAndAdministrativeExpenses": 15083000, "sellingAndMarketingExpenses": 61765000, "sellingGeneralAndAdministrativeExpenses": 76848000, "otherExpenses": 1251439000, "operatingExpenses": 1328287000, "costAndExpenses": 1328287000, "interestIncome": 0, "interestExpense": 613667000, "depreciationAndAmortization": 518560000, "ebitda": 1519653000, "ebitdaratio": 0.6568197565, "operatingIncome": 974785000, "operatingIncomeRatio": 0.4213185815, "totalOtherIncomeExpensesNet": -15727000, "incomeBeforeTax": 372275000, "incomeBeforeTaxRatio": 0.1609035581, "incomeTaxExpense": -7597000, "netIncome": 368715000, "netIncomeRatio": 0.1593648659, "eps": 1.65, "epsdiluted": 1.65, "weightedAverageShsOut": 190046667, "weightedAverageShsOutDil": 190046667, "link": "https://www.sec.gov/Archives/edgar/data/1063761/000104746904008046/0001047469-04-008046-index.htm", "finalLink": "https://www.sec.gov/Archives/edgar/data/1063761/000104746904008046/a2129556z10-k.htm", "calculatedOtherExpenses": 1262020000, "calculatedOperatingExpenses": 1338868000, "calculatedNetInterest": -613667000, "calculatedOtherIncome": 11157000, "calculatedIncomeNonControlling": 11157000, "calculatedEbitda": 1493345000}, {"date": "2002-12-31", "symbol": "SPG", "reportedCurrency": "USD", "cik": "0001063761", "fillingDate": "2003-03-07", "acceptedDate": "2003-03-07 10:59:11", "calendarYear": "2002", "period": "FY", "revenue": 2185802000, "costOfRevenue": 0, "grossProfit": 2185802000, "grossProfitRatio": 1, "researchAndDevelopmentExpenses": 0, "generalAndAdministrativeExpenses": 0, "sellingAndMarketingExpenses": 61327000, "sellingGeneralAndAdministrativeExpenses": 61327000, "otherExpenses": 1185737000, "operatingExpenses": 1247064000, "costAndExpenses": 1247064000, "interestIncome": 0, "interestExpense": 422588000, "depreciationAndAmortization": 491306000, "ebitda": 1430044000, "ebitdaratio": 0.6542422415, "operatingIncome": 938738000, "operatingIncomeRatio": 0.4294707389, "totalOtherIncomeExpensesNet": -516150000, "incomeBeforeTax": 422588000, "incomeBeforeTaxRatio": 0.1933331564, "incomeTaxExpense": -422588000, "netIncome": 422588000, "netIncomeRatio": 0.1933331564, "eps": 1.99, "epsdiluted": 1.99, "weightedAverageShsOut": 180093970, "weightedAverageShsOutDil": 180093970, "link": "https://www.sec.gov/Archives/edgar/data/1063761/000104746903008017/0001047469-03-008017-index.htm", "finalLink": "https://www.sec.gov/Archives/edgar/data/1063761/000104746903008017/a2104362z10-k.htm", "calculatedOtherExpenses": 1185737000, "calculatedOperatingExpenses": 1247064000, "calculatedNetInterest": -422588000, "calculatedOtherIncome": -93562000, "calculatedIncomeNonControlling": 422588000, "calculatedEbitda": 1430044000}, {"date": "2001-12-31", "symbol": "SPG", "reportedCurrency": "USD", "cik": "0001063761", "fillingDate": "2002-03-29", "acceptedDate": "2002-03-29 00:00:00", "calendarYear": "2001", "period": "FY", "revenue": 2048835000, "costOfRevenue": 0, "grossProfit": 2048835000, "grossProfitRatio": 1, "researchAndDevelopmentExpenses": 0, "generalAndAdministrativeExpenses": 0, "sellingAndMarketingExpenses": 64941000, "sellingGeneralAndAdministrativeExpenses": 64941000, "otherExpenses": 1150476000, "operatingExpenses": 1215417000, "costAndExpenses": 1215417000, "interestIncome": 0, "interestExpense": 199149000, "depreciationAndAmortization": 464892000, "ebitda": 1295707000, "ebitdaratio": 0.63241159, "operatingIncome": 833418000, "operatingIncomeRatio": 0.406776534, "totalOtherIncomeExpensesNet": 2603000, "incomeBeforeTax": 199149000, "incomeBeforeTaxRatio": 0.0972010923, "incomeTaxExpense": -199149000, "netIncome": 199149000, "netIncomeRatio": 0.0972010923, "eps": 0.86, "epsdiluted": 0.85, "weightedAverageShsOut": 171847674, "weightedAverageShsOutDil": 173869412, "link": "https://www.sec.gov/Archives/edgar/data/1063761/000091205702012722/0000912057-02-012722-index.htm", "finalLink": "https://www.sec.gov/Archives/edgar/data/1063761/000091205702012722/a2073964z10-k405.htm", "calculatedOtherExpenses": 1150476000, "calculatedOperatingExpenses": 1215417000, "calculatedNetInterest": -199149000, "calculatedOtherIncome": -435120000, "calculatedIncomeNonControlling": 199149000, "calculatedEbitda": 1298310000}, {"date": "2000-12-31", "symbol": "SPG", "reportedCurrency": "USD", "cik": "0001063761", "fillingDate": "2001-03-29", "acceptedDate": "2001-03-29 00:00:00", "calendarYear": "2000", "period": "FY", "revenue": 2020751000, "costOfRevenue": 0, "grossProfit": 2020751000, "grossProfitRatio": 1, "researchAndDevelopmentExpenses": 0, "generalAndAdministrativeExpenses": 0, "sellingAndMarketingExpenses": 65797000, "sellingGeneralAndAdministrativeExpenses": 65797000, "otherExpenses": 1054386000, "operatingExpenses": 1120183000, "costAndExpenses": 1120183000, "interestIncome": 0, "interestExpense": 223336000, "depreciationAndAmortization": 430472000, "ebitda": 1321908000, "ebitdaratio": 0.6541666935, "operatingIncome": 900568000, "operatingIncomeRatio": 0.4456600541, "totalOtherIncomeExpensesNet": 9132000, "incomeBeforeTax": 223336000, "incomeBeforeTaxRatio": 0.1105212864, "incomeTaxExpense": -223336000, "netIncome": 223336000, "netIncomeRatio": 0.1105212864, "eps": 1.08, "epsdiluted": 1.08, "weightedAverageShsOut": 172711111, "weightedAverageShsOutDil": 172711111, "link": "https://www.sec.gov/Archives/edgar/data/1063761/000091205701008704/0000912057-01-008704-index.htm", "finalLink": "https://www.sec.gov/Archives/edgar/data/1063761/000091205701008704/a2042763z10-k405.htm", "calculatedOtherExpenses": 1054386000, "calculatedOperatingExpenses": 1120183000, "calculatedNetInterest": -223336000, "calculatedOtherIncome": -453896000, "calculatedIncomeNonControlling": 223336000, "calculatedEbitda": 1331040000}, {"date": "1999-12-31", "symbol": "SPG", "reportedCurrency": "USD", "cik": "0001063761", "fillingDate": "2000-03-29", "acceptedDate": "2000-03-29 00:00:00", "calendarYear": "1999", "period": "FY", "revenue": 1892703000, "costOfRevenue": 0, "grossProfit": 1892703000, "grossProfitRatio": 1, "researchAndDevelopmentExpenses": 0, "generalAndAdministrativeExpenses": 0, "sellingAndMarketingExpenses": 65843000, "sellingGeneralAndAdministrativeExpenses": 65843000, "otherExpenses": 972615000, "operatingExpenses": 1038458000, "costAndExpenses": 1038458000, "interestIncome": 0, "interestExpense": 579593000, "depreciationAndAmortization": 394004000, "ebitda": 1248249000, "ebitdaratio": 0.6595060081, "operatingIncome": 854245000, "operatingIncomeRatio": 0.4513359994, "totalOtherIncomeExpensesNet": -579593000, "incomeBeforeTax": 274652000, "incomeBeforeTaxRatio": 0.1451109868, "incomeTaxExpense": -3374000, "netIncome": 204385000, "netIncomeRatio": 0.1079857748, "eps": 0.97, "epsdiluted": 0.97, "weightedAverageShsOut": 172488660, "weightedAverageShsOutDil": 172488660, "link": "https://www.sec.gov/Archives/edgar/data/1063761/000095013100002145/0000950131-00-002145-index.htm", "finalLink": "https://www.sec.gov/Archives/edgar/data/1063761/000095013100002145/", "calculatedOtherExpenses": 972615000, "calculatedOperatingExpenses": 1038458000, "calculatedNetInterest": -579593000, "calculatedOtherIncome": 0, "calculatedIncomeNonControlling": 73641000, "calculatedEbitda": 1248249000}, {"date": "1998-12-31", "symbol": "SPG", "reportedCurrency": "USD", "cik": "0001063761", "fillingDate": "1999-03-31", "acceptedDate": "1999-03-31 00:00:00", "calendarYear": "1998", "period": "FY", "revenue": 1405559000, "costOfRevenue": 0, "grossProfit": 1405559000, "grossProfitRatio": 1, "researchAndDevelopmentExpenses": 0, "generalAndAdministrativeExpenses": 0, "sellingAndMarketingExpenses": 50754000, "sellingGeneralAndAdministrativeExpenses": 50754000, "otherExpenses": 712593000, "operatingExpenses": 763347000, "costAndExpenses": 763347000, "interestIncome": 0, "interestExpense": 167253000, "depreciationAndAmortization": 278812000, "ebitda": 921024000, "ebitdaratio": 0.6552723863, "operatingIncome": 642212000, "operatingIncomeRatio": 0.4569086036, "totalOtherIncomeExpensesNet": -474959000, "incomeBeforeTax": 167253000, "incomeBeforeTaxRatio": 0.1189939376, "incomeTaxExpense": -167253000, "netIncome": 167253000, "netIncomeRatio": 0.1189939376, "eps": 1.06, "epsdiluted": 1.06, "weightedAverageShsOut": 126035849, "weightedAverageShsOutDil": 126035849, "link": "https://www.sec.gov/Archives/edgar/data/1063761/000095013199002004/0000950131-99-002004-index.htm", "finalLink": "https://www.sec.gov/Archives/edgar/data/1063761/000095013199002004/", "calculatedOtherExpenses": 712593000, "calculatedOperatingExpenses": 763347000, "calculatedNetInterest": -167253000, "calculatedOtherIncome": -307706000, "calculatedIncomeNonControlling": 167253000, "calculatedEbitda": 921024000}, {"date": "1997-12-31", "symbol": "SPG", "reportedCurrency": "USD", "cik": "0001063761", "fillingDate": "1997-12-31", "acceptedDate": "1997-12-31 00:00:00", "calendarYear": "1997", "period": "FY", "revenue": 1073400000, "costOfRevenue": 0, "grossProfit": 1073400000, "grossProfitRatio": 1, "researchAndDevelopmentExpenses": 0, "generalAndAdministrativeExpenses": 0, "sellingAndMarketingExpenses": 32900000, "sellingGeneralAndAdministrativeExpenses": 32900000, "otherExpenses": -577100000, "operatingExpenses": -544200000, "costAndExpenses": -544200000, "interestIncome": 0, "interestExpense": 203200000, "depreciationAndAmortization": 208500000, "ebitda": 1826100000, "ebitdaratio": 1.7012297373, "operatingIncome": 203200000, "operatingIncomeRatio": 0.1893050121, "totalOtherIncomeExpensesNet": 0, "incomeBeforeTax": 203200000, "incomeBeforeTaxRatio": 0.1893050121, "incomeTaxExpense": -203200000, "netIncome": 203200000, "netIncomeRatio": 0.1893050121, "eps": 1.08, "epsdiluted": 1.08, "weightedAverageShsOut": 99989815, "weightedAverageShsOutDil": 99989815, "link": null, "finalLink": null, "calculatedOtherExpenses": 837300000, "calculatedOperatingExpenses": 870200000, "calculatedNetInterest": -203200000, "calculatedOtherIncome": 203200000, "calculatedIncomeNonControlling": 203200000, "calculatedEbitda": 411700000}, {"date": "1996-12-31", "symbol": "SPG", "reportedCurrency": "USD", "cik": "0001063761", "fillingDate": "1996-12-31", "acceptedDate": "1996-12-31 00:00:00", "calendarYear": "1996", "period": "FY", "revenue": 757300000, "costOfRevenue": 0, "grossProfit": 757300000, "grossProfitRatio": 1, "researchAndDevelopmentExpenses": 0, "generalAndAdministrativeExpenses": 0, "sellingAndMarketingExpenses": 24800000, "sellingGeneralAndAdministrativeExpenses": 24800000, "otherExpenses": -416300000, "operatingExpenses": -391500000, "costAndExpenses": -391500000, "interestIncome": 0, "interestExpense": 131200000, "depreciationAndAmortization": 143600000, "ebitda": 1292400000, "ebitdaratio": 1.7065891985, "operatingIncome": 131200000, "operatingIncomeRatio": 0.1732470619, "totalOtherIncomeExpensesNet": 0, "incomeBeforeTax": 131200000, "incomeBeforeTaxRatio": 0.1732470619, "incomeTaxExpense": -131200000, "netIncome": 131200000, "netIncomeRatio": 0.1732470619, "eps": 0.99, "epsdiluted": 0.99, "weightedAverageShsOut": 119696970, "weightedAverageShsOutDil": 119696970, "link": null, "finalLink": null, "calculatedOtherExpenses": 601300000, "calculatedOperatingExpenses": 626100000, "calculatedNetInterest": -131200000, "calculatedOtherIncome": 131200000, "calculatedIncomeNonControlling": 131200000, "calculatedEbitda": 274800000}, {"date": "1995-12-31", "symbol": "SPG", "reportedCurrency": "USD", "cik": "0001063761", "fillingDate": "1995-12-31", "acceptedDate": "1995-12-31 00:00:00", "calendarYear": "1995", "period": "FY", "revenue": 557000000, "costOfRevenue": 0, "grossProfit": 557000000, "grossProfitRatio": 1, "researchAndDevelopmentExpenses": 0, "generalAndAdministrativeExpenses": 0, "sellingAndMarketingExpenses": 13500000, "sellingGeneralAndAdministrativeExpenses": 13500000, "otherExpenses": -302500000, "operatingExpenses": -289000000, "costAndExpenses": -289000000, "interestIncome": 0, "interestExpense": 137200000, "depreciationAndAmortization": 101300000, "ebitda": 945400000, "ebitdaratio": 1.6973070018, "operatingIncome": 137200000, "operatingIncomeRatio": 0.2463195691, "totalOtherIncomeExpensesNet": 1900000, "incomeBeforeTax": 137200000, "incomeBeforeTaxRatio": 0.2463195691, "incomeTaxExpense": -137200000, "netIncome": 137200000, "netIncomeRatio": 0.2463195691, "eps": 1.04, "epsdiluted": 1.04, "weightedAverageShsOut": 59746835, "weightedAverageShsOutDil": 59746835, "link": null, "finalLink": null, "calculatedOtherExpenses": 406300000, "calculatedOperatingExpenses": 419800000, "calculatedNetInterest": -137200000, "calculatedOtherIncome": 137200000, "calculatedIncomeNonControlling": 137200000, "calculatedEbitda": 238500000}, {"date": "1994-12-31", "symbol": "SPG", "reportedCurrency": "USD", "cik": "0001063761", "fillingDate": "1994-12-31", "acceptedDate": "1994-12-31 00:00:00", "calendarYear": "1994", "period": "FY", "revenue": 473700000, "costOfRevenue": 0, "grossProfit": 473700000, "grossProfitRatio": 1, "researchAndDevelopmentExpenses": 0, "generalAndAdministrativeExpenses": 0, "sellingAndMarketingExpenses": 12600000, "sellingGeneralAndAdministrativeExpenses": 12600000, "otherExpenses": -259400000, "operatingExpenses": -246800000, "costAndExpenses": -246800000, "interestIncome": 0, "interestExpense": 45100000, "depreciationAndAmortization": 83200000, "ebitda": 803700000, "ebitdaratio": 1.6966434452, "operatingIncome": 45100000, "operatingIncomeRatio": 0.0952079375, "totalOtherIncomeExpensesNet": 0, "incomeBeforeTax": 45100000, "incomeBeforeTaxRatio": 0.0952079375, "incomeTaxExpense": -45100000, "netIncome": 45100000, "netIncomeRatio": 0.0952079375, "eps": 0.5, "epsdiluted": 0.5, "weightedAverageShsOut": 46363636, "weightedAverageShsOutDil": 46363636, "link": null, "finalLink": null, "calculatedOtherExpenses": 416000000, "calculatedOperatingExpenses": 428600000, "calculatedNetInterest": -45100000, "calculatedOtherIncome": 45100000, "calculatedIncomeNonControlling": 45100000, "calculatedEbitda": 128300000}, {"date": "1993-12-31", "symbol": "SPG", "reportedCurrency": "USD", "cik": "0001063761", "fillingDate": "1993-12-31", "acceptedDate": "1993-12-31 00:00:00", "calendarYear": "1993", "period": "FY", "revenue": 405900000, "costOfRevenue": 0, "grossProfit": 405900000, "grossProfitRatio": 1, "researchAndDevelopmentExpenses": 0, "generalAndAdministrativeExpenses": 0, "sellingAndMarketingExpenses": 9900000, "sellingGeneralAndAdministrativeExpenses": 9900000, "otherExpenses": -238400000, "operatingExpenses": -228500000, "costAndExpenses": -228500000, "interestIncome": 0, "interestExpense": 33100000, "depreciationAndAmortization": 2100000, "ebitda": 636500000, "ebitdaratio": 1.5681202267, "operatingIncome": 33100000, "operatingIncomeRatio": 0.0815471791, "totalOtherIncomeExpensesNet": 0, "incomeBeforeTax": 33100000, "incomeBeforeTaxRatio": 0.0815471791, "incomeTaxExpense": -33100000, "netIncome": 33100000, "netIncomeRatio": 0.0815471791, "eps": -0.28, "epsdiluted": -0.28, "weightedAverageShsOut": 40508475, "weightedAverageShsOutDil": 40508475, "link": null, "finalLink": null, "calculatedOtherExpenses": 362900000, "calculatedOperatingExpenses": 372800000, "calculatedNetInterest": -33100000, "calculatedOtherIncome": 33100000, "calculatedIncomeNonControlling": 33100000, "calculatedEbitda": 35200000}]}