{"originalCurrency": "USD", "convertedCurrency": "USD", "report": [{"date": "2023-12-31", "symbol": "SPGI", "reportedCurrency": "USD", "cik": "0000064040", "fillingDate": "2024-02-09", "acceptedDate": "2024-02-08 21:12:29", "calendarYear": "2023", "period": "FY", "revenue": 12497000000, "costOfRevenue": 4141000000, "grossProfit": 8356000000, "grossProfitRatio": 0.6686404737, "researchAndDevelopmentExpenses": 0, "generalAndAdministrativeExpenses": 0, "sellingAndMarketingExpenses": 0, "sellingGeneralAndAdministrativeExpenses": 3159000000, "otherExpenses": 4141000000, "operatingExpenses": 4302000000, "costAndExpenses": 8443000000, "interestIncome": 0, "interestExpense": 334000000, "depreciationAndAmortization": 1143000000, "ebitda": 5233000000, "ebitdaratio": 0.4187404977, "operatingIncome": 4020000000, "operatingIncomeRatio": 0.3216772025, "totalOtherIncomeExpensesNet": -49000000, "incomeBeforeTax": 3671000000, "incomeBeforeTaxRatio": 0.2937505001, "incomeTaxExpense": 778000000, "netIncome": 2626000000, "netIncomeRatio": 0.2101304313, "eps": 8.25, "epsdiluted": 8.23, "weightedAverageShsOut": 318400000, "weightedAverageShsOutDil": 318900000, "link": "https://www.sec.gov/Archives/edgar/data/64040/000006404024000071/0000064040-24-000071-index.htm", "finalLink": "https://www.sec.gov/Archives/edgar/data/64040/000006404024000071/spgi-20231231.htm", "calculatedOtherExpenses": 1177000000, "calculatedOperatingExpenses": 4336000000, "calculatedNetInterest": -334000000, "calculatedOtherIncome": -15000000, "calculatedIncomeNonControlling": 267000000, "calculatedEbitda": 5163000000}, {"date": "2022-12-31", "symbol": "SPGI", "reportedCurrency": "USD", "cik": "0000064040", "fillingDate": "2023-02-10", "acceptedDate": "2023-02-09 20:31:52", "calendarYear": "2022", "period": "FY", "revenue": 11181000000, "costOfRevenue": 3766000000, "grossProfit": 7415000000, "grossProfitRatio": 0.6631786066, "researchAndDevelopmentExpenses": 0, "generalAndAdministrativeExpenses": 0, "sellingAndMarketingExpenses": 0, "sellingGeneralAndAdministrativeExpenses": 3383000000, "otherExpenses": 4779000000, "operatingExpenses": 8162000000, "costAndExpenses": 8162000000, "interestIncome": 304000000, "interestExpense": 304000000, "depreciationAndAmortization": 1013000000, "ebitda": 4129000000, "ebitdaratio": 0.3692871836, "operatingIncome": 3116000000, "operatingIncomeRatio": 0.2786870584, "totalOtherIncomeExpensesNet": 1586000000, "incomeBeforeTax": 4702000000, "incomeBeforeTaxRatio": 0.4205348359, "incomeTaxExpense": 1180000000, "netIncome": 3248000000, "netIncomeRatio": 0.2904928003, "eps": 10.25, "epsdiluted": 10.2, "weightedAverageShsOut": 316900000, "weightedAverageShsOutDil": 318500000, "link": "https://www.sec.gov/Archives/edgar/data/64040/000006404023000058/0000064040-23-000058-index.htm", "finalLink": "https://www.sec.gov/Archives/edgar/data/64040/000006404023000058/spgi-20221231.htm", "calculatedOtherExpenses": 916000000, "calculatedOperatingExpenses": 4299000000, "calculatedNetInterest": 0, "calculatedOtherIncome": 1586000000, "calculatedIncomeNonControlling": 274000000, "calculatedEbitda": 4129000000}, {"date": "2021-12-31", "symbol": "SPGI", "reportedCurrency": "USD", "cik": "0000064040", "fillingDate": "2022-02-08", "acceptedDate": "2022-02-08 17:17:01", "calendarYear": "2021", "period": "FY", "revenue": 8297000000, "costOfRevenue": 2195000000, "grossProfit": 6102000000, "grossProfitRatio": 0.7354465469, "researchAndDevelopmentExpenses": 13000000, "generalAndAdministrativeExpenses": 0, "sellingAndMarketingExpenses": 0, "sellingGeneralAndAdministrativeExpenses": 1714000000, "otherExpenses": 2373000000, "operatingExpenses": 4087000000, "costAndExpenses": 4087000000, "interestIncome": 119000000, "interestExpense": 119000000, "depreciationAndAmortization": 229000000, "ebitda": 4450000000, "ebitdaratio": 0.5363384356, "operatingIncome": 4221000000, "operatingIncomeRatio": 0.5087380981, "totalOtherIncomeExpensesNet": -57000000, "incomeBeforeTax": 4164000000, "incomeBeforeTaxRatio": 0.5018681451, "incomeTaxExpense": 901000000, "netIncome": 3024000000, "netIncomeRatio": 0.3644690852, "eps": 12.56, "epsdiluted": 12.51, "weightedAverageShsOut": 240800000, "weightedAverageShsOutDil": 241800000, "link": "https://www.sec.gov/Archives/edgar/data/64040/000006404022000055/0000064040-22-000055-index.htm", "finalLink": "https://www.sec.gov/Archives/edgar/data/64040/000006404022000055/spgi-20211231.htm", "calculatedOtherExpenses": 154000000, "calculatedOperatingExpenses": 1881000000, "calculatedNetInterest": 0, "calculatedOtherIncome": -57000000, "calculatedIncomeNonControlling": 239000000, "calculatedEbitda": 4450000000}, {"date": "2020-12-31", "symbol": "SPGI", "reportedCurrency": "USD", "cik": "0000064040", "fillingDate": "2021-02-09", "acceptedDate": "2021-02-09 17:08:31", "calendarYear": "2020", "period": "FY", "revenue": 7442000000, "costOfRevenue": 2092000000, "grossProfit": 5350000000, "grossProfitRatio": 0.7188927708, "researchAndDevelopmentExpenses": 0, "generalAndAdministrativeExpenses": 0, "sellingAndMarketingExpenses": 0, "sellingGeneralAndAdministrativeExpenses": 1543000000, "otherExpenses": 2298000000, "operatingExpenses": 3841000000, "costAndExpenses": 3841000000, "interestIncome": 141000000, "interestExpense": 141000000, "depreciationAndAmortization": 221000000, "ebitda": 3838000000, "ebitdaratio": 0.5157215802, "operatingIncome": 3617000000, "operatingIncomeRatio": 0.486025262, "totalOtherIncomeExpensesNet": -389000000, "incomeBeforeTax": 3228000000, "incomeBeforeTaxRatio": 0.4337543671, "incomeTaxExpense": 694000000, "netIncome": 2339000000, "netIncomeRatio": 0.3142972319, "eps": 9.71, "epsdiluted": 9.66, "weightedAverageShsOut": 241000000, "weightedAverageShsOutDil": 242100000, "link": "https://www.sec.gov/Archives/edgar/data/64040/000006404021000063/0000064040-21-000063-index.htm", "finalLink": "https://www.sec.gov/Archives/edgar/data/64040/000006404021000063/spgi-20201231.htm", "calculatedOtherExpenses": 190000000, "calculatedOperatingExpenses": 1733000000, "calculatedNetInterest": 0, "calculatedOtherIncome": -389000000, "calculatedIncomeNonControlling": 195000000, "calculatedEbitda": 3838000000}, {"date": "2019-12-31", "symbol": "SPGI", "reportedCurrency": "USD", "cik": "0000064040", "fillingDate": "2020-02-10", "acceptedDate": "2020-02-10 17:30:11", "calendarYear": "2019", "period": "FY", "revenue": 6699000000, "costOfRevenue": 1801000000, "grossProfit": 4898000000, "grossProfitRatio": 0.7311539036, "researchAndDevelopmentExpenses": 0, "generalAndAdministrativeExpenses": 0, "sellingAndMarketingExpenses": 0, "sellingGeneralAndAdministrativeExpenses": 1517000000, "otherExpenses": 2005000000, "operatingExpenses": 3522000000, "costAndExpenses": 3522000000, "interestIncome": 141000000, "interestExpense": 198000000, "depreciationAndAmortization": 57000000, "ebitda": 3283000000, "ebitdaratio": 0.4900731452, "operatingIncome": 3226000000, "operatingIncomeRatio": 0.4815644126, "totalOtherIncomeExpensesNet": -296000000, "incomeBeforeTax": 2930000000, "incomeBeforeTaxRatio": 0.4373787132, "incomeTaxExpense": 627000000, "netIncome": 2123000000, "netIncomeRatio": 0.3169129721, "eps": 8.65, "epsdiluted": 8.6, "weightedAverageShsOut": 245400000, "weightedAverageShsOutDil": 246900000, "link": "https://www.sec.gov/Archives/edgar/data/64040/000006404020000055/0000064040-20-000055-index.htm", "finalLink": "https://www.sec.gov/Archives/edgar/data/64040/000006404020000055/spgi-20191231x10k.htm", "calculatedOtherExpenses": 155000000, "calculatedOperatingExpenses": 1672000000, "calculatedNetInterest": -57000000, "calculatedOtherIncome": -239000000, "calculatedIncomeNonControlling": 180000000, "calculatedEbitda": 3283000000}, {"date": "2018-12-31", "symbol": "SPGI", "reportedCurrency": "USD", "cik": "0000064040", "fillingDate": "2019-02-13", "acceptedDate": "2019-02-12 18:15:22", "calendarYear": "2018", "period": "FY", "revenue": 6258000000, "costOfRevenue": 3468000000, "grossProfit": 2790000000, "grossProfitRatio": 0.4458293384, "researchAndDevelopmentExpenses": 0, "generalAndAdministrativeExpenses": 0, "sellingAndMarketingExpenses": 0, "sellingGeneralAndAdministrativeExpenses": 1561000000, "otherExpenses": 25000000, "operatingExpenses": 3468000000, "costAndExpenses": 3468000000, "interestIncome": 0, "interestExpense": 134000000, "depreciationAndAmortization": 206000000, "ebitda": 3021000000, "ebitdaratio": 0.4827420901, "operatingIncome": 2790000000, "operatingIncomeRatio": 0.4458293384, "totalOtherIncomeExpensesNet": 25000000, "incomeBeforeTax": 2681000000, "incomeBeforeTaxRatio": 0.4284116331, "incomeTaxExpense": 560000000, "netIncome": 1958000000, "netIncomeRatio": 0.3128795142, "eps": 7.8, "epsdiluted": 7.73, "weightedAverageShsOut": 250900000, "weightedAverageShsOutDil": 253200000, "link": "https://www.sec.gov/Archives/edgar/data/64040/000006404019000059/0000064040-19-000059-index.htm", "finalLink": "https://www.sec.gov/Archives/edgar/data/64040/000006404019000059/spgi-20181231x10k.htm", "calculatedOtherExpenses": -1561000000, "calculatedOperatingExpenses": 0, "calculatedNetInterest": -134000000, "calculatedOtherIncome": 25000000, "calculatedIncomeNonControlling": 163000000, "calculatedEbitda": 2996000000}, {"date": "2017-12-31", "symbol": "SPGI", "reportedCurrency": "USD", "cik": "0000064040", "fillingDate": "2018-02-09", "acceptedDate": "2018-02-09 16:40:54", "calendarYear": "2017", "period": "FY", "revenue": 6063000000, "costOfRevenue": 3453000000, "grossProfit": 2610000000, "grossProfitRatio": 0.4304799604, "researchAndDevelopmentExpenses": 0, "generalAndAdministrativeExpenses": 0, "sellingAndMarketingExpenses": 0, "sellingGeneralAndAdministrativeExpenses": 1560000000, "otherExpenses": 1893000000, "operatingExpenses": 3453000000, "costAndExpenses": 3453000000, "interestIncome": 0, "interestExpense": 149000000, "depreciationAndAmortization": 180000000, "ebitda": 2790000000, "ebitdaratio": 0.4601682335, "operatingIncome": 2610000000, "operatingIncomeRatio": 0.4304799604, "totalOtherIncomeExpensesNet": -149000000, "incomeBeforeTax": 2461000000, "incomeBeforeTaxRatio": 0.4059046677, "incomeTaxExpense": 823000000, "netIncome": 1496000000, "netIncomeRatio": 0.2467425367, "eps": 5.84, "epsdiluted": 5.78, "weightedAverageShsOut": 256300000, "weightedAverageShsOutDil": 258900000, "link": "https://www.sec.gov/Archives/edgar/data/64040/000006404018000061/0000064040-18-000061-index.htm", "finalLink": "https://www.sec.gov/Archives/edgar/data/64040/000006404018000061/spgi-20171231x10k.htm", "calculatedOtherExpenses": -1560000000, "calculatedOperatingExpenses": 0, "calculatedNetInterest": -149000000, "calculatedOtherIncome": 0, "calculatedIncomeNonControlling": 142000000, "calculatedEbitda": 2790000000}, {"date": "2016-12-31", "symbol": "SPGI", "reportedCurrency": "USD", "cik": "0000064040", "fillingDate": "2017-02-09", "acceptedDate": "2017-02-09 08:45:42", "calendarYear": "2016", "period": "FY", "revenue": 5661000000, "costOfRevenue": 3393000000, "grossProfit": 2268000000, "grossProfitRatio": 0.40063593, "researchAndDevelopmentExpenses": 24000000, "generalAndAdministrativeExpenses": 0, "sellingAndMarketingExpenses": 0, "sellingGeneralAndAdministrativeExpenses": 1443000000, "otherExpenses": 1950000000, "operatingExpenses": 3393000000, "costAndExpenses": 3393000000, "interestIncome": 0, "interestExpense": 181000000, "depreciationAndAmortization": 181000000, "ebitda": 2449000000, "ebitdaratio": 0.4326090797, "operatingIncome": 3369000000, "operatingIncomeRatio": 0.5951245363, "totalOtherIncomeExpensesNet": 1101000000, "incomeBeforeTax": 3188000000, "incomeBeforeTaxRatio": 0.5631513867, "incomeTaxExpense": 960000000, "netIncome": 2106000000, "netIncomeRatio": 0.3720190779, "eps": 8.02, "epsdiluted": 7.94, "weightedAverageShsOut": 262800000, "weightedAverageShsOutDil": 265200000, "link": "https://www.sec.gov/Archives/edgar/data/64040/000006404017000015/0000064040-17-000015-index.htm", "finalLink": "https://www.sec.gov/Archives/edgar/data/64040/000006404017000015/spgi-20161231x10k.htm", "calculatedOtherExpenses": -2568000000, "calculatedOperatingExpenses": -1101000000, "calculatedNetInterest": -181000000, "calculatedOtherIncome": 0, "calculatedIncomeNonControlling": 122000000, "calculatedEbitda": 3550000000}, {"date": "2015-12-31", "symbol": "SPGI", "reportedCurrency": "USD", "cik": "0000064040", "fillingDate": "2016-02-12", "acceptedDate": "2016-02-11 18:16:14", "calendarYear": "2015", "period": "FY", "revenue": 5313000000, "costOfRevenue": 3407000000, "grossProfit": 1906000000, "grossProfitRatio": 0.3587427066, "researchAndDevelopmentExpenses": 0, "generalAndAdministrativeExpenses": 0, "sellingAndMarketingExpenses": 0, "sellingGeneralAndAdministrativeExpenses": 1578000000, "otherExpenses": 1818000000, "operatingExpenses": 3396000000, "costAndExpenses": 3396000000, "interestIncome": 0, "interestExpense": 102000000, "depreciationAndAmortization": 157000000, "ebitda": 2074000000, "ebitdaratio": 0.3903632599, "operatingIncome": 1917000000, "operatingIncomeRatio": 0.3608130999, "totalOtherIncomeExpensesNet": -102000000, "incomeBeforeTax": 1815000000, "incomeBeforeTaxRatio": 0.3416149068, "incomeTaxExpense": 547000000, "netIncome": 1156000000, "netIncomeRatio": 0.2175795219, "eps": 4.26, "epsdiluted": 4.21, "weightedAverageShsOut": 271600000, "weightedAverageShsOutDil": 274600000, "link": "https://www.sec.gov/Archives/edgar/data/64040/000006404016000042/0000064040-16-000042-index.htm", "finalLink": "https://www.sec.gov/Archives/edgar/data/64040/000006404016000042/mhfi-20151231x10k.htm", "calculatedOtherExpenses": -1589000000, "calculatedOperatingExpenses": -11000000, "calculatedNetInterest": -102000000, "calculatedOtherIncome": 0, "calculatedIncomeNonControlling": 112000000, "calculatedEbitda": 2074000000}, {"date": "2014-12-31", "symbol": "SPGI", "reportedCurrency": "USD", "cik": "0000064040", "fillingDate": "2015-02-13", "acceptedDate": "2015-02-13 14:34:08", "calendarYear": "2014", "period": "FY", "revenue": 5051000000, "costOfRevenue": 4929000000, "grossProfit": 122000000, "grossProfitRatio": 0.0241536329, "researchAndDevelopmentExpenses": 0, "generalAndAdministrativeExpenses": 0, "sellingAndMarketingExpenses": 0, "sellingGeneralAndAdministrativeExpenses": 3168000000, "otherExpenses": 1770000000, "operatingExpenses": 4938000000, "costAndExpenses": 4938000000, "interestIncome": 0, "interestExpense": 59000000, "depreciationAndAmortization": 134000000, "ebitda": 247000000, "ebitdaratio": 0.0489012077, "operatingIncome": 113000000, "operatingIncomeRatio": 0.0223718076, "totalOtherIncomeExpensesNet": -59000000, "incomeBeforeTax": 54000000, "incomeBeforeTaxRatio": 0.0106909523, "incomeTaxExpense": 245000000, "netIncome": -115000000, "netIncomeRatio": -0.0227677688, "eps": -0.42, "epsdiluted": -0.42, "weightedAverageShsOut": 271296296, "weightedAverageShsOutDil": 271500000, "link": "https://www.sec.gov/Archives/edgar/data/64040/000006404015000004/0000064040-15-000004-index.htm", "finalLink": "https://www.sec.gov/Archives/edgar/data/64040/000006404015000004/mhfi-20141231x10k.htm", "calculatedOtherExpenses": -3159000000, "calculatedOperatingExpenses": 9000000, "calculatedNetInterest": -59000000, "calculatedOtherIncome": 0, "calculatedIncomeNonControlling": -76000000, "calculatedEbitda": 247000000}, {"date": "2013-12-31", "symbol": "SPGI", "reportedCurrency": "USD", "cik": "0000064040", "fillingDate": "2014-02-07", "acceptedDate": "2014-02-07 09:09:28", "calendarYear": "2013", "period": "FY", "revenue": 4875000000, "costOfRevenue": 3458000000, "grossProfit": 1417000000, "grossProfitRatio": 0.2906666667, "researchAndDevelopmentExpenses": 0, "generalAndAdministrativeExpenses": 0, "sellingAndMarketingExpenses": 0, "sellingGeneralAndAdministrativeExpenses": 1737000000, "otherExpenses": 1733000000, "operatingExpenses": 3470000000, "costAndExpenses": 3470000000, "interestIncome": 0, "interestExpense": 59000000, "depreciationAndAmortization": 137000000, "ebitda": 1542000000, "ebitdaratio": 0.3163076923, "operatingIncome": 1405000000, "operatingIncomeRatio": 0.2882051282, "totalOtherIncomeExpensesNet": -59000000, "incomeBeforeTax": 1346000000, "incomeBeforeTaxRatio": 0.2761025641, "incomeTaxExpense": 443000000, "netIncome": 1376000000, "netIncomeRatio": 0.2822564103, "eps": 5.01, "epsdiluted": 4.91, "weightedAverageShsOut": 274500000, "weightedAverageShsOutDil": 279800000, "link": "https://www.sec.gov/Archives/edgar/data/64040/000006404014000007/0000064040-14-000007-index.htm", "finalLink": "https://www.sec.gov/Archives/edgar/data/64040/000006404014000007/mhfi-20131231x10k.htm", "calculatedOtherExpenses": -1725000000, "calculatedOperatingExpenses": 12000000, "calculatedNetInterest": -59000000, "calculatedOtherIncome": 0, "calculatedIncomeNonControlling": -473000000, "calculatedEbitda": 1542000000}, {"date": "2012-12-31", "symbol": "SPGI", "reportedCurrency": "USD", "cik": "0000064040", "fillingDate": "2013-02-28", "acceptedDate": "2013-02-28 06:03:13", "calendarYear": "2012", "period": "FY", "revenue": 4450000000, "costOfRevenue": 3291000000, "grossProfit": 1159000000, "grossProfitRatio": 0.2604494382, "researchAndDevelopmentExpenses": 0, "generalAndAdministrativeExpenses": 0, "sellingAndMarketingExpenses": 0, "sellingGeneralAndAdministrativeExpenses": 1709000000, "otherExpenses": 1530000000, "operatingExpenses": 3239000000, "costAndExpenses": 3239000000, "interestIncome": 0, "interestExpense": 81000000, "depreciationAndAmortization": 141000000, "ebitda": 1352000000, "ebitdaratio": 0.3038202247, "operatingIncome": 1211000000, "operatingIncomeRatio": 0.2721348315, "totalOtherIncomeExpensesNet": -81000000, "incomeBeforeTax": 1130000000, "incomeBeforeTaxRatio": 0.2539325843, "incomeTaxExpense": 404000000, "netIncome": 437000000, "netIncomeRatio": 0.0982022472, "eps": 1.57, "epsdiluted": 1.53, "weightedAverageShsOut": 278600000, "weightedAverageShsOutDil": 284600000, "link": "https://www.sec.gov/Archives/edgar/data/64040/000006404013000005/0000064040-13-000005-index.htm", "finalLink": "https://www.sec.gov/Archives/edgar/data/64040/000006404013000005/mhp-20121231x10k.htm", "calculatedOtherExpenses": -1761000000, "calculatedOperatingExpenses": -52000000, "calculatedNetInterest": -81000000, "calculatedOtherIncome": 0, "calculatedIncomeNonControlling": 289000000, "calculatedEbitda": 1352000000}, {"date": "2011-12-31", "symbol": "SPGI", "reportedCurrency": "USD", "cik": "0000064040", "fillingDate": "2012-02-07", "acceptedDate": "2012-02-07 12:35:19", "calendarYear": "2011", "period": "FY", "revenue": 6246000000, "costOfRevenue": 2400000000, "grossProfit": 3846000000, "grossProfitRatio": 0.6157540826, "researchAndDevelopmentExpenses": 0, "generalAndAdministrativeExpenses": 0, "sellingAndMarketingExpenses": 0, "sellingGeneralAndAdministrativeExpenses": 2281000000, "otherExpenses": 2556000000, "operatingExpenses": 4837000000, "costAndExpenses": 4837000000, "interestIncome": 0, "interestExpense": 75000000, "depreciationAndAmortization": 187000000, "ebitda": 1609000000, "ebitdaratio": 0.2576048671, "operatingIncome": 1422000000, "operatingIncomeRatio": 0.2276657061, "totalOtherIncomeExpensesNet": -75000000, "incomeBeforeTax": 1347000000, "incomeBeforeTaxRatio": 0.2156580211, "incomeTaxExpense": 489000000, "netIncome": 911000000, "netIncomeRatio": 0.1458533461, "eps": 3.05, "epsdiluted": 3, "weightedAverageShsOut": 298100000, "weightedAverageShsOutDil": 303600000, "link": "https://www.sec.gov/Archives/edgar/data/64040/000119312512043165/0001193125-12-043165-index.htm", "finalLink": "https://www.sec.gov/Archives/edgar/data/64040/000119312512043165/d272748d10k.htm", "calculatedOtherExpenses": 143000000, "calculatedOperatingExpenses": 2424000000, "calculatedNetInterest": -75000000, "calculatedOtherIncome": 0, "calculatedIncomeNonControlling": -53000000, "calculatedEbitda": 1609000000}, {"date": "2010-12-31", "symbol": "SPGI", "reportedCurrency": "USD", "cik": "0000064040", "fillingDate": "2011-02-23", "acceptedDate": "2011-02-23 15:16:44", "calendarYear": "2010", "period": "FY", "revenue": 6168331000, "costOfRevenue": 2346028000, "grossProfit": 3822303000, "grossProfitRatio": 0.6196656762, "researchAndDevelopmentExpenses": 0, "generalAndAdministrativeExpenses": 0, "sellingAndMarketingExpenses": 0, "sellingGeneralAndAdministrativeExpenses": 2262203000, "otherExpenses": 139041000, "operatingExpenses": 2401244000, "costAndExpenses": 4747272000, "interestIncome": 0, "interestExpense": 81643000, "depreciationAndAmortization": 417399000, "ebitda": 1838458000, "ebitdaratio": 0.2980478836, "operatingIncome": 1421059000, "operatingIncomeRatio": 0.2303798224, "totalOtherIncomeExpensesNet": -81643000, "incomeBeforeTax": 1339416000, "incomeBeforeTaxRatio": 0.2171439892, "incomeTaxExpense": 487547000, "netIncome": 828063000, "netIncomeRatio": 0.1342442551, "eps": 2.68, "epsdiluted": 2.65, "weightedAverageShsOut": 309400000, "weightedAverageShsOutDil": 312200000, "link": "https://www.sec.gov/Archives/edgar/data/64040/000095012311017079/0000950123-11-017079-index.htm", "finalLink": "https://www.sec.gov/Archives/edgar/data/64040/000095012311017079/y88684e10vk.htm", "calculatedOtherExpenses": 139041000, "calculatedOperatingExpenses": 2401244000, "calculatedNetInterest": -81643000, "calculatedOtherIncome": 0, "calculatedIncomeNonControlling": 23806000, "calculatedEbitda": 1838458000}, {"date": "2009-12-31", "symbol": "SPGI", "reportedCurrency": "USD", "cik": "0000064040", "fillingDate": "2010-02-24", "acceptedDate": "2010-02-24 15:46:19", "calendarYear": "2009", "period": "FY", "revenue": 5951782000, "costOfRevenue": 2386007000, "grossProfit": 3565775000, "grossProfitRatio": 0.5991104849, "researchAndDevelopmentExpenses": 0, "generalAndAdministrativeExpenses": 0, "sellingAndMarketingExpenses": 0, "sellingGeneralAndAdministrativeExpenses": 2141251000, "otherExpenses": 2551491000, "operatingExpenses": 4692742000, "costAndExpenses": 4692742000, "interestIncome": 0, "interestExpense": 76867000, "depreciationAndAmortization": 435953000, "ebitda": 1255736000, "ebitdaratio": 0.2109848781, "operatingIncome": 1255736000, "operatingIncomeRatio": 0.2109848781, "totalOtherIncomeExpensesNet": -3304000, "incomeBeforeTax": 1178869000, "incomeBeforeTaxRatio": 0.1980699226, "incomeTaxExpense": 429108000, "netIncome": 730502000, "netIncomeRatio": 0.1227366863, "eps": 2.34, "epsdiluted": 2.33, "weightedAverageShsOut": 312223000, "weightedAverageShsOutDil": 313296000, "link": "https://www.sec.gov/Archives/edgar/data/64040/000095012310016328/0000950123-10-016328-index.htm", "finalLink": "https://www.sec.gov/Archives/edgar/data/64040/000095012310016328/y80741e10vk.htm", "calculatedOtherExpenses": 168788000, "calculatedOperatingExpenses": 2310039000, "calculatedNetInterest": -76867000, "calculatedOtherIncome": 0, "calculatedIncomeNonControlling": 19259000, "calculatedEbitda": 1691689000}, {"date": "2008-12-31", "symbol": "SPGI", "reportedCurrency": "USD", "cik": "0000064040", "fillingDate": "2009-02-27", "acceptedDate": "2009-02-27 10:50:08", "calendarYear": "2008", "period": "FY", "revenue": 6355055000, "costOfRevenue": 2513001000, "grossProfit": 3842054000, "grossProfitRatio": 0.6045666009, "researchAndDevelopmentExpenses": 0, "generalAndAdministrativeExpenses": 0, "sellingAndMarketingExpenses": 0, "sellingGeneralAndAdministrativeExpenses": 2308898000, "otherExpenses": 2691347000, "operatingExpenses": 5000245000, "costAndExpenses": 5000245000, "interestIncome": 0, "interestExpense": 75624000, "depreciationAndAmortization": 448788000, "ebitda": 1354810000, "ebitdaratio": 0.2131861959, "operatingIncome": 1354810000, "operatingIncomeRatio": 0.2131861959, "totalOtherIncomeExpensesNet": 373164000, "incomeBeforeTax": 1279186000, "incomeBeforeTaxRatio": 0.2012863775, "incomeTaxExpense": 479695000, "netIncome": 799491000, "netIncomeRatio": 0.1258039466, "eps": 2.53, "epsdiluted": 2.51, "weightedAverageShsOut": 315559000, "weightedAverageShsOutDil": 318687000, "link": "https://www.sec.gov/Archives/edgar/data/64040/000095012309003645/0000950123-09-003645-index.htm", "finalLink": "https://www.sec.gov/Archives/edgar/data/64040/000095012309003645/y74743e10vk.htm", "calculatedOtherExpenses": 178346000, "calculatedOperatingExpenses": 2487244000, "calculatedNetInterest": -75624000, "calculatedOtherIncome": 0, "calculatedIncomeNonControlling": 0, "calculatedEbitda": 1803598000}, {"date": "2007-12-31", "symbol": "SPGI", "reportedCurrency": "USD", "cik": "0000064040", "fillingDate": "2008-02-29", "acceptedDate": "2008-02-29 06:09:37", "calendarYear": "2007", "period": "FY", "revenue": 6772281000, "costOfRevenue": 2527600000, "grossProfit": 4244681000, "grossProfitRatio": 0.6267727225, "researchAndDevelopmentExpenses": 0, "generalAndAdministrativeExpenses": 0, "sellingAndMarketingExpenses": 0, "sellingGeneralAndAdministrativeExpenses": 2437884000, "otherExpenses": 143684000, "operatingExpenses": 2581568000, "costAndExpenses": 5109168000, "interestIncome": 0, "interestExpense": 23276000, "depreciationAndAmortization": 401171000, "ebitda": 2046979000, "ebitdaratio": 0.3022584267, "operatingIncome": 1663113000, "operatingIncomeRatio": 0.2455764904, "totalOtherIncomeExpensesNet": 17305000, "incomeBeforeTax": 1622532000, "incomeBeforeTaxRatio": 0.2395842701, "incomeTaxExpense": 608973000, "netIncome": 1013559000, "netIncomeRatio": 0.1496628684, "eps": 3.01, "epsdiluted": 2.94, "weightedAverageShsOut": 336210000, "weightedAverageShsOutDil": 344785000, "link": "https://www.sec.gov/Archives/edgar/data/64040/000095012308002305/0000950123-08-002305-index.htm", "finalLink": "https://www.sec.gov/Archives/edgar/data/64040/000095012308002305/y50265e10vk.htm", "calculatedOtherExpenses": 143684000, "calculatedOperatingExpenses": 2581568000, "calculatedNetInterest": -23276000, "calculatedOtherIncome": -17305000, "calculatedIncomeNonControlling": 0, "calculatedEbitda": 2064284000}, {"date": "2006-12-31", "symbol": "SPGI", "reportedCurrency": "USD", "cik": "0000064040", "fillingDate": "2007-02-28", "acceptedDate": "2007-02-28 14:02:03", "calendarYear": "2006", "period": "FY", "revenue": 6255138000, "costOfRevenue": 2387247000, "grossProfit": 3867891000, "grossProfitRatio": 0.6183542234, "researchAndDevelopmentExpenses": 0, "generalAndAdministrativeExpenses": 0, "sellingAndMarketingExpenses": 0, "sellingGeneralAndAdministrativeExpenses": 2287850000, "otherExpenses": 161587000, "operatingExpenses": 2449437000, "costAndExpenses": 4836684000, "interestIncome": 0, "interestExpense": 13631000, "depreciationAndAmortization": 389992000, "ebitda": 1808446000, "ebitdaratio": 0.2891136854, "operatingIncome": 1418454000, "operatingIncomeRatio": 0.22676622, "totalOtherIncomeExpensesNet": -13631000, "incomeBeforeTax": 1404823000, "incomeBeforeTaxRatio": 0.2245870515, "incomeTaxExpense": 522592000, "netIncome": 882231000, "netIncomeRatio": 0.141041013, "eps": 2.47, "epsdiluted": 2.4, "weightedAverageShsOut": 356467000, "weightedAverageShsOutDil": 366878000, "link": "https://www.sec.gov/Archives/edgar/data/64040/000095012307002897/0000950123-07-002897-index.htm", "finalLink": "https://www.sec.gov/Archives/edgar/data/64040/000095012307002897/y30806e10vk.htm", "calculatedOtherExpenses": 161587000, "calculatedOperatingExpenses": 2449437000, "calculatedNetInterest": -13631000, "calculatedOtherIncome": 0, "calculatedIncomeNonControlling": 0, "calculatedEbitda": 1808446000}, {"date": "2005-12-31", "symbol": "SPGI", "reportedCurrency": "USD", "cik": "0000064040", "fillingDate": "2006-02-24", "acceptedDate": "2006-02-24 14:56:01", "calendarYear": "2005", "period": "FY", "revenue": 6003642000, "costOfRevenue": 2316334000, "grossProfit": 3687308000, "grossProfitRatio": 0.614178527, "researchAndDevelopmentExpenses": 0, "generalAndAdministrativeExpenses": 0, "sellingAndMarketingExpenses": 0, "sellingGeneralAndAdministrativeExpenses": 2172395000, "otherExpenses": 149749000, "operatingExpenses": 2322144000, "costAndExpenses": 4638478000, "interestIncome": 0, "interestExpense": 3966000, "depreciationAndAmortization": 385261000, "ebitda": 1749189000, "ebitdaratio": 0.2913546477, "operatingIncome": 1365164000, "operatingIncomeRatio": 0.227389308, "totalOtherIncomeExpensesNet": 1236000, "incomeBeforeTax": 1359962000, "incomeBeforeTaxRatio": 0.226522834, "incomeTaxExpense": 515656000, "netIncome": 844306000, "netIncomeRatio": 0.1406323029, "eps": 2.25, "epsdiluted": 2.21, "weightedAverageShsOut": 375247111, "weightedAverageShsOutDil": 382038914, "link": "https://www.sec.gov/Archives/edgar/data/64040/000095012306002219/0000950123-06-002219-index.htm", "finalLink": "https://www.sec.gov/Archives/edgar/data/64040/000095012306002219/y17693e10vk.htm", "calculatedOtherExpenses": 149749000, "calculatedOperatingExpenses": 2322144000, "calculatedNetInterest": -3966000, "calculatedOtherIncome": -1236000, "calculatedIncomeNonControlling": 0, "calculatedEbitda": 1750425000}, {"date": "2004-12-31", "symbol": "SPGI", "reportedCurrency": "USD", "cik": "0000064040", "fillingDate": "2005-02-25", "acceptedDate": "2005-02-25 10:30:28", "calendarYear": "2004", "period": "FY", "revenue": 5250538000, "costOfRevenue": 2046645000, "grossProfit": 3203893000, "grossProfitRatio": 0.6102028021, "researchAndDevelopmentExpenses": 0, "generalAndAdministrativeExpenses": 0, "sellingAndMarketingExpenses": 0, "sellingGeneralAndAdministrativeExpenses": 1904556000, "otherExpenses": 124647000, "operatingExpenses": 2029203000, "costAndExpenses": 4075848000, "interestIncome": 0, "interestExpense": 6372000, "depreciationAndAmortization": 392713000, "ebitda": 1567403000, "ebitdaratio": 0.2985223609, "operatingIncome": 1174690000, "operatingIncomeRatio": 0.2237275494, "totalOtherIncomeExpensesNet": -5785000, "incomeBeforeTax": 1168905000, "incomeBeforeTaxRatio": 0.2226257576, "incomeTaxExpense": 412495000, "netIncome": 755823000, "netIncomeRatio": 0.1439515341, "eps": 1.99, "epsdiluted": 1.96, "weightedAverageShsOut": 379810553, "weightedAverageShsOutDil": 385623980, "link": "https://www.sec.gov/Archives/edgar/data/64040/000095012305002243/0000950123-05-002243-index.htm", "finalLink": "https://www.sec.gov/Archives/edgar/data/64040/000095012305002243/y05956e10vk.htm", "calculatedOtherExpenses": 124647000, "calculatedOperatingExpenses": 2029203000, "calculatedNetInterest": -6372000, "calculatedOtherIncome": 587000, "calculatedIncomeNonControlling": 587000, "calculatedEbitda": 1567403000}, {"date": "2003-12-31", "symbol": "SPGI", "reportedCurrency": "USD", "cik": "0000064040", "fillingDate": "2004-02-27", "acceptedDate": "2004-02-27 10:58:29", "calendarYear": "2003", "period": "FY", "revenue": 4827857000, "costOfRevenue": 2006465000, "grossProfit": 2821392000, "grossProfitRatio": 0.5843984194, "researchAndDevelopmentExpenses": 0, "generalAndAdministrativeExpenses": 0, "sellingAndMarketingExpenses": 0, "sellingGeneralAndAdministrativeExpenses": 1739743000, "otherExpenses": -55725000, "operatingExpenses": 1684018000, "costAndExpenses": 3690483000, "interestIncome": 0, "interestExpense": -164267000, "depreciationAndAmortization": 403179000, "ebitda": 1369028000, "ebitdaratio": 0.2835684653, "operatingIncome": 1137374000, "operatingIncomeRatio": 0.2355856853, "totalOtherIncomeExpensesNet": 171525000, "incomeBeforeTax": 1130277000, "incomeBeforeTaxRatio": 0.2341156749, "incomeTaxExpense": 442466000, "netIncome": 687650000, "netIncomeRatio": 0.1424337962, "eps": 1.81, "epsdiluted": 1.79, "weightedAverageShsOut": 379917127, "weightedAverageShsOutDil": 384162011, "link": "https://www.sec.gov/Archives/edgar/data/64040/000095012304002457/0000950123-04-002457-index.htm", "finalLink": "https://www.sec.gov/Archives/edgar/data/64040/000095012304002457/y94410e10vk.htm", "calculatedOtherExpenses": -55725000, "calculatedOperatingExpenses": 1684018000, "calculatedNetInterest": 164267000, "calculatedOtherIncome": -171364000, "calculatedIncomeNonControlling": 161000, "calculatedEbitda": 1540553000}, {"date": "2002-12-31", "symbol": "SPGI", "reportedCurrency": "USD", "cik": "0000064040", "fillingDate": "2003-03-13", "acceptedDate": "2003-03-13 10:09:37", "calendarYear": "2002", "period": "FY", "revenue": 4787668000, "costOfRevenue": 2058916000, "grossProfit": 2728752000, "grossProfitRatio": 0.5699543076, "researchAndDevelopmentExpenses": 0, "generalAndAdministrativeExpenses": 0, "sellingAndMarketingExpenses": 0, "sellingGeneralAndAdministrativeExpenses": 1692187000, "otherExpenses": 108983000, "operatingExpenses": 1801170000, "costAndExpenses": 3860086000, "interestIncome": 0, "interestExpense": 3122000, "depreciationAndAmortization": 408771000, "ebitda": 1316958000, "ebitdaratio": 0.2750729583, "operatingIncome": 927582000, "operatingIncomeRatio": 0.1937440107, "totalOtherIncomeExpensesNet": 19395000, "incomeBeforeTax": 905065000, "incomeBeforeTaxRatio": 0.1890408859, "incomeTaxExpense": 328305000, "netIncome": 576760000, "netIncomeRatio": 0.1204678353, "eps": 1.5, "epsdiluted": 1.48, "weightedAverageShsOut": 385792642, "weightedAverageShsOutDil": 389702703, "link": "https://www.sec.gov/Archives/edgar/data/64040/000095012303002781/0000950123-03-002781-index.htm", "finalLink": "https://www.sec.gov/Archives/edgar/data/64040/000095012303002781/y84275e10vk.txt", "calculatedOtherExpenses": 108983000, "calculatedOperatingExpenses": 1801170000, "calculatedNetInterest": -3122000, "calculatedOtherIncome": -19395000, "calculatedIncomeNonControlling": 0, "calculatedEbitda": 1336353000}, {"date": "2001-12-31", "symbol": "SPGI", "reportedCurrency": "USD", "cik": "0000064040", "fillingDate": "2002-03-12", "acceptedDate": "2002-03-12 00:00:00", "calendarYear": "2001", "period": "FY", "revenue": 4645535000, "costOfRevenue": 2078416000, "grossProfit": 2567119000, "grossProfitRatio": 0.5525992162, "researchAndDevelopmentExpenses": 0, "generalAndAdministrativeExpenses": 1522631000, "sellingAndMarketingExpenses": 0, "sellingGeneralAndAdministrativeExpenses": 1522631000, "otherExpenses": 374360000, "operatingExpenses": 1896991000, "costAndExpenses": 3975407000, "interestIncome": 0, "interestExpense": 8832000, "depreciationAndAmortization": 420598000, "ebitda": 1044488000, "ebitdaratio": 0.2248369671, "operatingIncome": 670128000, "operatingIncomeRatio": 0.1442520614, "totalOtherIncomeExpensesNet": 46238000, "incomeBeforeTax": 615058000, "incomeBeforeTaxRatio": 0.1323976679, "incomeTaxExpense": 238027000, "netIncome": 377031000, "netIncomeRatio": 0.0811598664, "eps": 0.98, "epsdiluted": 0.96, "weightedAverageShsOut": 386698462, "weightedAverageShsOutDil": 392740625, "link": "https://www.sec.gov/Archives/edgar/data/64040/000095012302002409/0000950123-02-002409-index.htm", "finalLink": "https://www.sec.gov/Archives/edgar/data/64040/000095012302002409/y58045e10-k405.txt", "calculatedOtherExpenses": 374360000, "calculatedOperatingExpenses": 1896991000, "calculatedNetInterest": -8832000, "calculatedOtherIncome": -46238000, "calculatedIncomeNonControlling": 0, "calculatedEbitda": 1090726000}, {"date": "2000-12-31", "symbol": "SPGI", "reportedCurrency": "USD", "cik": "0000064040", "fillingDate": "2001-03-12", "acceptedDate": "2001-03-12 00:00:00", "calendarYear": "2000", "period": "FY", "revenue": 4280968000, "costOfRevenue": 1762721000, "grossProfit": 2518247000, "grossProfitRatio": 0.5882424255, "researchAndDevelopmentExpenses": 0, "generalAndAdministrativeExpenses": 1390262000, "sellingAndMarketingExpenses": 0, "sellingGeneralAndAdministrativeExpenses": 1390262000, "otherExpenses": 362325000, "operatingExpenses": 1752587000, "costAndExpenses": 3515308000, "interestIncome": 0, "interestExpense": 11917000, "depreciationAndAmortization": 362325000, "ebitda": 1073462000, "ebitdaratio": 0.2507521663, "operatingIncome": 765660000, "operatingIncomeRatio": 0.1788520727, "totalOtherIncomeExpensesNet": 54523000, "incomeBeforeTax": 767342000, "incomeBeforeTaxRatio": 0.1792449745, "incomeTaxExpense": 295426000, "netIncome": 403794000, "netIncomeRatio": 0.0943230596, "eps": 1.04, "epsdiluted": 1.03, "weightedAverageShsOut": 388263462, "weightedAverageShsOutDil": 392033010, "link": "https://www.sec.gov/Archives/edgar/data/64040/000095012301002226/0000950123-01-002226-index.htm", "finalLink": "https://www.sec.gov/Archives/edgar/data/64040/000095012301002226/y46387e10-k405.txt", "calculatedOtherExpenses": 362325000, "calculatedOperatingExpenses": 1752587000, "calculatedNetInterest": -11917000, "calculatedOtherIncome": 13599000, "calculatedIncomeNonControlling": 68122000, "calculatedEbitda": 1127985000}, {"date": "1999-12-31", "symbol": "SPGI", "reportedCurrency": "USD", "cik": "0000064040", "fillingDate": "2000-03-22", "acceptedDate": "2000-03-22 00:00:00", "calendarYear": "1999", "period": "FY", "revenue": 3992000000, "costOfRevenue": 1738100000, "grossProfit": 2253900000, "grossProfitRatio": 0.5646042084, "researchAndDevelopmentExpenses": 0, "generalAndAdministrativeExpenses": 1269500000, "sellingAndMarketingExpenses": 0, "sellingGeneralAndAdministrativeExpenses": 1269500000, "otherExpenses": 308400000, "operatingExpenses": 1577900000, "costAndExpenses": 3316000000, "interestIncome": 0, "interestExpense": -85900000, "depreciationAndAmortization": 308400000, "ebitda": 920500000, "ebitdaratio": 0.2305861723, "operatingIncome": 676000000, "operatingIncomeRatio": 0.1693386774, "totalOtherIncomeExpensesNet": 63900000, "incomeBeforeTax": 698000000, "incomeBeforeTaxRatio": 0.1748496994, "incomeTaxExpense": 272200000, "netIncome": 425800000, "netIncomeRatio": 0.1066633267, "eps": 1.09, "epsdiluted": 1.07, "weightedAverageShsOut": 392622000, "weightedAverageShsOutDil": 397114000, "link": "https://www.sec.gov/Archives/edgar/data/64040/000095012300002550/0000950123-00-002550-index.html", "finalLink": "https://www.sec.gov/Archives/edgar/data/64040/000095012300002550/", "calculatedOtherExpenses": 308400000, "calculatedOperatingExpenses": 1577900000, "calculatedNetInterest": 85900000, "calculatedOtherIncome": -63900000, "calculatedIncomeNonControlling": 0, "calculatedEbitda": 984400000}, {"date": "1998-12-31", "symbol": "SPGI", "reportedCurrency": "USD", "cik": "0000064040", "fillingDate": "1999-03-26", "acceptedDate": "1999-03-26 00:00:00", "calendarYear": "1998", "period": "FY", "revenue": 3729100000, "costOfRevenue": 1661600000, "grossProfit": 2067500000, "grossProfitRatio": 0.5544233193, "researchAndDevelopmentExpenses": 0, "generalAndAdministrativeExpenses": 1216700000, "sellingAndMarketingExpenses": 0, "sellingGeneralAndAdministrativeExpenses": 1216700000, "otherExpenses": 299200000, "operatingExpenses": 1515900000, "costAndExpenses": 3177500000, "interestIncome": 0, "interestExpense": -57000000, "depreciationAndAmortization": 299200000, "ebitda": 794000000, "ebitdaratio": 0.2129200075, "operatingIncome": 551600000, "operatingIncomeRatio": 0.1479177281, "totalOtherIncomeExpensesNet": 56800000, "incomeBeforeTax": 560500000, "incomeBeforeTaxRatio": 0.150304363, "incomeTaxExpense": 218600000, "netIncome": 333200000, "netIncomeRatio": 0.089351318, "eps": 0.84, "epsdiluted": 0.83, "weightedAverageShsOut": 393571429, "weightedAverageShsOutDil": 398313253, "link": "https://www.sec.gov/Archives/edgar/data/64040/000095012399002585/0000950123-99-002585-index.html", "finalLink": "https://www.sec.gov/Archives/edgar/data/64040/", "calculatedOtherExpenses": 299200000, "calculatedOperatingExpenses": 1515900000, "calculatedNetInterest": 57000000, "calculatedOtherIncome": -48100000, "calculatedIncomeNonControlling": 8700000, "calculatedEbitda": 850800000}, {"date": "1997-12-31", "symbol": "SPGI", "reportedCurrency": "USD", "cik": "0000064040", "fillingDate": "1998-03-26", "acceptedDate": "1998-03-26 00:00:00", "calendarYear": "1997", "period": "FY", "revenue": 3534100000, "costOfRevenue": 1639400000, "grossProfit": 1894700000, "grossProfitRatio": 0.5361195212, "researchAndDevelopmentExpenses": 0, "generalAndAdministrativeExpenses": 1116200000, "sellingAndMarketingExpenses": 0, "sellingGeneralAndAdministrativeExpenses": 1116200000, "otherExpenses": 293500000, "operatingExpenses": 1409700000, "costAndExpenses": 3049100000, "interestIncome": 0, "interestExpense": -25100000, "depreciationAndAmortization": 293500000, "ebitda": 739700000, "ebitdaratio": 0.2093036417, "operatingIncome": 485000000, "operatingIncomeRatio": 0.1372343737, "totalOtherIncomeExpensesNet": 38800000, "incomeBeforeTax": 471300000, "incomeBeforeTaxRatio": 0.1333578563, "incomeTaxExpense": 180600000, "netIncome": 290700000, "netIncomeRatio": 0.082255737, "eps": 0.74, "epsdiluted": 0.73, "weightedAverageShsOut": 395510204, "weightedAverageShsOutDil": 398219178, "link": "https://www.sec.gov/Archives/edgar/data/64040/000095012398002945/0000950123-98-002945-index.html", "finalLink": "https://www.sec.gov/Archives/edgar/data/64040/", "calculatedOtherExpenses": 293500000, "calculatedOperatingExpenses": 1409700000, "calculatedNetInterest": 25100000, "calculatedOtherIncome": -38800000, "calculatedIncomeNonControlling": 0, "calculatedEbitda": 778500000}, {"date": "1996-12-31", "symbol": "SPGI", "reportedCurrency": "USD", "cik": "0000064040", "fillingDate": "1997-03-26", "acceptedDate": "1997-03-26 00:00:00", "calendarYear": "1996", "period": "FY", "revenue": 3074700000, "costOfRevenue": 1445000000, "grossProfit": 1629700000, "grossProfitRatio": 0.5300354506, "researchAndDevelopmentExpenses": 0, "generalAndAdministrativeExpenses": 968100000, "sellingAndMarketingExpenses": 0, "sellingGeneralAndAdministrativeExpenses": 968100000, "otherExpenses": 238600000, "operatingExpenses": 1206700000, "costAndExpenses": 2651700000, "interestIncome": 0, "interestExpense": -831200000, "depreciationAndAmortization": 238600000, "ebitda": 222200000, "ebitdaratio": 0.0722672131, "operatingIncome": 423000000, "operatingIncomeRatio": 0.1375743975, "totalOtherIncomeExpensesNet": 439400000, "incomeBeforeTax": 814800000, "incomeBeforeTaxRatio": 0.2650014636, "incomeTaxExpense": 319100000, "netIncome": 495700000, "netIncomeRatio": 0.1612189807, "eps": 1.24, "epsdiluted": 1.24, "weightedAverageShsOut": 399988000, "weightedAverageShsOutDil": 399988000, "link": "https://www.sec.gov/Archives/edgar/data/64040/000095012397002496/0000950123-97-002496-index.html", "finalLink": "https://www.sec.gov/Archives/edgar/data/64040/", "calculatedOtherExpenses": 238600000, "calculatedOperatingExpenses": 1206700000, "calculatedNetInterest": 831200000, "calculatedOtherIncome": -439400000, "calculatedIncomeNonControlling": 0, "calculatedEbitda": 661600000}, {"date": "1995-12-31", "symbol": "SPGI", "reportedCurrency": "USD", "cik": "0000064040", "fillingDate": "1996-03-26", "acceptedDate": "1996-03-26 00:00:00", "calendarYear": "1995", "period": "FY", "revenue": 2935300000, "costOfRevenue": 1340300000, "grossProfit": 1595000000, "grossProfitRatio": 0.5433856846, "researchAndDevelopmentExpenses": 0, "generalAndAdministrativeExpenses": 960900000, "sellingAndMarketingExpenses": 0, "sellingGeneralAndAdministrativeExpenses": 960900000, "otherExpenses": 231400000, "operatingExpenses": 1192300000, "costAndExpenses": 2532600000, "interestIncome": 0, "interestExpense": -25900000, "depreciationAndAmortization": 231400000, "ebitda": 591700000, "ebitdaratio": 0.2015807584, "operatingIncome": 402700000, "operatingIncomeRatio": 0.1371921098, "totalOtherIncomeExpensesNet": 42400000, "incomeBeforeTax": 386200000, "incomeBeforeTaxRatio": 0.1315708786, "incomeTaxExpense": 159100000, "netIncome": 227100000, "netIncomeRatio": 0.0773685824, "eps": 0.57, "epsdiluted": 0.57, "weightedAverageShsOut": 399008000, "weightedAverageShsOutDil": 399008000, "link": "https://www.sec.gov/Archives/edgar/data/64040/000095012396001306/0000950123-96-001306-index.html", "finalLink": "https://www.sec.gov/Archives/edgar/data/64040/", "calculatedOtherExpenses": 231400000, "calculatedOperatingExpenses": 1192300000, "calculatedNetInterest": 25900000, "calculatedOtherIncome": -42400000, "calculatedIncomeNonControlling": 0, "calculatedEbitda": 634100000}, {"date": "1994-12-31", "symbol": "SPGI", "reportedCurrency": "USD", "cik": "0000064040", "fillingDate": "1995-03-28", "acceptedDate": "1995-03-28 00:00:00", "calendarYear": "1994", "period": "FY", "revenue": 2760900000, "costOfRevenue": 1286300000, "grossProfit": 1474600000, "grossProfitRatio": 0.5341011989, "researchAndDevelopmentExpenses": 0, "generalAndAdministrativeExpenses": 868900000, "sellingAndMarketingExpenses": 0, "sellingGeneralAndAdministrativeExpenses": 868900000, "otherExpenses": 230000000, "operatingExpenses": 1098900000, "costAndExpenses": 2385200000, "interestIncome": 0, "interestExpense": 8800000, "depreciationAndAmortization": 230000000, "ebitda": 584200000, "ebitdaratio": 0.2115976674, "operatingIncome": 375700000, "operatingIncomeRatio": 0.1360788149, "totalOtherIncomeExpensesNet": 21500000, "incomeBeforeTax": 345400000, "incomeBeforeTaxRatio": 0.1251041327, "incomeTaxExpense": 142300000, "netIncome": 203100000, "netIncomeRatio": 0.0735629686, "eps": 0.51, "epsdiluted": 0.51, "weightedAverageShsOut": 395992000, "weightedAverageShsOutDil": 395992000, "link": "https://www.sec.gov/Archives/edgar/data/64040/000095012395000731/0000950123-95-000731-index.html", "finalLink": "https://www.sec.gov/Archives/edgar/data/64040/", "calculatedOtherExpenses": 230000000, "calculatedOperatingExpenses": 1098900000, "calculatedNetInterest": -8800000, "calculatedOtherIncome": -21500000, "calculatedIncomeNonControlling": 0, "calculatedEbitda": 605700000}, {"date": "1993-12-31", "symbol": "SPGI", "reportedCurrency": "USD", "cik": "0000064040", "fillingDate": "1994-03-30", "acceptedDate": "1994-03-30 00:00:00", "calendarYear": "1993", "period": "FY", "revenue": 2195500000, "costOfRevenue": 989000000, "grossProfit": 1206500000, "grossProfitRatio": 0.549533136, "researchAndDevelopmentExpenses": 0, "generalAndAdministrativeExpenses": 0, "sellingAndMarketingExpenses": 0, "sellingGeneralAndAdministrativeExpenses": 774200000, "otherExpenses": 139600000, "operatingExpenses": 913800000, "costAndExpenses": 1902800000, "interestIncome": 0, "interestExpense": 416600000, "depreciationAndAmortization": 139600000, "ebitda": 622400000, "ebitdaratio": 0.2834889547, "operatingIncome": 292700000, "operatingIncomeRatio": 0.1333181508, "totalOtherIncomeExpensesNet": -190100000, "incomeBeforeTax": 66200000, "incomeBeforeTaxRatio": 0.0301525848, "incomeTaxExpense": 54800000, "netIncome": 11400000, "netIncomeRatio": 0.0051924391, "eps": 0.03, "epsdiluted": 0.03, "weightedAverageShsOut": 380000000, "weightedAverageShsOutDil": 380000000, "link": "https://www.sec.gov/Archives/edgar/data/64040/000095012394000648/0000950123-94-000648-index.html", "finalLink": "https://www.sec.gov/Archives/edgar/data/64040/", "calculatedOtherExpenses": 139600000, "calculatedOperatingExpenses": 913800000, "calculatedNetInterest": -416600000, "calculatedOtherIncome": 190100000, "calculatedIncomeNonControlling": 0, "calculatedEbitda": 432300000}, {"date": "1992-12-31", "symbol": "SPGI", "reportedCurrency": "USD", "cik": "0000064040", "fillingDate": "1992-12-31", "acceptedDate": "1992-12-31 00:00:00", "calendarYear": "1992", "period": "FY", "revenue": 2050500000, "costOfRevenue": 964800000, "grossProfit": 1085700000, "grossProfitRatio": 0.5294806145, "researchAndDevelopmentExpenses": 0, "generalAndAdministrativeExpenses": 0, "sellingAndMarketingExpenses": 0, "sellingGeneralAndAdministrativeExpenses": 727300000, "otherExpenses": 74300000, "operatingExpenses": 801600000, "costAndExpenses": 1766400000, "interestIncome": 0, "interestExpense": 120700000, "depreciationAndAmortization": 74300000, "ebitda": 337700000, "ebitdaratio": 0.1646915386, "operatingIncome": 284100000, "operatingIncomeRatio": 0.1385515728, "totalOtherIncomeExpensesNet": 20700000, "incomeBeforeTax": 267300000, "incomeBeforeTaxRatio": 0.1303584492, "incomeTaxExpense": 114100000, "netIncome": 28600000, "netIncomeRatio": 0.0139478176, "eps": 0.075, "epsdiluted": 0.075, "weightedAverageShsOut": 381333333, "weightedAverageShsOutDil": 381333333, "link": null, "finalLink": null, "calculatedOtherExpenses": 74300000, "calculatedOperatingExpenses": 801600000, "calculatedNetInterest": -120700000, "calculatedOtherIncome": 103900000, "calculatedIncomeNonControlling": 124600000, "calculatedEbitda": 358400000}, {"date": "1991-12-31", "symbol": "SPGI", "reportedCurrency": "USD", "cik": "0000064040", "fillingDate": "1991-12-31", "acceptedDate": "1991-12-31 00:00:00", "calendarYear": "1991", "period": "FY", "revenue": 1943000000, "costOfRevenue": 906300000, "grossProfit": 1036700000, "grossProfitRatio": 0.5335563562, "researchAndDevelopmentExpenses": 0, "generalAndAdministrativeExpenses": 0, "sellingAndMarketingExpenses": 0, "sellingGeneralAndAdministrativeExpenses": 695000000, "otherExpenses": 72100000, "operatingExpenses": 767100000, "costAndExpenses": 1673400000, "interestIncome": 0, "interestExpense": -24400000, "depreciationAndAmortization": 72100000, "ebitda": 306000000, "ebitdaratio": 0.15748842, "operatingIncome": 269600000, "operatingIncomeRatio": 0.1387545033, "totalOtherIncomeExpensesNet": 35700000, "incomeBeforeTax": 258300000, "incomeBeforeTaxRatio": 0.1329387545, "incomeTaxExpense": 110300000, "netIncome": 148000000, "netIncomeRatio": 0.0761708698, "eps": 0.38, "epsdiluted": 0.38, "weightedAverageShsOut": 389473684, "weightedAverageShsOutDil": 389473684, "link": null, "finalLink": null, "calculatedOtherExpenses": 72100000, "calculatedOperatingExpenses": 767100000, "calculatedNetInterest": 24400000, "calculatedOtherIncome": -35700000, "calculatedIncomeNonControlling": 0, "calculatedEbitda": 341700000}, {"date": "1990-12-31", "symbol": "SPGI", "reportedCurrency": "USD", "cik": "0000064040", "fillingDate": "1990-12-31", "acceptedDate": "1990-12-31 00:00:00", "calendarYear": "1990", "period": "FY", "revenue": 1938600000, "costOfRevenue": 873900000, "grossProfit": 1064700000, "grossProfitRatio": 0.5492107707, "researchAndDevelopmentExpenses": 0, "generalAndAdministrativeExpenses": 0, "sellingAndMarketingExpenses": 0, "sellingGeneralAndAdministrativeExpenses": 672800000, "otherExpenses": 66800000, "operatingExpenses": 739600000, "costAndExpenses": 1613500000, "interestIncome": 0, "interestExpense": -10600000, "depreciationAndAmortization": 66800000, "ebitda": 358800000, "ebitdaratio": 0.185082018, "operatingIncome": 325100000, "operatingIncomeRatio": 0.167698339, "totalOtherIncomeExpensesNet": 33100000, "incomeBeforeTax": 302600000, "incomeBeforeTaxRatio": 0.1560920252, "incomeTaxExpense": 130100000, "netIncome": 172500000, "netIncomeRatio": 0.0889817394, "eps": 0.45, "epsdiluted": 0.45, "weightedAverageShsOut": 387640449, "weightedAverageShsOutDil": 387640449, "link": null, "finalLink": null, "calculatedOtherExpenses": 66800000, "calculatedOperatingExpenses": 739600000, "calculatedNetInterest": 10600000, "calculatedOtherIncome": -33100000, "calculatedIncomeNonControlling": 0, "calculatedEbitda": 391900000}, {"date": "1989-12-31", "symbol": "SPGI", "reportedCurrency": "USD", "cik": "0000064040", "fillingDate": "1989-12-31", "acceptedDate": "1989-12-31 00:00:00", "calendarYear": "1989", "period": "FY", "revenue": 1789000000, "costOfRevenue": 824600000, "grossProfit": 964400000, "grossProfitRatio": 0.5390721073, "researchAndDevelopmentExpenses": 0, "generalAndAdministrativeExpenses": 0, "sellingAndMarketingExpenses": 0, "sellingGeneralAndAdministrativeExpenses": 842200000, "otherExpenses": 68900000, "operatingExpenses": 911100000, "costAndExpenses": 1735700000, "interestIncome": 0, "interestExpense": -101700000, "depreciationAndAmortization": 68900000, "ebitda": 53800000, "ebitdaratio": 0.0300726663, "operatingIncome": 53300000, "operatingIncomeRatio": 0.0297931805, "totalOtherIncomeExpensesNet": 68400000, "incomeBeforeTax": 86600000, "incomeBeforeTaxRatio": 0.0484069312, "incomeTaxExpense": 46800000, "netIncome": 39800000, "netIncomeRatio": 0.0222470654, "eps": 0.11, "epsdiluted": 0.11, "weightedAverageShsOut": 379047619, "weightedAverageShsOutDil": 379047619, "link": null, "finalLink": null, "calculatedOtherExpenses": 68900000, "calculatedOperatingExpenses": 911100000, "calculatedNetInterest": 101700000, "calculatedOtherIncome": -68400000, "calculatedIncomeNonControlling": 0, "calculatedEbitda": 122200000}, {"date": "1988-12-31", "symbol": "SPGI", "reportedCurrency": "USD", "cik": "0000064040", "fillingDate": "1988-12-31", "acceptedDate": "1988-12-31 00:00:00", "calendarYear": "1988", "period": "FY", "revenue": 1818000000, "costOfRevenue": 840800000, "grossProfit": 977200000, "grossProfitRatio": 0.5375137514, "researchAndDevelopmentExpenses": 0, "generalAndAdministrativeExpenses": 0, "sellingAndMarketingExpenses": 0, "sellingGeneralAndAdministrativeExpenses": 636600000, "otherExpenses": 66200000, "operatingExpenses": 702800000, "costAndExpenses": 1543600000, "interestIncome": 0, "interestExpense": -215900000, "depreciationAndAmortization": 66200000, "ebitda": 229900000, "ebitdaratio": 0.1264576458, "operatingIncome": 274400000, "operatingIncomeRatio": 0.1509350935, "totalOtherIncomeExpensesNet": 110700000, "incomeBeforeTax": 379600000, "incomeBeforeTaxRatio": 0.2088008801, "incomeTaxExpense": 194100000, "netIncome": 185500000, "netIncomeRatio": 0.1020352035, "eps": 0.48, "epsdiluted": 0.48, "weightedAverageShsOut": 386458333, "weightedAverageShsOutDil": 386458333, "link": null, "finalLink": null, "calculatedOtherExpenses": 66200000, "calculatedOperatingExpenses": 702800000, "calculatedNetInterest": 215900000, "calculatedOtherIncome": -110700000, "calculatedIncomeNonControlling": 0, "calculatedEbitda": 340600000}, {"date": "1987-12-31", "symbol": "SPGI", "reportedCurrency": "USD", "cik": "0000064040", "fillingDate": "1987-12-31", "acceptedDate": "1987-12-31 00:00:00", "calendarYear": "1987", "period": "FY", "revenue": 1751200000, "costOfRevenue": 796300000, "grossProfit": 954900000, "grossProfitRatio": 0.5452832344, "researchAndDevelopmentExpenses": 0, "generalAndAdministrativeExpenses": 0, "sellingAndMarketingExpenses": 0, "sellingGeneralAndAdministrativeExpenses": 621100000, "otherExpenses": 65600000, "operatingExpenses": 686700000, "costAndExpenses": 1483000000, "interestIncome": 0, "interestExpense": -66300000, "depreciationAndAmortization": 65600000, "ebitda": 298400000, "ebitdaratio": 0.1703974418, "operatingIncome": 268200000, "operatingIncomeRatio": 0.1531521243, "totalOtherIncomeExpensesNet": 35400000, "incomeBeforeTax": 299100000, "incomeBeforeTaxRatio": 0.1707971677, "incomeTaxExpense": 134300000, "netIncome": 164800000, "netIncomeRatio": 0.0941068981, "eps": 0.41, "epsdiluted": 0.41, "weightedAverageShsOut": 401951220, "weightedAverageShsOutDil": 401951220, "link": null, "finalLink": null, "calculatedOtherExpenses": 65600000, "calculatedOperatingExpenses": 686700000, "calculatedNetInterest": 66300000, "calculatedOtherIncome": -35400000, "calculatedIncomeNonControlling": 0, "calculatedEbitda": 333800000}, {"date": "1986-12-31", "symbol": "SPGI", "reportedCurrency": "USD", "cik": "0000064040", "fillingDate": "1986-12-31", "acceptedDate": "1986-12-31 00:00:00", "calendarYear": "1986", "period": "FY", "revenue": 1576800000, "costOfRevenue": 699500000, "grossProfit": 877300000, "grossProfitRatio": 0.5563800101, "researchAndDevelopmentExpenses": 0, "generalAndAdministrativeExpenses": 0, "sellingAndMarketingExpenses": 0, "sellingGeneralAndAdministrativeExpenses": 546800000, "otherExpenses": 51500000, "operatingExpenses": 598300000, "costAndExpenses": 1297800000, "interestIncome": 0, "interestExpense": -33500000, "depreciationAndAmortization": 51500000, "ebitda": 313800000, "ebitdaratio": 0.1990106545, "operatingIncome": 279000000, "operatingIncomeRatio": 0.1769406393, "totalOtherIncomeExpensesNet": 16700000, "incomeBeforeTax": 295800000, "incomeBeforeTaxRatio": 0.1875951294, "incomeTaxExpense": 141800000, "netIncome": 154000000, "netIncomeRatio": 0.0976661593, "eps": 0.38, "epsdiluted": 0.38, "weightedAverageShsOut": 405263158, "weightedAverageShsOutDil": 405263158, "link": null, "finalLink": null, "calculatedOtherExpenses": 51500000, "calculatedOperatingExpenses": 598300000, "calculatedNetInterest": 33500000, "calculatedOtherIncome": -16700000, "calculatedIncomeNonControlling": 0, "calculatedEbitda": 330500000}, {"date": "1985-12-31", "symbol": "SPGI", "reportedCurrency": "USD", "cik": "0000064040", "fillingDate": "1985-12-31", "acceptedDate": "1985-12-31 00:00:00", "calendarYear": "1985", "period": "FY", "revenue": 1491200000, "costOfRevenue": 678100000, "grossProfit": 813100000, "grossProfitRatio": 0.5452655579, "researchAndDevelopmentExpenses": 0, "generalAndAdministrativeExpenses": 0, "sellingAndMarketingExpenses": 0, "sellingGeneralAndAdministrativeExpenses": 508000000, "otherExpenses": 43300000, "operatingExpenses": 551300000, "costAndExpenses": 1229400000, "interestIncome": 0, "interestExpense": -45100000, "depreciationAndAmortization": 43300000, "ebitda": 282500000, "ebitdaratio": 0.1894447425, "operatingIncome": 261800000, "operatingIncomeRatio": 0.1755633047, "totalOtherIncomeExpensesNet": 22600000, "incomeBeforeTax": 284300000, "incomeBeforeTaxRatio": 0.190651824, "incomeTaxExpense": 136900000, "netIncome": 147400000, "netIncomeRatio": 0.0988465665, "eps": 0.37, "epsdiluted": 0.37, "weightedAverageShsOut": 403835616, "weightedAverageShsOutDil": 403835616, "link": null, "finalLink": null, "calculatedOtherExpenses": 43300000, "calculatedOperatingExpenses": 551300000, "calculatedNetInterest": 45100000, "calculatedOtherIncome": -22600000, "calculatedIncomeNonControlling": 0, "calculatedEbitda": 305100000}]}