{"originalCurrency": "USD", "convertedCurrency": "USD", "report": [{"date": "2023-12-31", "symbol": "SPR", "reportedCurrency": "USD", "cik": "0001364885", "fillingDate": "2024-02-22", "acceptedDate": "2024-02-22 16:08:21", "calendarYear": "2023", "period": "FY", "revenue": 6047900000, "costOfRevenue": 5841700000, "grossProfit": 206200000, "grossProfitRatio": 0.0340944791, "researchAndDevelopmentExpenses": 45400000, "generalAndAdministrativeExpenses": 0, "sellingAndMarketingExpenses": 0, "sellingGeneralAndAdministrativeExpenses": 281900000, "otherExpenses": -5900000, "operatingExpenses": 333200000, "costAndExpenses": 6174900000, "interestIncome": 12900000, "interestExpense": 323900000, "depreciationAndAmortization": 315600000, "ebitda": 188600000, "ebitdaratio": 0.031184378, "operatingIncome": -127000000, "operatingIncomeRatio": -0.0209990245, "totalOtherIncomeExpensesNet": -466300000, "incomeBeforeTax": -593300000, "incomeBeforeTaxRatio": -0.098100167, "incomeTaxExpense": 22500000, "netIncome": -616200000, "netIncomeRatio": -0.1018866053, "eps": -5.78, "epsdiluted": -5.78, "weightedAverageShsOut": 106600000, "weightedAverageShsOutDil": 106600000, "link": "https://www.sec.gov/Archives/edgar/data/1364885/000162828024006331/0001628280-24-006331-index.htm", "finalLink": "https://www.sec.gov/Archives/edgar/data/1364885/000162828024006331/spr-20231231.htm", "calculatedOtherExpenses": 5900000, "calculatedOperatingExpenses": 333200000, "calculatedNetInterest": -311000000, "calculatedOtherIncome": -155300000, "calculatedIncomeNonControlling": 400000, "calculatedEbitda": 188600000}, {"date": "2022-12-31", "symbol": "SPR", "reportedCurrency": "USD", "cik": "0001364885", "fillingDate": "2023-02-17", "acceptedDate": "2023-02-17 16:38:22", "calendarYear": "2022", "period": "FY", "revenue": 5029600000, "costOfRevenue": 4981000000, "grossProfit": 48600000, "grossProfitRatio": 0.0096627962, "researchAndDevelopmentExpenses": 50400000, "generalAndAdministrativeExpenses": 0, "sellingAndMarketingExpenses": 0, "sellingGeneralAndAdministrativeExpenses": 279200000, "otherExpenses": -14100000, "operatingExpenses": 329600000, "costAndExpenses": 5310600000, "interestIncome": 6200000, "interestExpense": 244100000, "depreciationAndAmortization": 337100000, "ebitda": 42000000, "ebitdaratio": 0.0083505647, "operatingIncome": -295100000, "operatingIncomeRatio": -0.0586726579, "totalOtherIncomeExpensesNet": -244300000, "incomeBeforeTax": -539400000, "incomeBeforeTaxRatio": -0.107245109, "incomeTaxExpense": 5200000, "netIncome": -544600000, "netIncomeRatio": -0.1082789884, "eps": -5.21, "epsdiluted": -5.21, "weightedAverageShsOut": 104600000, "weightedAverageShsOutDil": 104600000, "link": "https://www.sec.gov/Archives/edgar/data/1364885/000162828023004051/0001628280-23-004051-index.htm", "finalLink": "https://www.sec.gov/Archives/edgar/data/1364885/000162828023004051/spr-20221231.htm", "calculatedOtherExpenses": 14100000, "calculatedOperatingExpenses": 343700000, "calculatedNetInterest": -237900000, "calculatedOtherIncome": -6400000, "calculatedIncomeNonControlling": 0, "calculatedEbitda": 42000000}, {"date": "2021-12-31", "symbol": "SPR", "reportedCurrency": "USD", "cik": "0001364885", "fillingDate": "2022-02-15", "acceptedDate": "2022-02-15 16:11:48", "calendarYear": "2021", "period": "FY", "revenue": 3953000000, "costOfRevenue": 4070800000, "grossProfit": -117800000, "grossProfitRatio": -0.0298001518, "researchAndDevelopmentExpenses": 53300000, "generalAndAdministrativeExpenses": 0, "sellingAndMarketingExpenses": 0, "sellingGeneralAndAdministrativeExpenses": 279900000, "otherExpenses": 146600000, "operatingExpenses": 333200000, "costAndExpenses": 4404000000, "interestIncome": 1800000, "interestExpense": 242600000, "depreciationAndAmortization": 327600000, "ebitda": 23200000, "ebitdaratio": 0.0058689603, "operatingIncome": -304400000, "operatingIncomeRatio": -0.0770048065, "totalOtherIncomeExpensesNet": -250800000, "incomeBeforeTax": -555200000, "incomeBeforeTaxRatio": -0.1404502909, "incomeTaxExpense": -17200000, "netIncome": -538000000, "netIncomeRatio": -0.1360991652, "eps": -5.16, "epsdiluted": -5.16, "weightedAverageShsOut": 104200000, "weightedAverageShsOutDil": 104200000, "link": "https://www.sec.gov/Archives/edgar/data/1364885/000162828022002704/0001628280-22-002704-index.htm", "finalLink": "https://www.sec.gov/Archives/edgar/data/1364885/000162828022002704/spr-20211231.htm", "calculatedOtherExpenses": -146600000, "calculatedOperatingExpenses": 186600000, "calculatedNetInterest": -240800000, "calculatedOtherIncome": -10000000, "calculatedIncomeNonControlling": 0, "calculatedEbitda": 23200000}, {"date": "2020-12-31", "symbol": "SPR", "reportedCurrency": "USD", "cik": "0001364885", "fillingDate": "2021-02-25", "acceptedDate": "2021-02-25 16:43:55", "calendarYear": "2020", "period": "FY", "revenue": 3404800000, "costOfRevenue": 3845500000, "grossProfit": -440700000, "grossProfitRatio": -0.1294349154, "researchAndDevelopmentExpenses": 38800000, "generalAndAdministrativeExpenses": 0, "sellingAndMarketingExpenses": 0, "sellingGeneralAndAdministrativeExpenses": 237400000, "otherExpenses": -77800000, "operatingExpenses": 276200000, "costAndExpenses": 4121700000, "interestIncome": 10000000, "interestExpense": 195300000, "depreciationAndAmortization": 295700000, "ebitda": -517100000, "ebitdaratio": -0.1518738252, "operatingIncome": -812800000, "operatingIncomeRatio": -0.2387218045, "totalOtherIncomeExpensesNet": -273100000, "incomeBeforeTax": -1085900000, "incomeBeforeTaxRatio": -0.3189320959, "incomeTaxExpense": -220200000, "netIncome": -865700000, "netIncomeRatio": -0.2542586936, "eps": -8.33, "epsdiluted": -8.33, "weightedAverageShsOut": 103900000, "weightedAverageShsOutDil": 103900000, "link": "https://www.sec.gov/Archives/edgar/data/1364885/000162828021003321/0001628280-21-003321-index.htm", "finalLink": "https://www.sec.gov/Archives/edgar/data/1364885/000162828021003321/spr-20201231.htm", "calculatedOtherExpenses": 95900000, "calculatedOperatingExpenses": 372100000, "calculatedNetInterest": -185300000, "calculatedOtherIncome": -87800000, "calculatedIncomeNonControlling": 0, "calculatedEbitda": -517100000}, {"date": "2019-12-31", "symbol": "SPR", "reportedCurrency": "USD", "cik": "0001364885", "fillingDate": "2020-02-28", "acceptedDate": "2020-02-28 12:34:30", "calendarYear": "2019", "period": "FY", "revenue": 7863100000, "costOfRevenue": 6786400000, "grossProfit": 1076700000, "grossProfitRatio": 0.1369307271, "researchAndDevelopmentExpenses": 54500000, "generalAndAdministrativeExpenses": 0, "sellingAndMarketingExpenses": 0, "sellingGeneralAndAdministrativeExpenses": 261400000, "otherExpenses": -5800000, "operatingExpenses": 315900000, "costAndExpenses": 7102300000, "interestIncome": 12900000, "interestExpense": 91900000, "depreciationAndAmortization": 245900000, "ebitda": 1006700000, "ebitdaratio": 0.1280283858, "operatingIncome": 760800000, "operatingIncomeRatio": 0.0967557325, "totalOtherIncomeExpensesNet": -97700000, "incomeBeforeTax": 663100000, "incomeBeforeTaxRatio": 0.0843306075, "incomeTaxExpense": 132800000, "netIncome": 530100000, "netIncomeRatio": 0.067416159, "eps": 5.11, "epsdiluted": 5.06, "weightedAverageShsOut": 103600000, "weightedAverageShsOutDil": 104700000, "link": "https://www.sec.gov/Archives/edgar/data/1364885/000162828020002543/0001628280-20-002543-index.htm", "finalLink": "https://www.sec.gov/Archives/edgar/data/1364885/000162828020002543/spr-20191231x10k.htm", "calculatedOtherExpenses": 0, "calculatedOperatingExpenses": 315900000, "calculatedNetInterest": -79000000, "calculatedOtherIncome": -18700000, "calculatedIncomeNonControlling": 200000, "calculatedEbitda": 1006700000}, {"date": "2018-12-31", "symbol": "SPR", "reportedCurrency": "USD", "cik": "0001364885", "fillingDate": "2019-02-08", "acceptedDate": "2019-02-08 16:03:48", "calendarYear": "2018", "period": "FY", "revenue": 7222000000, "costOfRevenue": 6135900000, "grossProfit": 1086100000, "grossProfitRatio": 0.1503877042, "researchAndDevelopmentExpenses": 42500000, "generalAndAdministrativeExpenses": 210400000, "sellingAndMarketingExpenses": 0, "sellingGeneralAndAdministrativeExpenses": 210400000, "otherExpenses": -7000000, "operatingExpenses": 252900000, "costAndExpenses": 6388800000, "interestIncome": 8000000, "interestExpense": 80000000, "depreciationAndAmortization": 231000000, "ebitda": 1057200000, "ebitdaratio": 0.1463860426, "operatingIncome": 843200000, "operatingIncomeRatio": 0.1167543617, "totalOtherIncomeExpensesNet": 3000000, "incomeBeforeTax": 756200000, "incomeBeforeTaxRatio": 0.1047078372, "incomeTaxExpense": 139800000, "netIncome": 617000000, "netIncomeRatio": 0.085433398, "eps": 5.71, "epsdiluted": 5.66, "weightedAverageShsOut": 108000000, "weightedAverageShsOutDil": 109100000, "link": "https://www.sec.gov/Archives/edgar/data/1364885/000162828019001118/0001628280-19-001118-index.htm", "finalLink": "https://www.sec.gov/Archives/edgar/data/1364885/000162828019001118/spr-20181231x10k.htm", "calculatedOtherExpenses": -10000000, "calculatedOperatingExpenses": 242900000, "calculatedNetInterest": -72000000, "calculatedOtherIncome": -15000000, "calculatedIncomeNonControlling": -600000, "calculatedEbitda": 1074200000}, {"date": "2017-12-31", "symbol": "SPR", "reportedCurrency": "USD", "cik": "0001364885", "fillingDate": "2018-02-09", "acceptedDate": "2018-02-09 17:12:05", "calendarYear": "2017", "period": "FY", "revenue": 6983000000, "costOfRevenue": 6162500000, "grossProfit": 820500000, "grossProfitRatio": 0.117499642, "researchAndDevelopmentExpenses": 31200000, "generalAndAdministrativeExpenses": 200300000, "sellingAndMarketingExpenses": 0, "sellingGeneralAndAdministrativeExpenses": 200300000, "otherExpenses": 7200000, "operatingExpenses": 231500000, "costAndExpenses": 6394000000, "interestIncome": 6400000, "interestExpense": 41700000, "depreciationAndAmortization": 214300000, "ebitda": 810500000, "ebitdaratio": 0.1160675927, "operatingIncome": 569100000, "operatingIncomeRatio": 0.0814979235, "totalOtherIncomeExpensesNet": -12700000, "incomeBeforeTax": 534600000, "incomeBeforeTaxRatio": 0.0765573536, "incomeTaxExpense": 180000000, "netIncome": 354900000, "netIncomeRatio": 0.0508234283, "eps": 3.04, "epsdiluted": 3.01, "weightedAverageShsOut": 116800000, "weightedAverageShsOutDil": 117900000, "link": "https://www.sec.gov/Archives/edgar/data/1364885/000162828018001356/0001628280-18-001356-index.htm", "finalLink": "https://www.sec.gov/Archives/edgar/data/1364885/000162828018001356/spr-20171231x10k.htm", "calculatedOtherExpenses": 19900000, "calculatedOperatingExpenses": 251400000, "calculatedNetInterest": -35300000, "calculatedOtherIncome": 800000, "calculatedIncomeNonControlling": -300000, "calculatedEbitda": 783400000}, {"date": "2016-12-31", "symbol": "SPR", "reportedCurrency": "USD", "cik": "0001364885", "fillingDate": "2017-02-10", "acceptedDate": "2017-02-10 17:09:35", "calendarYear": "2016", "period": "FY", "revenue": 6792900000, "costOfRevenue": 5803600000, "grossProfit": 989300000, "grossProfitRatio": 0.1456373567, "researchAndDevelopmentExpenses": 23800000, "generalAndAdministrativeExpenses": 228300000, "sellingAndMarketingExpenses": 0, "sellingGeneralAndAdministrativeExpenses": 228300000, "otherExpenses": -7300000, "operatingExpenses": 252100000, "costAndExpenses": 6055700000, "interestIncome": 3600000, "interestExpense": 57300000, "depreciationAndAmortization": 208800000, "ebitda": 938700000, "ebitdaratio": 0.1381884026, "operatingIncome": 725100000, "operatingIncomeRatio": 0.106743806, "totalOtherIncomeExpensesNet": -19400000, "incomeBeforeTax": 660500000, "incomeBeforeTaxRatio": 0.0972338765, "incomeTaxExpense": 192100000, "netIncome": 469700000, "netIncomeRatio": 0.0691457257, "eps": 3.72, "epsdiluted": 3.7, "weightedAverageShsOut": 126100000, "weightedAverageShsOutDil": 127000000, "link": "https://www.sec.gov/Archives/edgar/data/1364885/000162828017001120/0001628280-17-001120-index.htm", "finalLink": "https://www.sec.gov/Archives/edgar/data/1364885/000162828017001120/spr-20161231x10k.htm", "calculatedOtherExpenses": 12100000, "calculatedOperatingExpenses": 264200000, "calculatedNetInterest": -53700000, "calculatedOtherIncome": -10900000, "calculatedIncomeNonControlling": -1300000, "calculatedEbitda": 933900000}, {"date": "2015-12-31", "symbol": "SPR", "reportedCurrency": "USD", "cik": "0001364885", "fillingDate": "2016-02-12", "acceptedDate": "2016-02-12 17:24:32", "calendarYear": "2015", "period": "FY", "revenue": 6643900000, "costOfRevenue": 5532300000, "grossProfit": 1111600000, "grossProfitRatio": 0.1673113683, "researchAndDevelopmentExpenses": 27800000, "generalAndAdministrativeExpenses": 220800000, "sellingAndMarketingExpenses": 0, "sellingGeneralAndAdministrativeExpenses": 220800000, "otherExpenses": -2200000, "operatingExpenses": 248600000, "costAndExpenses": 5780900000, "interestIncome": 2100000, "interestExpense": 52700000, "depreciationAndAmortization": 181100000, "ebitda": 1041900000, "ebitdaratio": 0.1568205422, "operatingIncome": 863000000, "operatingIncomeRatio": 0.1298935866, "totalOtherIncomeExpensesNet": -2200000, "incomeBeforeTax": 808100000, "incomeBeforeTaxRatio": 0.1216303677, "incomeTaxExpense": 20600000, "netIncome": 788700000, "netIncomeRatio": 0.118710396, "eps": 5.69, "epsdiluted": 5.66, "weightedAverageShsOut": 138400000, "weightedAverageShsOutDil": 139400000, "link": "https://www.sec.gov/Archives/edgar/data/1364885/000162828016011138/0001628280-16-011138-index.htm", "finalLink": "https://www.sec.gov/Archives/edgar/data/1364885/000162828016011138/spr-20151231x10k.htm", "calculatedOtherExpenses": 0, "calculatedOperatingExpenses": 248600000, "calculatedNetInterest": -50600000, "calculatedOtherIncome": -4300000, "calculatedIncomeNonControlling": -1200000, "calculatedEbitda": 1044100000}, {"date": "2014-12-31", "symbol": "SPR", "reportedCurrency": "USD", "cik": "0001364885", "fillingDate": "2015-02-13", "acceptedDate": "2015-02-13 17:21:05", "calendarYear": "2014", "period": "FY", "revenue": 6799200000, "costOfRevenue": 5711000000, "grossProfit": 1088200000, "grossProfitRatio": 0.160048241, "researchAndDevelopmentExpenses": 29300000, "generalAndAdministrativeExpenses": 233800000, "sellingAndMarketingExpenses": 0, "sellingGeneralAndAdministrativeExpenses": 233800000, "otherExpenses": -4100000, "operatingExpenses": 263100000, "costAndExpenses": 5974100000, "interestIncome": 600000, "interestExpense": 88100000, "depreciationAndAmortization": 199300000, "ebitda": 1020900000, "ebitdaratio": 0.1501500176, "operatingIncome": 354000000, "operatingIncomeRatio": 0.0520649488, "totalOtherIncomeExpensesNet": -475200000, "incomeBeforeTax": 262400000, "incomeBeforeTaxRatio": 0.0385927756, "incomeTaxExpense": -95900000, "netIncome": 358800000, "netIncomeRatio": 0.0527709142, "eps": 2.55, "epsdiluted": 2.53, "weightedAverageShsOut": 140000000, "weightedAverageShsOutDil": 141600000, "link": "https://www.sec.gov/Archives/edgar/data/1364885/000162828015000760/0001628280-15-000760-index.htm", "finalLink": "https://www.sec.gov/Archives/edgar/data/1364885/000162828015000760/spr-20141231x10k.htm", "calculatedOtherExpenses": 471100000, "calculatedOperatingExpenses": 734200000, "calculatedNetInterest": -87500000, "calculatedOtherIncome": -4100000, "calculatedIncomeNonControlling": -500000, "calculatedEbitda": 553300000}, {"date": "2013-12-31", "symbol": "SPR", "reportedCurrency": "USD", "cik": "0001364885", "fillingDate": "2014-02-19", "acceptedDate": "2014-02-19 15:10:37", "calendarYear": "2013", "period": "FY", "revenue": 5961000000, "costOfRevenue": 6059500000, "grossProfit": -98500000, "grossProfitRatio": -0.0165240731, "researchAndDevelopmentExpenses": 34700000, "generalAndAdministrativeExpenses": 200800000, "sellingAndMarketingExpenses": 0, "sellingGeneralAndAdministrativeExpenses": 200800000, "otherExpenses": 3300000, "operatingExpenses": 235500000, "costAndExpenses": 6295000000, "interestIncome": 300000, "interestExpense": 70100000, "depreciationAndAmortization": 168000000, "ebitda": -162400000, "ebitdaratio": -0.027243751, "operatingIncome": -364300000, "operatingIncomeRatio": -0.0611139071, "totalOtherIncomeExpensesNet": -27000000, "incomeBeforeTax": -430800000, "incomeBeforeTaxRatio": -0.0722697534, "incomeTaxExpense": 191100000, "netIncome": -621400000, "netIncomeRatio": -0.1042442543, "eps": -4.4, "epsdiluted": -4.4, "weightedAverageShsOut": 141227272, "weightedAverageShsOutDil": 141300000, "link": "https://www.sec.gov/Archives/edgar/data/1364885/000104746914001034/0001047469-14-001034-index.htm", "finalLink": "https://www.sec.gov/Archives/edgar/data/1364885/000104746914001034/a2218233z10-k.htm", "calculatedOtherExpenses": 30300000, "calculatedOperatingExpenses": 265800000, "calculatedNetInterest": -69800000, "calculatedOtherIncome": 3300000, "calculatedIncomeNonControlling": -500000, "calculatedEbitda": -196300000}, {"date": "2012-12-31", "symbol": "SPR", "reportedCurrency": "USD", "cik": "0001364885", "fillingDate": "2013-03-01", "acceptedDate": "2013-02-28 20:01:10", "calendarYear": "2012", "period": "FY", "revenue": 5397700000, "costOfRevenue": 5245300000, "grossProfit": 152400000, "grossProfitRatio": 0.0282342479, "researchAndDevelopmentExpenses": 34100000, "generalAndAdministrativeExpenses": 172200000, "sellingAndMarketingExpenses": 0, "sellingGeneralAndAdministrativeExpenses": 172200000, "otherExpenses": 1800000, "operatingExpenses": 206300000, "costAndExpenses": 5451600000, "interestIncome": 200000, "interestExpense": 82900000, "depreciationAndAmortization": 170800000, "ebitda": 118900000, "ebitdaratio": 0.0220279008, "operatingIncome": 92300000, "operatingIncomeRatio": 0.0170998759, "totalOtherIncomeExpensesNet": 148000000, "incomeBeforeTax": 11400000, "incomeBeforeTaxRatio": 0.0021120107, "incomeTaxExpense": -24100000, "netIncome": 34800000, "netIncomeRatio": 0.0064471905, "eps": 0.24, "epsdiluted": 0.24, "weightedAverageShsOut": 140700000, "weightedAverageShsOutDil": 142700000, "link": "https://www.sec.gov/Archives/edgar/data/1364885/000104746913001981/0001047469-13-001981-index.htm", "finalLink": "https://www.sec.gov/Archives/edgar/data/1364885/000104746913001981/a2212877z10-k.htm", "calculatedOtherExpenses": -146200000, "calculatedOperatingExpenses": 60100000, "calculatedNetInterest": -82700000, "calculatedOtherIncome": 1800000, "calculatedIncomeNonControlling": 700000, "calculatedEbitda": 263100000}, {"date": "2011-12-31", "symbol": "SPR", "reportedCurrency": "USD", "cik": "0001364885", "fillingDate": "2012-02-23", "acceptedDate": "2012-02-23 15:46:57", "calendarYear": "2011", "period": "FY", "revenue": 4863800000, "costOfRevenue": 4312100000, "grossProfit": 551700000, "grossProfitRatio": 0.1134298285, "researchAndDevelopmentExpenses": 35700000, "generalAndAdministrativeExpenses": 159900000, "sellingAndMarketingExpenses": 0, "sellingGeneralAndAdministrativeExpenses": 159900000, "otherExpenses": 0, "operatingExpenses": 195600000, "costAndExpenses": 4507700000, "interestIncome": 300000, "interestExpense": 77500000, "depreciationAndAmortization": 139700000, "ebitda": 496100000, "ebitdaratio": 0.1019984374, "operatingIncome": 356100000, "operatingIncomeRatio": 0.0732143591, "totalOtherIncomeExpensesNet": 1400000, "incomeBeforeTax": 280300000, "incomeBeforeTaxRatio": 0.0576298368, "incomeTaxExpense": 86900000, "netIncome": 192400000, "netIncomeRatio": 0.0395575476, "eps": 1.36, "epsdiluted": 1.35, "weightedAverageShsOut": 139200000, "weightedAverageShsOutDil": 142300000, "link": "https://www.sec.gov/Archives/edgar/data/1364885/000104746912001363/0001047469-12-001363-index.htm", "finalLink": "https://www.sec.gov/Archives/edgar/data/1364885/000104746912001363/a2207361z10-k.htm", "calculatedOtherExpenses": 0, "calculatedOperatingExpenses": 195600000, "calculatedNetInterest": -77200000, "calculatedOtherIncome": 1400000, "calculatedIncomeNonControlling": 1000000, "calculatedEbitda": 495800000}, {"date": "2010-12-31", "symbol": "SPR", "reportedCurrency": "USD", "cik": "0001364885", "fillingDate": "2011-02-22", "acceptedDate": "2011-02-22 17:24:01", "calendarYear": "2010", "period": "FY", "revenue": 4172400000, "costOfRevenue": 3607900000, "grossProfit": 564500000, "grossProfitRatio": 0.1352938357, "researchAndDevelopmentExpenses": 51500000, "generalAndAdministrativeExpenses": 156000000, "sellingAndMarketingExpenses": 0, "sellingGeneralAndAdministrativeExpenses": 156000000, "otherExpenses": 0, "operatingExpenses": 207500000, "costAndExpenses": 3815400000, "interestIncome": 300000, "interestExpense": 59100000, "depreciationAndAmortization": 128000000, "ebitda": 485300000, "ebitdaratio": 0.1163119548, "operatingIncome": 357000000, "operatingIncomeRatio": 0.0855622663, "totalOtherIncomeExpensesNet": -400000, "incomeBeforeTax": 297800000, "incomeBeforeTaxRatio": 0.0713737897, "incomeTaxExpense": 78200000, "netIncome": 218900000, "netIncomeRatio": 0.0524638098, "eps": 1.56, "epsdiluted": 1.55, "weightedAverageShsOut": 137900000, "weightedAverageShsOutDil": 141000000, "link": "https://www.sec.gov/Archives/edgar/data/1364885/000095012311016606/0000950123-11-016606-index.htm", "finalLink": "https://www.sec.gov/Archives/edgar/data/1364885/000095012311016606/d78727e10vk.htm", "calculatedOtherExpenses": 0, "calculatedOperatingExpenses": 207500000, "calculatedNetInterest": -58800000, "calculatedOtherIncome": -400000, "calculatedIncomeNonControlling": 700000, "calculatedEbitda": 485000000}, {"date": "2009-12-31", "symbol": "SPR", "reportedCurrency": "USD", "cik": "0001364885", "fillingDate": "2010-02-26", "acceptedDate": "2010-02-26 17:25:10", "calendarYear": "2009", "period": "FY", "revenue": 4078500000, "costOfRevenue": 3581400000, "grossProfit": 497100000, "grossProfitRatio": 0.1218830452, "researchAndDevelopmentExpenses": 56700000, "generalAndAdministrativeExpenses": 137100000, "sellingAndMarketingExpenses": 0, "sellingGeneralAndAdministrativeExpenses": 137100000, "otherExpenses": 0, "operatingExpenses": 193800000, "costAndExpenses": 3775200000, "interestIncome": 7000000, "interestExpense": 43600000, "depreciationAndAmortization": 133800000, "ebitda": 444100000, "ebitdaratio": 0.1088880716, "operatingIncome": 303300000, "operatingIncomeRatio": 0.0743655756, "totalOtherIncomeExpensesNet": 6100000, "incomeBeforeTax": 272800000, "incomeBeforeTaxRatio": 0.066887336, "incomeTaxExpense": 80900000, "netIncome": 191700000, "netIncomeRatio": 0.0470025745, "eps": 1.39, "epsdiluted": 1.37, "weightedAverageShsOut": 138300000, "weightedAverageShsOutDil": 139800000, "link": "https://www.sec.gov/Archives/edgar/data/1364885/000095012310018396/0000950123-10-018396-index.htm", "finalLink": "https://www.sec.gov/Archives/edgar/data/1364885/000095012310018396/d70902e10vk.htm", "calculatedOtherExpenses": 0, "calculatedOperatingExpenses": 193800000, "calculatedNetInterest": -36600000, "calculatedOtherIncome": 6100000, "calculatedIncomeNonControlling": 200000, "calculatedEbitda": 437100000}, {"date": "2008-12-31", "symbol": "SPR", "reportedCurrency": "USD", "cik": "0001364885", "fillingDate": "2009-02-20", "acceptedDate": "2009-02-20 14:31:18", "calendarYear": "2008", "period": "FY", "revenue": 3771800000, "costOfRevenue": 3163200000, "grossProfit": 608600000, "grossProfitRatio": 0.1613553211, "researchAndDevelopmentExpenses": 48400000, "generalAndAdministrativeExpenses": 154500000, "sellingAndMarketingExpenses": 0, "sellingGeneralAndAdministrativeExpenses": 154500000, "otherExpenses": 0, "operatingExpenses": 202900000, "costAndExpenses": 3366100000, "interestIncome": 18600000, "interestExpense": 39200000, "depreciationAndAmortization": 131800000, "ebitda": 556100000, "ebitdaratio": 0.1474362373, "operatingIncome": 405700000, "operatingIncomeRatio": 0.1075613765, "totalOtherIncomeExpensesNet": -1200000, "incomeBeforeTax": 383900000, "incomeBeforeTaxRatio": 0.1017816427, "incomeTaxExpense": 118500000, "netIncome": 265400000, "netIncomeRatio": 0.0703642823, "eps": 1.94, "epsdiluted": 1.91, "weightedAverageShsOut": 137000000, "weightedAverageShsOutDil": 139200000, "link": "https://www.sec.gov/Archives/edgar/data/1364885/000095013409003379/0000950134-09-003379-index.htm", "finalLink": "https://www.sec.gov/Archives/edgar/data/1364885/000095013409003379/d66269e10vk.htm", "calculatedOtherExpenses": 0, "calculatedOperatingExpenses": 202900000, "calculatedNetInterest": -20600000, "calculatedOtherIncome": -1200000, "calculatedIncomeNonControlling": 0, "calculatedEbitda": 537500000}, {"date": "2007-12-31", "symbol": "SPR", "reportedCurrency": "USD", "cik": "0001364885", "fillingDate": "2008-02-22", "acceptedDate": "2008-02-22 08:18:55", "calendarYear": "2007", "period": "FY", "revenue": 3860800000, "costOfRevenue": 3197200000, "grossProfit": 663600000, "grossProfitRatio": 0.1718814753, "researchAndDevelopmentExpenses": 52300000, "generalAndAdministrativeExpenses": 192100000, "sellingAndMarketingExpenses": 0, "sellingGeneralAndAdministrativeExpenses": 192100000, "otherExpenses": 0, "operatingExpenses": 244400000, "costAndExpenses": 3441600000, "interestIncome": 0, "interestExpense": 0, "depreciationAndAmortization": 105000000, "ebitda": 515800000, "ebitdaratio": 0.133599254, "operatingIncome": 419200000, "operatingIncomeRatio": 0.1085785329, "totalOtherIncomeExpensesNet": 8400000, "incomeBeforeTax": 419800000, "incomeBeforeTaxRatio": 0.1087339412, "incomeTaxExpense": 122900000, "netIncome": 296900000, "netIncomeRatio": 0.0769011604, "eps": 2.21, "epsdiluted": 2.13, "weightedAverageShsOut": 134500000, "weightedAverageShsOutDil": 139300000, "link": "https://www.sec.gov/Archives/edgar/data/1364885/000095013408003215/0000950134-08-003215-index.htm", "finalLink": "https://www.sec.gov/Archives/edgar/data/1364885/000095013408003215/d53943e10vk.htm", "calculatedOtherExpenses": 0, "calculatedOperatingExpenses": 244400000, "calculatedNetInterest": 0, "calculatedOtherIncome": 600000, "calculatedIncomeNonControlling": 0, "calculatedEbitda": 524200000}, {"date": "2006-12-31", "symbol": "SPR", "reportedCurrency": "USD", "cik": "0001364885", "fillingDate": "2007-03-05", "acceptedDate": "2007-03-05 08:55:31", "calendarYear": "2006", "period": "FY", "revenue": 3207700000, "costOfRevenue": 2934300000, "grossProfit": 273400000, "grossProfitRatio": 0.0852324095, "researchAndDevelopmentExpenses": 104700000, "generalAndAdministrativeExpenses": 0, "sellingAndMarketingExpenses": 0, "sellingGeneralAndAdministrativeExpenses": 225000000, "otherExpenses": -3320300000, "operatingExpenses": -2990600000, "costAndExpenses": -56300000, "interestIncome": 29000000, "interestExpense": 50100000, "depreciationAndAmortization": 64800000, "ebitda": 3322900000, "ebitdaratio": 1.0359135829, "operatingIncome": 3264000000, "operatingIncomeRatio": 1.0175515167, "totalOtherIncomeExpensesNet": 5900000, "incomeBeforeTax": 71500000, "incomeBeforeTaxRatio": 0.0222901144, "incomeTaxExpense": -88300000, "netIncome": 16800000, "netIncomeRatio": 0.0052373975, "eps": 0.15, "epsdiluted": 0.14, "weightedAverageShsOut": 112000000, "weightedAverageShsOutDil": 120000000, "link": "https://www.sec.gov/Archives/edgar/data/1364885/000095013407004752/0000950134-07-004752-index.htm", "finalLink": "https://www.sec.gov/Archives/edgar/data/1364885/000095013407004752/d42944e10vk.htm", "calculatedOtherExpenses": -3320300000, "calculatedOperatingExpenses": -2990600000, "calculatedNetInterest": -21100000, "calculatedOtherIncome": -3171400000, "calculatedIncomeNonControlling": 143000000, "calculatedEbitda": 3328800000}, {"date": "2005-12-31", "symbol": "SPR", "reportedCurrency": "USD", "cik": "0001364885", "fillingDate": "2005-12-31", "acceptedDate": "2005-12-30 19:00:00", "calendarYear": "2005", "period": "FY", "revenue": 1207600000, "costOfRevenue": 1056400000, "grossProfit": 151200000, "grossProfitRatio": 0.1252070222, "researchAndDevelopmentExpenses": 78300000, "generalAndAdministrativeExpenses": 0, "sellingAndMarketingExpenses": 0, "sellingGeneralAndAdministrativeExpenses": 140700000, "otherExpenses": 0, "operatingExpenses": 219000000, "costAndExpenses": 1275400000, "interestIncome": 15400000, "interestExpense": 25500000, "depreciationAndAmortization": 31900000, "ebitda": -37200000, "ebitdaratio": -0.0308049023, "operatingIncome": -67800000, "operatingIncomeRatio": -0.0561444187, "totalOtherIncomeExpensesNet": 1300000, "incomeBeforeTax": -76600000, "incomeBeforeTaxRatio": -0.0634315999, "incomeTaxExpense": 13700000, "netIncome": -90300000, "netIncomeRatio": -0.074776416, "eps": -0.8, "epsdiluted": -0.8, "weightedAverageShsOut": 112875000, "weightedAverageShsOutDil": 112875000, "link": "", "finalLink": "", "calculatedOtherExpenses": 0, "calculatedOperatingExpenses": 219000000, "calculatedNetInterest": -10100000, "calculatedOtherIncome": 1300000, "calculatedIncomeNonControlling": 0, "calculatedEbitda": -35900000}]}