{"originalCurrency": "USD", "convertedCurrency": "USD", "report": [{"date": "2023-12-31", "symbol": "SPSC", "reportedCurrency": "USD", "cik": "0001092699", "fillingDate": "2024-02-21", "acceptedDate": "2024-02-20 19:07:06", "calendarYear": "2023", "period": "FY", "revenue": 536910000, "costOfRevenue": 198185000, "grossProfit": 338725000, "grossProfitRatio": 0.6308785458, "researchAndDevelopmentExpenses": 53654000, "generalAndAdministrativeExpenses": 84887000, "sellingAndMarketingExpenses": 122936000, "sellingGeneralAndAdministrativeExpenses": 207823000, "otherExpenses": -1071000, "operatingExpenses": 261476999, "costAndExpenses": 459662000, "interestIncome": 7660000, "interestExpense": 0, "depreciationAndAmortization": 34747000, "ebitda": 111995000, "ebitdaratio": 0.2085917565, "operatingIncome": 77248000, "operatingIncomeRatio": 0.1438751374, "totalOtherIncomeExpensesNet": 8315000, "incomeBeforeTax": 85563000, "incomeBeforeTaxRatio": 0.1593619042, "incomeTaxExpense": 19739000, "netIncome": 65824000, "netIncomeRatio": 0.1225978283, "eps": 1.8, "epsdiluted": 1.76, "weightedAverageShsOut": 36646000, "weightedAverageShsOutDil": 37475000, "link": "https://www.sec.gov/Archives/edgar/data/1092699/000109269924000012/0001092699-24-000012-index.htm", "finalLink": "https://www.sec.gov/Archives/edgar/data/1092699/000109269924000012/spsc-20231231.htm", "calculatedOtherExpenses": 0, "calculatedOperatingExpenses": 261477000, "calculatedNetInterest": 7660000, "calculatedOtherIncome": 655000, "calculatedIncomeNonControlling": 0, "calculatedEbitda": 111995000}, {"date": "2022-12-31", "symbol": "SPSC", "reportedCurrency": "USD", "cik": "0001092699", "fillingDate": "2023-02-21", "acceptedDate": "2023-02-21 16:53:31", "calendarYear": "2022", "period": "FY", "revenue": 450875000, "costOfRevenue": 153065000, "grossProfit": 297810000, "grossProfitRatio": 0.660515664, "researchAndDevelopmentExpenses": 45748000, "generalAndAdministrativeExpenses": 67340000, "sellingAndMarketingExpenses": 101772000, "sellingGeneralAndAdministrativeExpenses": 169112000, "otherExpenses": 11768000, "operatingExpenses": 226628000, "costAndExpenses": 379693000, "interestIncome": 1670000, "interestExpense": -142000, "depreciationAndAmortization": 28189000, "ebitda": 99371000, "ebitdaratio": 0.2203958969, "operatingIncome": 71182000, "operatingIncomeRatio": 0.1578752426, "totalOtherIncomeExpensesNet": 142000, "incomeBeforeTax": 71324000, "incomeBeforeTaxRatio": 0.1581901857, "incomeTaxExpense": 16190000, "netIncome": 55134000, "netIncomeRatio": 0.122282229, "eps": 1.53, "epsdiluted": 1.49, "weightedAverageShsOut": 36117000, "weightedAverageShsOutDil": 36953000, "link": "https://www.sec.gov/Archives/edgar/data/1092699/000109269923000006/0001092699-23-000006-index.htm", "finalLink": "https://www.sec.gov/Archives/edgar/data/1092699/000109269923000006/spsc-20221231.htm", "calculatedOtherExpenses": 11768000, "calculatedOperatingExpenses": 226628000, "calculatedNetInterest": 1812000, "calculatedOtherIncome": -1670000, "calculatedIncomeNonControlling": 0, "calculatedEbitda": 99371000}, {"date": "2021-12-31", "symbol": "SPSC", "reportedCurrency": "USD", "cik": "0001092699", "fillingDate": "2022-02-22", "acceptedDate": "2022-02-22 16:54:46", "calendarYear": "2021", "period": "FY", "revenue": 385276000, "costOfRevenue": 131678000, "grossProfit": 253598000, "grossProfitRatio": 0.6582242341, "researchAndDevelopmentExpenses": 39038000, "generalAndAdministrativeExpenses": 61305000, "sellingAndMarketingExpenses": 88044000, "sellingGeneralAndAdministrativeExpenses": 149349000, "otherExpenses": 10126000, "operatingExpenses": 198513000, "costAndExpenses": 330191000, "interestIncome": 278000, "interestExpense": 0, "depreciationAndAmortization": 24914000, "ebitda": 79999000, "ebitdaratio": 0.2076407562, "operatingIncome": 55085000, "operatingIncomeRatio": 0.1429754254, "totalOtherIncomeExpensesNet": -1544000, "incomeBeforeTax": 53541000, "incomeBeforeTaxRatio": 0.1389679087, "incomeTaxExpense": 8944000, "netIncome": 44597000, "netIncomeRatio": 0.115753382, "eps": 1.24, "epsdiluted": 1.21, "weightedAverageShsOut": 35928000, "weightedAverageShsOutDil": 36962000, "link": "https://www.sec.gov/Archives/edgar/data/1092699/000156459022005952/0001564590-22-005952-index.htm", "finalLink": "https://www.sec.gov/Archives/edgar/data/1092699/000156459022005952/spsc-10k_20211231.htm", "calculatedOtherExpenses": 10126000, "calculatedOperatingExpenses": 198513000, "calculatedNetInterest": 278000, "calculatedOtherIncome": -1822000, "calculatedIncomeNonControlling": 0, "calculatedEbitda": 79999000}, {"date": "2020-12-31", "symbol": "SPSC", "reportedCurrency": "USD", "cik": "0001092699", "fillingDate": "2021-02-23", "acceptedDate": "2021-02-23 16:55:36", "calendarYear": "2020", "period": "FY", "revenue": 312630000, "costOfRevenue": 99836000, "grossProfit": 212794000, "grossProfitRatio": 0.6806576464, "researchAndDevelopmentExpenses": 31024000, "generalAndAdministrativeExpenses": 50119000, "sellingAndMarketingExpenses": 75955000, "sellingGeneralAndAdministrativeExpenses": 126074000, "otherExpenses": 5538000, "operatingExpenses": 162636000, "costAndExpenses": 262472000, "interestIncome": 1103000, "interestExpense": 0, "depreciationAndAmortization": 18580000, "ebitda": 68738000, "ebitdaratio": 0.219870134, "operatingIncome": 50158000, "operatingIncomeRatio": 0.1604388574, "totalOtherIncomeExpensesNet": 2522000, "incomeBeforeTax": 52680000, "incomeBeforeTaxRatio": 0.1685059015, "incomeTaxExpense": 7094000, "netIncome": 45586000, "netIncomeRatio": 0.1458145412, "eps": 1.29, "epsdiluted": 1.26, "weightedAverageShsOut": 35226000, "weightedAverageShsOutDil": 36285000, "link": "https://www.sec.gov/Archives/edgar/data/1092699/000156459021007614/0001564590-21-007614-index.htm", "finalLink": "https://www.sec.gov/Archives/edgar/data/1092699/000156459021007614/spsc-10k_20201231.htm", "calculatedOtherExpenses": 5538000, "calculatedOperatingExpenses": 162636000, "calculatedNetInterest": 1103000, "calculatedOtherIncome": 1419000, "calculatedIncomeNonControlling": 0, "calculatedEbitda": 68738000}, {"date": "2019-12-31", "symbol": "SPSC", "reportedCurrency": "USD", "cik": "0001092699", "fillingDate": "2020-02-25", "acceptedDate": "2020-02-25 17:24:13", "calendarYear": "2019", "period": "FY", "revenue": 279124000, "costOfRevenue": 92239000, "grossProfit": 186885000, "grossProfitRatio": 0.6695411358, "researchAndDevelopmentExpenses": 28305000, "generalAndAdministrativeExpenses": 44719000, "sellingAndMarketingExpenses": 70140000, "sellingGeneralAndAdministrativeExpenses": 114859000, "otherExpenses": 5315000, "operatingExpenses": 148479000, "costAndExpenses": 240718000, "interestIncome": 2947000, "interestExpense": 0, "depreciationAndAmortization": 15993000, "ebitda": 54399000, "ebitdaratio": 0.194891876, "operatingIncome": 38406000, "operatingIncomeRatio": 0.1375947608, "totalOtherIncomeExpensesNet": 3664000, "incomeBeforeTax": 42070000, "incomeBeforeTaxRatio": 0.1507215431, "incomeTaxExpense": 8358000, "netIncome": 33712000, "netIncomeRatio": 0.1207778622, "eps": 0.96, "epsdiluted": 0.94, "weightedAverageShsOut": 35024000, "weightedAverageShsOutDil": 36002000, "link": "https://www.sec.gov/Archives/edgar/data/1092699/000156459020006450/0001564590-20-006450-index.htm", "finalLink": "https://www.sec.gov/Archives/edgar/data/1092699/000156459020006450/spsc-10k_20191231.htm", "calculatedOtherExpenses": 5315000, "calculatedOperatingExpenses": 148479000, "calculatedNetInterest": 2947000, "calculatedOtherIncome": 717000, "calculatedIncomeNonControlling": 0, "calculatedEbitda": 54399000}, {"date": "2018-12-31", "symbol": "SPSC", "reportedCurrency": "USD", "cik": "0001092699", "fillingDate": "2019-02-22", "acceptedDate": "2019-02-22 16:37:13", "calendarYear": "2018", "period": "FY", "revenue": 248240000, "costOfRevenue": 81748000, "grossProfit": 166492000, "grossProfitRatio": 0.6706896552, "researchAndDevelopmentExpenses": 22087000, "generalAndAdministrativeExpenses": 41862000, "sellingAndMarketingExpenses": 71719000, "sellingGeneralAndAdministrativeExpenses": 113581000, "otherExpenses": -720000, "operatingExpenses": 139761000, "costAndExpenses": 221509000, "interestIncome": 2329000, "interestExpense": 0, "depreciationAndAmortization": 12686000, "ebitda": 39417000, "ebitdaratio": 0.1587858524, "operatingIncome": 26731000, "operatingIncomeRatio": 0.1076820819, "totalOtherIncomeExpensesNet": -720000, "incomeBeforeTax": 28340000, "incomeBeforeTaxRatio": 0.1141637125, "incomeTaxExpense": 4468000, "netIncome": 23872000, "netIncomeRatio": 0.0961650016, "eps": 0.69, "epsdiluted": 0.68, "weightedAverageShsOut": 34392000, "weightedAverageShsOutDil": 35212000, "link": "https://www.sec.gov/Archives/edgar/data/1092699/000156459019003903/0001564590-19-003903-index.htm", "finalLink": "https://www.sec.gov/Archives/edgar/data/1092699/000156459019003903/spsc-10k_20181231.htm", "calculatedOtherExpenses": 4093000, "calculatedOperatingExpenses": 139761000, "calculatedNetInterest": 2329000, "calculatedOtherIncome": -720000, "calculatedIncomeNonControlling": 0, "calculatedEbitda": 39417000}, {"date": "2017-12-31", "symbol": "SPSC", "reportedCurrency": "USD", "cik": "0001092699", "fillingDate": "2018-02-26", "acceptedDate": "2018-02-26 16:32:30", "calendarYear": "2017", "period": "FY", "revenue": 220566000, "costOfRevenue": 73625000, "grossProfit": 146941000, "grossProfitRatio": 0.6661996863, "researchAndDevelopmentExpenses": 23183000, "generalAndAdministrativeExpenses": 37461000, "sellingAndMarketingExpenses": 73295000, "sellingGeneralAndAdministrativeExpenses": 110756000, "otherExpenses": -320000, "operatingExpenses": 138513000, "costAndExpenses": 212138000, "interestIncome": 1032000, "interestExpense": 0, "depreciationAndAmortization": 11782000, "ebitda": 20210000, "ebitdaratio": 0.0916279028, "operatingIncome": 8428000, "operatingIncomeRatio": 0.038210785, "totalOtherIncomeExpensesNet": -320000, "incomeBeforeTax": 9140000, "incomeBeforeTaxRatio": 0.0414388437, "incomeTaxExpense": 11580000, "netIncome": -2440000, "netIncomeRatio": -0.0110624484, "eps": -0.071, "epsdiluted": -0.0703, "weightedAverageShsOut": 34366000, "weightedAverageShsOutDil": 34712000, "link": "https://www.sec.gov/Archives/edgar/data/1092699/000156459018003249/0001564590-18-003249-index.htm", "finalLink": "https://www.sec.gov/Archives/edgar/data/1092699/000156459018003249/spsc-10k_20171231.htm", "calculatedOtherExpenses": 4574000, "calculatedOperatingExpenses": 138513000, "calculatedNetInterest": 1032000, "calculatedOtherIncome": -320000, "calculatedIncomeNonControlling": 0, "calculatedEbitda": 20210000}, {"date": "2016-12-31", "symbol": "SPSC", "reportedCurrency": "USD", "cik": "0001092699", "fillingDate": "2017-02-27", "acceptedDate": "2017-02-27 17:23:09", "calendarYear": "2016", "period": "FY", "revenue": 193295000, "costOfRevenue": 64346000, "grossProfit": 128949000, "grossProfitRatio": 0.667109858, "researchAndDevelopmentExpenses": 21981000, "generalAndAdministrativeExpenses": 28827000, "sellingAndMarketingExpenses": 65886000, "sellingGeneralAndAdministrativeExpenses": 94713000, "otherExpenses": 732000, "operatingExpenses": 121432000, "costAndExpenses": 185778000, "interestIncome": 601000, "interestExpense": 0, "depreciationAndAmortization": 11336000, "ebitda": 18853000, "ebitdaratio": 0.097534856, "operatingIncome": 7517000, "operatingIncomeRatio": 0.0388887452, "totalOtherIncomeExpensesNet": 732000, "incomeBeforeTax": 8850000, "incomeBeforeTaxRatio": 0.0457849401, "incomeTaxExpense": 3140000, "netIncome": 5710000, "netIncomeRatio": 0.0295403399, "eps": 0.17, "epsdiluted": 0.17, "weightedAverageShsOut": 33894000, "weightedAverageShsOutDil": 34482000, "link": "https://www.sec.gov/Archives/edgar/data/1092699/000119312517059313/0001193125-17-059313-index.htm", "finalLink": "https://www.sec.gov/Archives/edgar/data/1092699/000119312517059313/d282145d10k.htm", "calculatedOtherExpenses": 4738000, "calculatedOperatingExpenses": 121432000, "calculatedNetInterest": 601000, "calculatedOtherIncome": 732000, "calculatedIncomeNonControlling": 0, "calculatedEbitda": 18853000}, {"date": "2015-12-31", "symbol": "SPSC", "reportedCurrency": "USD", "cik": "0001092699", "fillingDate": "2016-02-24", "acceptedDate": "2016-02-24 17:24:53", "calendarYear": "2015", "period": "FY", "revenue": 158518000, "costOfRevenue": 50043000, "grossProfit": 108475000, "grossProfitRatio": 0.6843071449, "researchAndDevelopmentExpenses": 17954000, "generalAndAdministrativeExpenses": 24817000, "sellingAndMarketingExpenses": 55374000, "sellingGeneralAndAdministrativeExpenses": 80191000, "otherExpenses": -145000, "operatingExpenses": 101452000, "costAndExpenses": 151495000, "interestIncome": 197000, "interestExpense": 0, "depreciationAndAmortization": 9572000, "ebitda": 16595000, "ebitdaratio": 0.1046884266, "operatingIncome": 7023000, "operatingIncomeRatio": 0.0443041169, "totalOtherIncomeExpensesNet": -145000, "incomeBeforeTax": 7075000, "incomeBeforeTaxRatio": 0.0446321553, "incomeTaxExpense": 2436000, "netIncome": 4639000, "netIncomeRatio": 0.0292648154, "eps": 0.14, "epsdiluted": 0.14, "weightedAverageShsOut": 33130000, "weightedAverageShsOutDil": 34064000, "link": "https://www.sec.gov/Archives/edgar/data/1092699/000119312516476036/0001193125-16-476036-index.htm", "finalLink": "https://www.sec.gov/Archives/edgar/data/1092699/000119312516476036/d105391d10k.htm", "calculatedOtherExpenses": 3307000, "calculatedOperatingExpenses": 101452000, "calculatedNetInterest": 197000, "calculatedOtherIncome": -145000, "calculatedIncomeNonControlling": 0, "calculatedEbitda": 16595000}, {"date": "2014-12-31", "symbol": "SPSC", "reportedCurrency": "USD", "cik": "0001092699", "fillingDate": "2015-02-20", "acceptedDate": "2015-02-20 17:03:25", "calendarYear": "2014", "period": "FY", "revenue": 127947000, "costOfRevenue": 39991000, "grossProfit": 87956000, "grossProfitRatio": 0.6874408935, "researchAndDevelopmentExpenses": 13494000, "generalAndAdministrativeExpenses": 20233000, "sellingAndMarketingExpenses": 46990000, "sellingGeneralAndAdministrativeExpenses": 67223000, "otherExpenses": -458000, "operatingExpenses": 83573000, "costAndExpenses": 123564000, "interestIncome": 187000, "interestExpense": 0, "depreciationAndAmortization": 8570000, "ebitda": 12953000, "ebitdaratio": 0.101237231, "operatingIncome": 4383000, "operatingIncomeRatio": 0.0342563718, "totalOtherIncomeExpensesNet": -458000, "incomeBeforeTax": 4112000, "incomeBeforeTaxRatio": 0.0321383073, "incomeTaxExpense": 1408000, "netIncome": 2704000, "netIncomeRatio": 0.0211337507, "eps": 0.0833, "epsdiluted": 0.0804, "weightedAverageShsOut": 32472000, "weightedAverageShsOutDil": 33628000, "link": "https://www.sec.gov/Archives/edgar/data/1092699/000119312515056499/0001193125-15-056499-index.htm", "finalLink": "https://www.sec.gov/Archives/edgar/data/1092699/000119312515056499/d845442d10k.htm", "calculatedOtherExpenses": 2856000, "calculatedOperatingExpenses": 83573000, "calculatedNetInterest": 187000, "calculatedOtherIncome": -458000, "calculatedIncomeNonControlling": 0, "calculatedEbitda": 12953000}, {"date": "2013-12-31", "symbol": "SPSC", "reportedCurrency": "USD", "cik": "0001092699", "fillingDate": "2014-02-20", "acceptedDate": "2014-02-20 16:47:27", "calendarYear": "2013", "period": "FY", "revenue": 104391000, "costOfRevenue": 31781000, "grossProfit": 72610000, "grossProfitRatio": 0.6955580462, "researchAndDevelopmentExpenses": 10870000, "generalAndAdministrativeExpenses": 17189000, "sellingAndMarketingExpenses": 39621000, "sellingGeneralAndAdministrativeExpenses": 56810000, "otherExpenses": -147000, "operatingExpenses": 70838000, "costAndExpenses": 102619000, "interestIncome": 112000, "interestExpense": 0, "depreciationAndAmortization": 8051000, "ebitda": 9823000, "ebitdaratio": 0.0940981502, "operatingIncome": 1772000, "operatingIncomeRatio": 0.0169746434, "totalOtherIncomeExpensesNet": -147000, "incomeBeforeTax": 1737000, "incomeBeforeTaxRatio": 0.0166393655, "incomeTaxExpense": 686000, "netIncome": 1051000, "netIncomeRatio": 0.0100679177, "eps": 0.0346, "epsdiluted": 0.033, "weightedAverageShsOut": 30402000, "weightedAverageShsOutDil": 31862000, "link": "https://www.sec.gov/Archives/edgar/data/1092699/000119312514060842/0001193125-14-060842-index.htm", "finalLink": "https://www.sec.gov/Archives/edgar/data/1092699/000119312514060842/d656812d10k.htm", "calculatedOtherExpenses": 3158000, "calculatedOperatingExpenses": 70838000, "calculatedNetInterest": 112000, "calculatedOtherIncome": -147000, "calculatedIncomeNonControlling": 0, "calculatedEbitda": 9823000}, {"date": "2012-12-31", "symbol": "SPSC", "reportedCurrency": "USD", "cik": "0001092699", "fillingDate": "2013-03-06", "acceptedDate": "2013-03-06 16:15:17", "calendarYear": "2012", "period": "FY", "revenue": 77106000, "costOfRevenue": 22040000, "grossProfit": 55066000, "grossProfitRatio": 0.7141597282, "researchAndDevelopmentExpenses": 8166000, "generalAndAdministrativeExpenses": 13524000, "sellingAndMarketingExpenses": 30037000, "sellingGeneralAndAdministrativeExpenses": 43561000, "otherExpenses": -248000, "operatingExpenses": 53494000, "costAndExpenses": 75534000, "interestIncome": 46000, "interestExpense": 27000, "depreciationAndAmortization": 4918000, "ebitda": 6288000, "ebitdaratio": 0.0815500739, "operatingIncome": 1572000, "operatingIncomeRatio": 0.0203875185, "totalOtherIncomeExpensesNet": -248000, "incomeBeforeTax": 1343000, "incomeBeforeTaxRatio": 0.017417581, "incomeTaxExpense": 121000, "netIncome": 1222000, "netIncomeRatio": 0.0158483127, "eps": 0.0468, "epsdiluted": 0.0439, "weightedAverageShsOut": 26112000, "weightedAverageShsOutDil": 27820000, "link": "https://www.sec.gov/Archives/edgar/data/1092699/000119312513093885/0001193125-13-093885-index.htm", "finalLink": "https://www.sec.gov/Archives/edgar/data/1092699/000119312513093885/d444255d10k.htm", "calculatedOtherExpenses": 1767000, "calculatedOperatingExpenses": 53494000, "calculatedNetInterest": 19000, "calculatedOtherIncome": -248000, "calculatedIncomeNonControlling": 0, "calculatedEbitda": 6490000}, {"date": "2011-12-31", "symbol": "SPSC", "reportedCurrency": "USD", "cik": "0001092699", "fillingDate": "2012-03-09", "acceptedDate": "2012-03-09 14:01:07", "calendarYear": "2011", "period": "FY", "revenue": 57969000, "costOfRevenue": 15366000, "grossProfit": 42603000, "grossProfitRatio": 0.7349272887, "researchAndDevelopmentExpenses": 5838000, "generalAndAdministrativeExpenses": 11151000, "sellingAndMarketingExpenses": 23836000, "sellingGeneralAndAdministrativeExpenses": 34987000, "otherExpenses": 643000, "operatingExpenses": 41468000, "costAndExpenses": 56834000, "interestIncome": 89000, "interestExpense": 0, "depreciationAndAmortization": 2647000, "ebitda": 3871000, "ebitdaratio": 0.0667770705, "operatingIncome": 1135000, "operatingIncomeRatio": 0.0195794304, "totalOtherIncomeExpensesNet": -140000, "incomeBeforeTax": 1084000, "incomeBeforeTaxRatio": 0.0186996498, "incomeTaxExpense": -12619000, "netIncome": 13703000, "netIncomeRatio": 0.2363849644, "eps": 0.57, "epsdiluted": 0.54, "weightedAverageShsOut": 23920000, "weightedAverageShsOutDil": 25488000, "link": "https://www.sec.gov/Archives/edgar/data/1092699/000119312512106386/0001193125-12-106386-index.htm", "finalLink": "https://www.sec.gov/Archives/edgar/data/1092699/000119312512106386/d282764d10k.htm", "calculatedOtherExpenses": 643000, "calculatedOperatingExpenses": 41468000, "calculatedNetInterest": 89000, "calculatedOtherIncome": -140000, "calculatedIncomeNonControlling": 0, "calculatedEbitda": 3782000}, {"date": "2010-12-31", "symbol": "SPSC", "reportedCurrency": "USD", "cik": "0001092699", "fillingDate": "2011-03-03", "acceptedDate": "2011-03-03 16:49:20", "calendarYear": "2010", "period": "FY", "revenue": 44597000, "costOfRevenue": 12626000, "grossProfit": 31971000, "grossProfitRatio": 0.7168867861, "researchAndDevelopmentExpenses": 4349000, "generalAndAdministrativeExpenses": 7985000, "sellingAndMarketingExpenses": 16601000, "sellingGeneralAndAdministrativeExpenses": 24586000, "otherExpenses": 0, "operatingExpenses": 28935000, "costAndExpenses": 41561000, "interestIncome": 158000, "interestExpense": 74000, "depreciationAndAmortization": 1533000, "ebitda": 4727000, "ebitdaratio": 0.1059936767, "operatingIncome": 3036000, "operatingIncomeRatio": 0.068076328, "totalOtherIncomeExpensesNet": -144000, "incomeBeforeTax": 2976000, "incomeBeforeTaxRatio": 0.066730946, "incomeTaxExpense": 92000, "netIncome": 2884000, "netIncomeRatio": 0.064668027, "eps": 0.18, "epsdiluted": 0.12, "weightedAverageShsOut": 16072000, "weightedAverageShsOutDil": 23192000, "link": "https://www.sec.gov/Archives/edgar/data/1092699/000095012311021730/0000950123-11-021730-index.htm", "finalLink": "https://www.sec.gov/Archives/edgar/data/1092699/000095012311021730/c62861e10vk.htm", "calculatedOtherExpenses": 0, "calculatedOperatingExpenses": 28935000, "calculatedNetInterest": 84000, "calculatedOtherIncome": -144000, "calculatedIncomeNonControlling": 0, "calculatedEbitda": 4569000}, {"date": "2009-12-31", "symbol": "SPSC", "reportedCurrency": "USD", "cik": "0001092699", "fillingDate": "2009-12-31", "acceptedDate": "2009-12-30 19:00:00", "calendarYear": "2009", "period": "FY", "revenue": 37746000, "costOfRevenue": 11715000, "grossProfit": 26031000, "grossProfitRatio": 0.6896359879, "researchAndDevelopmentExpenses": 4305000, "generalAndAdministrativeExpenses": 6339000, "sellingAndMarketingExpenses": 13506000, "sellingGeneralAndAdministrativeExpenses": 19845000, "otherExpenses": 0, "operatingExpenses": 24150000, "costAndExpenses": 35865000, "interestIncome": 0, "interestExpense": 270000, "depreciationAndAmortization": 1445000, "ebitda": 3326000, "ebitdaratio": 0.088115297, "operatingIncome": 1881000, "operatingIncomeRatio": 0.0498330949, "totalOtherIncomeExpensesNet": -358000, "incomeBeforeTax": 1253000, "incomeBeforeTaxRatio": 0.0331955704, "incomeTaxExpense": 91000, "netIncome": 1162000, "netIncomeRatio": 0.0307847189, "eps": 1.77, "epsdiluted": 0.0627, "weightedAverageShsOut": 658000, "weightedAverageShsOutDil": 18536000, "link": "", "finalLink": "", "calculatedOtherExpenses": 0, "calculatedOperatingExpenses": 24150000, "calculatedNetInterest": -270000, "calculatedOtherIncome": -358000, "calculatedIncomeNonControlling": 0, "calculatedEbitda": 3326000}, {"date": "2008-12-31", "symbol": "SPSC", "reportedCurrency": "USD", "cik": "0001092699", "fillingDate": "2008-12-31", "acceptedDate": "2008-12-30 19:00:00", "calendarYear": "2008", "period": "FY", "revenue": 30697000, "costOfRevenue": 9208000, "grossProfit": 21489000, "grossProfitRatio": 0.7000358341, "researchAndDevelopmentExpenses": 3640000, "generalAndAdministrativeExpenses": 6716000, "sellingAndMarketingExpenses": 12543000, "sellingGeneralAndAdministrativeExpenses": 19259000, "otherExpenses": 0, "operatingExpenses": 22899000, "costAndExpenses": 32107000, "interestIncome": 0, "interestExpense": 419000, "depreciationAndAmortization": 1963000, "ebitda": 581000, "ebitdaratio": 0.018926931, "operatingIncome": -1410000, "operatingIncomeRatio": -0.0459328273, "totalOtherIncomeExpensesNet": -391000, "incomeBeforeTax": -1801000, "incomeBeforeTaxRatio": -0.0586702284, "incomeTaxExpense": 94000, "netIncome": -1895000, "netIncomeRatio": -0.0617324168, "eps": -3.22, "epsdiluted": -3.22, "weightedAverageShsOut": 587999, "weightedAverageShsOutDil": 587999, "link": "", "finalLink": "", "calculatedOtherExpenses": 0, "calculatedOperatingExpenses": 22899000, "calculatedNetInterest": -419000, "calculatedOtherIncome": 28000, "calculatedIncomeNonControlling": 0, "calculatedEbitda": 553000}, {"date": "2007-12-31", "symbol": "SPSC", "reportedCurrency": "USD", "cik": "0001092699", "fillingDate": "2007-12-31", "acceptedDate": "2007-12-30 19:00:00", "calendarYear": "2007", "period": "FY", "revenue": 25198000, "costOfRevenue": 6379000, "grossProfit": 18819000, "grossProfitRatio": 0.7468449877, "researchAndDevelopmentExpenses": 3546000, "generalAndAdministrativeExpenses": 5458000, "sellingAndMarketingExpenses": 11636000, "sellingGeneralAndAdministrativeExpenses": 17094000, "otherExpenses": 0, "operatingExpenses": 20640000, "costAndExpenses": 27019000, "interestIncome": 0, "interestExpense": 439000, "depreciationAndAmortization": 1729000, "ebitda": 28000, "ebitdaratio": 0.0011111993, "operatingIncome": -1821000, "operatingIncomeRatio": -0.0722676403, "totalOtherIncomeExpensesNet": -319000, "incomeBeforeTax": -2140000, "incomeBeforeTaxRatio": -0.0849273752, "incomeTaxExpense": 16000, "netIncome": -2156000, "netIncomeRatio": -0.0855623462, "eps": -3.3, "epsdiluted": -0.11, "weightedAverageShsOut": 654000, "weightedAverageShsOutDil": 19050000, "link": "", "finalLink": "", "calculatedOtherExpenses": 0, "calculatedOperatingExpenses": 20640000, "calculatedNetInterest": -439000, "calculatedOtherIncome": 120000, "calculatedIncomeNonControlling": 0, "calculatedEbitda": -92000}]}