{"originalCurrency": "USD", "convertedCurrency": "USD", "report": [{"date": "2023-12-31", "symbol": "SPXC", "reportedCurrency": "USD", "cik": "0000088205", "fillingDate": "2024-02-23", "acceptedDate": "2024-02-22 17:46:43", "calendarYear": "2023", "period": "FY", "revenue": 1741200000, "costOfRevenue": 1071200000, "grossProfit": 670000000, "grossProfitRatio": 0.3847920974, "researchAndDevelopmentExpenses": 43200000, "generalAndAdministrativeExpenses": 0, "sellingAndMarketingExpenses": 0, "sellingGeneralAndAdministrativeExpenses": 394400000, "otherExpenses": -10100000, "operatingExpenses": 447300000, "costAndExpenses": 1518500000, "interestIncome": 1700000, "interestExpense": 27200000, "depreciationAndAmortization": 63200000, "ebitda": 277500000, "ebitdaratio": 0.1593728463, "operatingIncome": 221900000, "operatingIncomeRatio": 0.1274408454, "totalOtherIncomeExpensesNet": -10900000, "incomeBeforeTax": 186300000, "incomeBeforeTaxRatio": 0.1069951757, "incomeTaxExpense": 41600000, "netIncome": 89900000, "netIncomeRatio": 0.051631059, "eps": 3.18, "epsdiluted": 3.1, "weightedAverageShsOut": 45545000, "weightedAverageShsOutDil": 46612000, "link": "https://www.sec.gov/Archives/edgar/data/88205/000008820524000008/0000088205-24-000008-index.htm", "finalLink": "https://www.sec.gov/Archives/edgar/data/88205/000008820524000008/spxc-20231231.htm", "calculatedOtherExpenses": 10500000, "calculatedOperatingExpenses": 448100000, "calculatedNetInterest": -25500000, "calculatedOtherIncome": -10100000, "calculatedIncomeNonControlling": 54800000, "calculatedEbitda": 285100000}, {"date": "2022-12-31", "symbol": "SPXC", "reportedCurrency": "USD", "cik": "0000088205", "fillingDate": "2023-02-24", "acceptedDate": "2023-02-23 17:46:29", "calendarYear": "2022", "period": "FY", "revenue": 1460900000, "costOfRevenue": 937000000, "grossProfit": 523900000, "grossProfitRatio": 0.3586145527, "researchAndDevelopmentExpenses": 39100000, "generalAndAdministrativeExpenses": 0, "sellingAndMarketingExpenses": 0, "sellingGeneralAndAdministrativeExpenses": 355700000, "otherExpenses": 103400000, "operatingExpenses": 459100000, "costAndExpenses": 1396100000, "interestIncome": 1700000, "interestExpense": 9300000, "depreciationAndAmortization": 46700000, "ebitda": 97700000, "ebitdaratio": 0.0668765829, "operatingIncome": 51000000, "operatingIncomeRatio": 0.034909987, "totalOtherIncomeExpensesNet": -23900000, "incomeBeforeTax": 27100000, "incomeBeforeTaxRatio": 0.0185502088, "incomeTaxExpense": 7300000, "netIncome": 19800000, "netIncomeRatio": 0.0135532891, "eps": 0.44, "epsdiluted": 0.43, "weightedAverageShsOut": 45345000, "weightedAverageShsOutDil": 46221000, "link": "https://www.sec.gov/Archives/edgar/data/88205/000008820523000007/0000088205-23-000007-index.htm", "finalLink": "https://www.sec.gov/Archives/edgar/data/88205/000008820523000007/spxc-20221231.htm", "calculatedOtherExpenses": 78100000, "calculatedOperatingExpenses": 472900000, "calculatedNetInterest": -7600000, "calculatedOtherIncome": -16300000, "calculatedIncomeNonControlling": 0, "calculatedEbitda": 97700000}, {"date": "2021-12-31", "symbol": "SPXC", "reportedCurrency": "USD", "cik": "0000088205", "fillingDate": "2022-02-25", "acceptedDate": "2022-02-25 17:32:32", "calendarYear": "2021", "period": "FY", "revenue": 1219500000, "costOfRevenue": 787700000, "grossProfit": 431800000, "grossProfitRatio": 0.3540795408, "researchAndDevelopmentExpenses": 30700000, "generalAndAdministrativeExpenses": 0, "sellingAndMarketingExpenses": 0, "sellingGeneralAndAdministrativeExpenses": 309600000, "otherExpenses": 41800000, "operatingExpenses": 351400000, "costAndExpenses": 1139100000, "interestIncome": 500000, "interestExpense": 13300000, "depreciationAndAmortization": 58500000, "ebitda": 132200000, "ebitdaratio": 0.1084050841, "operatingIncome": 73700000, "operatingIncomeRatio": 0.0604346043, "totalOtherIncomeExpensesNet": -3800000, "incomeBeforeTax": 69900000, "incomeBeforeTaxRatio": 0.0573185732, "incomeTaxExpense": 10900000, "netIncome": 59000000, "netIncomeRatio": 0.0483804838, "eps": 1.3, "epsdiluted": 1.27, "weightedAverageShsOut": 45289000, "weightedAverageShsOutDil": 46495000, "link": "https://www.sec.gov/Archives/edgar/data/88205/000008820522000013/0000088205-22-000013-index.htm", "finalLink": "https://www.sec.gov/Archives/edgar/data/88205/000008820522000013/spxc-20211231.htm", "calculatedOtherExpenses": 17800000, "calculatedOperatingExpenses": 358100000, "calculatedNetInterest": -12800000, "calculatedOtherIncome": 9000000, "calculatedIncomeNonControlling": 0, "calculatedEbitda": 132200000}, {"date": "2020-12-31", "symbol": "SPXC", "reportedCurrency": "USD", "cik": "0000088205", "fillingDate": "2021-02-26", "acceptedDate": "2021-02-25 18:30:03", "calendarYear": "2020", "period": "FY", "revenue": 1559500000, "costOfRevenue": 1080600000, "grossProfit": 478900000, "grossProfitRatio": 0.3070856044, "researchAndDevelopmentExpenses": 28400000, "generalAndAdministrativeExpenses": 0, "sellingAndMarketingExpenses": 0, "sellingGeneralAndAdministrativeExpenses": 320000000, "otherExpenses": 23000000, "operatingExpenses": 343000000, "costAndExpenses": 1423600000, "interestIncome": 200000, "interestExpense": 18400000, "depreciationAndAmortization": 48500000, "ebitda": 180500000, "ebitdaratio": 0.1157422251, "operatingIncome": 132000000, "operatingIncomeRatio": 0.0846425136, "totalOtherIncomeExpensesNet": -15500000, "incomeBeforeTax": 116500000, "incomeBeforeTaxRatio": 0.0747034306, "incomeTaxExpense": 15800000, "netIncome": 99000000, "netIncomeRatio": 0.0634818852, "eps": 2.3, "epsdiluted": 2.24, "weightedAverageShsOut": 44628000, "weightedAverageShsOutDil": 45766000, "link": "https://www.sec.gov/Archives/edgar/data/88205/000008820521000009/0000088205-21-000009-index.htm", "finalLink": "https://www.sec.gov/Archives/edgar/data/88205/000008820521000009/spxc-20201231.htm", "calculatedOtherExpenses": -1500000, "calculatedOperatingExpenses": 346900000, "calculatedNetInterest": -18200000, "calculatedOtherIncome": 2700000, "calculatedIncomeNonControlling": 1700000, "calculatedEbitda": 180500000}, {"date": "2019-12-31", "symbol": "SPXC", "reportedCurrency": "USD", "cik": "0000088205", "fillingDate": "2020-02-14", "acceptedDate": "2020-02-13 21:33:51", "calendarYear": "2019", "period": "FY", "revenue": 1525400000, "costOfRevenue": 1084300000, "grossProfit": 441100000, "grossProfitRatio": 0.2891700538, "researchAndDevelopmentExpenses": 24800000, "generalAndAdministrativeExpenses": 0, "sellingAndMarketingExpenses": 0, "sellingGeneralAndAdministrativeExpenses": 318500000, "otherExpenses": 10700000, "operatingExpenses": 329200000, "costAndExpenses": 1413500000, "interestIncome": 1800000, "interestExpense": 21000000, "depreciationAndAmortization": 35400000, "ebitda": 143300000, "ebitdaratio": 0.0939425724, "operatingIncome": 107900000, "operatingIncomeRatio": 0.0707355448, "totalOtherIncomeExpensesNet": -24700000, "incomeBeforeTax": 83200000, "incomeBeforeTaxRatio": 0.0545430707, "incomeTaxExpense": 13500000, "netIncome": 70900000, "netIncomeRatio": 0.0464796119, "eps": 1.71, "epsdiluted": 1.67, "weightedAverageShsOut": 43942000, "weightedAverageShsOutDil": 44957000, "link": "https://www.sec.gov/Archives/edgar/data/88205/000008820520000008/0000088205-20-000008-index.htm", "finalLink": "https://www.sec.gov/Archives/edgar/data/88205/000008820520000008/spxc-20191231.htm", "calculatedOtherExpenses": -10100000, "calculatedOperatingExpenses": 333200000, "calculatedNetInterest": -19200000, "calculatedOtherIncome": -5500000, "calculatedIncomeNonControlling": -1200000, "calculatedEbitda": 143300000}, {"date": "2018-12-31", "symbol": "SPXC", "reportedCurrency": "USD", "cik": "0000088205", "fillingDate": "2019-02-15", "acceptedDate": "2019-02-15 17:08:38", "calendarYear": "2018", "period": "FY", "revenue": 1538600000, "costOfRevenue": 1127900000, "grossProfit": 410700000, "grossProfitRatio": 0.2669309762, "researchAndDevelopmentExpenses": 22900000, "generalAndAdministrativeExpenses": 0, "sellingAndMarketingExpenses": 0, "sellingGeneralAndAdministrativeExpenses": 292600000, "otherExpenses": -7600000, "operatingExpenses": 296800000, "costAndExpenses": 1424700000, "interestIncome": 1500000, "interestExpense": 21500000, "depreciationAndAmortization": 29200000, "ebitda": 137000000, "ebitdaratio": 0.0890419862, "operatingIncome": 107600000, "operatingIncomeRatio": 0.069933706, "totalOtherIncomeExpensesNet": -14300000, "incomeBeforeTax": 79600000, "incomeBeforeTaxRatio": 0.0517353438, "incomeTaxExpense": 1400000, "netIncome": 81200000, "netIncomeRatio": 0.0527752502, "eps": 1.89, "epsdiluted": 1.82, "weightedAverageShsOut": 43054000, "weightedAverageShsOutDil": 44660000, "link": "https://www.sec.gov/Archives/edgar/data/88205/000008820519000008/0000088205-19-000008-index.htm", "finalLink": "https://www.sec.gov/Archives/edgar/data/88205/000008820519000008/spx-20181231x10kwxbrl.htm", "calculatedOtherExpenses": -12400000, "calculatedOperatingExpenses": 303100000, "calculatedNetInterest": -20000000, "calculatedOtherIncome": -8000000, "calculatedIncomeNonControlling": -3000000, "calculatedEbitda": 136800000}, {"date": "2017-12-31", "symbol": "SPXC", "reportedCurrency": "USD", "cik": "0000088205", "fillingDate": "2018-02-21", "acceptedDate": "2018-02-21 17:13:52", "calendarYear": "2017", "period": "FY", "revenue": 1425800000, "costOfRevenue": 1095600000, "grossProfit": 330200000, "grossProfitRatio": 0.2315892832, "researchAndDevelopmentExpenses": 23300000, "generalAndAdministrativeExpenses": 0, "sellingAndMarketingExpenses": 0, "sellingGeneralAndAdministrativeExpenses": 282300000, "otherExpenses": -2000000, "operatingExpenses": 282900000, "costAndExpenses": 1378500000, "interestIncome": 1300000, "interestExpense": 17100000, "depreciationAndAmortization": 25200000, "ebitda": 71800000, "ebitdaratio": 0.0503576939, "operatingIncome": 54800000, "operatingIncomeRatio": 0.0384345631, "totalOtherIncomeExpensesNet": 4600000, "incomeBeforeTax": 36100000, "incomeBeforeTaxRatio": 0.0253191191, "incomeTaxExpense": -47900000, "netIncome": 89300000, "netIncomeRatio": 0.0626315051, "eps": 2.11, "epsdiluted": 2.03, "weightedAverageShsOut": 42413000, "weightedAverageShsOutDil": 43905000, "link": "https://www.sec.gov/Archives/edgar/data/88205/000008820518000002/0000088205-18-000002-index.htm", "finalLink": "https://www.sec.gov/Archives/edgar/data/88205/000008820518000002/spx-20171231x10k1wxbrl.htm", "calculatedOtherExpenses": -30200000, "calculatedOperatingExpenses": 275400000, "calculatedNetInterest": -15800000, "calculatedOtherIncome": -2900000, "calculatedIncomeNonControlling": -5300000, "calculatedEbitda": 80000000}, {"date": "2016-12-31", "symbol": "SPXC", "reportedCurrency": "USD", "cik": "0000088205", "fillingDate": "2017-02-24", "acceptedDate": "2017-02-24 08:29:52", "calendarYear": "2016", "period": "FY", "revenue": 1472300000, "costOfRevenue": 1096500000, "grossProfit": 375800000, "grossProfitRatio": 0.2552468926, "researchAndDevelopmentExpenses": 29100000, "generalAndAdministrativeExpenses": 0, "sellingAndMarketingExpenses": 0, "sellingGeneralAndAdministrativeExpenses": 301000000, "otherExpenses": -300000, "operatingExpenses": 303800000, "costAndExpenses": 1400300000, "interestIncome": 800000, "interestExpense": 14800000, "depreciationAndAmortization": 26500000, "ebitda": 99000000, "ebitdaratio": 0.0672417306, "operatingIncome": 55000000, "operatingIncomeRatio": 0.037356517, "totalOtherIncomeExpensesNet": -18600000, "incomeBeforeTax": 39400000, "incomeBeforeTaxRatio": 0.0267608504, "incomeTaxExpense": 9100000, "netIncome": -85300000, "netIncomeRatio": -0.0579365618, "eps": -2.05, "epsdiluted": -2.02, "weightedAverageShsOut": 41610000, "weightedAverageShsOutDil": 42161000, "link": "https://www.sec.gov/Archives/edgar/data/88205/000008820517000008/0000088205-17-000008-index.htm", "finalLink": "https://www.sec.gov/Archives/edgar/data/88205/000008820517000008/spx-20161231x10k.htm", "calculatedOtherExpenses": -9300000, "calculatedOperatingExpenses": 320800000, "calculatedNetInterest": -14000000, "calculatedOtherIncome": -1600000, "calculatedIncomeNonControlling": 115600000, "calculatedEbitda": 81500000}, {"date": "2015-12-31", "symbol": "SPXC", "reportedCurrency": "USD", "cik": "0000088205", "fillingDate": "2016-02-26", "acceptedDate": "2016-02-26 17:42:06", "calendarYear": "2015", "period": "FY", "revenue": 1719300000, "costOfRevenue": 1426900000, "grossProfit": 292400000, "grossProfitRatio": 0.1700692142, "researchAndDevelopmentExpenses": 28600000, "generalAndAdministrativeExpenses": 0, "sellingAndMarketingExpenses": 0, "sellingGeneralAndAdministrativeExpenses": 425700000, "otherExpenses": -12300000, "operatingExpenses": 430900000, "costAndExpenses": 1857800000, "interestIncome": 1300000, "interestExpense": 22000000, "depreciationAndAmortization": 39200000, "ebitda": -108900000, "ebitdaratio": -0.0633397313, "operatingIncome": -170000000, "operatingIncomeRatio": -0.0988774501, "totalOtherIncomeExpensesNet": -43800000, "incomeBeforeTax": -203000000, "incomeBeforeTaxRatio": -0.1180713081, "incomeTaxExpense": -11800000, "netIncome": -82700000, "netIncomeRatio": -0.0481009713, "eps": -2.03, "epsdiluted": -2.03, "weightedAverageShsOut": 40733000, "weightedAverageShsOutDil": 40733000, "link": "https://www.sec.gov/Archives/edgar/data/88205/000008820516000007/0000088205-16-000007-index.htm", "finalLink": "https://www.sec.gov/Archives/edgar/data/88205/000008820516000007/spx-20151231x10k.htm", "calculatedOtherExpenses": 8100000, "calculatedOperatingExpenses": 462400000, "calculatedNetInterest": -20700000, "calculatedOtherIncome": -12300000, "calculatedIncomeNonControlling": -108500000, "calculatedEbitda": -130800000}, {"date": "2014-12-31", "symbol": "SPXC", "reportedCurrency": "USD", "cik": "0000088205", "fillingDate": "2015-02-23", "acceptedDate": "2015-02-20 17:48:30", "calendarYear": "2014", "period": "FY", "revenue": 4721100000, "costOfRevenue": 3357500000, "grossProfit": 1363600000, "grossProfitRatio": 0.2888309928, "researchAndDevelopmentExpenses": 30700000, "generalAndAdministrativeExpenses": 0, "sellingAndMarketingExpenses": 0, "sellingGeneralAndAdministrativeExpenses": 1068700000, "otherExpenses": 484600000, "operatingExpenses": 1100500000, "costAndExpenses": 4458000000, "interestIncome": 8600000, "interestExpense": 69800000, "depreciationAndAmortization": 109200000, "ebitda": 866900000, "ebitdaratio": 0.1836224609, "operatingIncome": 201900000, "operatingIncomeRatio": 0.0427654572, "totalOtherIncomeExpensesNet": 392300000, "incomeBeforeTax": 594200000, "incomeBeforeTaxRatio": 0.1258604986, "incomeTaxExpense": 214100000, "netIncome": 397900000, "netIncomeRatio": 0.0842812057, "eps": 9.38, "epsdiluted": 9.25, "weightedAverageShsOut": 42400000, "weightedAverageShsOutDil": 43031000, "link": "https://www.sec.gov/Archives/edgar/data/88205/000104746915001007/0001047469-15-001007-index.htm", "finalLink": "https://www.sec.gov/Archives/edgar/data/88205/000104746915001007/a2223096z10-k.htm", "calculatedOtherExpenses": 62300000, "calculatedOperatingExpenses": 1161700000, "calculatedNetInterest": -61200000, "calculatedOtherIncome": 453500000, "calculatedIncomeNonControlling": -17800000, "calculatedEbitda": 311100000}, {"date": "2013-12-31", "symbol": "SPXC", "reportedCurrency": "USD", "cik": "0000088205", "fillingDate": "2014-02-21", "acceptedDate": "2014-02-21 16:23:00", "calendarYear": "2013", "period": "FY", "revenue": 4717200000, "costOfRevenue": 3359600000, "grossProfit": 1357600000, "grossProfitRatio": 0.2877978462, "researchAndDevelopmentExpenses": 32600000, "generalAndAdministrativeExpenses": 0, "sellingAndMarketingExpenses": 0, "sellingGeneralAndAdministrativeExpenses": 956000000, "otherExpenses": -11300000, "operatingExpenses": 989000000, "costAndExpenses": 4348600000, "interestIncome": 8200000, "interestExpense": 112600000, "depreciationAndAmortization": 114800000, "ebitda": 522500000, "ebitdaratio": 0.1107648605, "operatingIncome": 329600000, "operatingIncomeRatio": 0.0698719579, "totalOtherIncomeExpensesNet": -8100000, "incomeBeforeTax": 256100000, "incomeBeforeTaxRatio": 0.0542906809, "incomeTaxExpense": 54800000, "netIncome": 210200000, "netIncomeRatio": 0.0445603324, "eps": 4.63, "epsdiluted": 4.57, "weightedAverageShsOut": 45384000, "weightedAverageShsOutDil": 46006000, "link": "https://www.sec.gov/Archives/edgar/data/88205/000104746914001163/0001047469-14-001163-index.htm", "finalLink": "https://www.sec.gov/Archives/edgar/data/88205/000104746914001163/a2218170z10-k.htm", "calculatedOtherExpenses": 39400000, "calculatedOperatingExpenses": 1028000000, "calculatedNetInterest": -104400000, "calculatedOtherIncome": 30900000, "calculatedIncomeNonControlling": -8900000, "calculatedEbitda": 444400000}, {"date": "2012-12-31", "symbol": "SPXC", "reportedCurrency": "USD", "cik": "0000088205", "fillingDate": "2013-02-22", "acceptedDate": "2013-02-22 17:04:44", "calendarYear": "2012", "period": "FY", "revenue": 5100200000, "costOfRevenue": 3725200000, "grossProfit": 1375000000, "grossProfitRatio": 0.2695972707, "researchAndDevelopmentExpenses": 49000000, "generalAndAdministrativeExpenses": 0, "sellingAndMarketingExpenses": 0, "sellingGeneralAndAdministrativeExpenses": 1020900000, "otherExpenses": 14000000, "operatingExpenses": 1056000000, "costAndExpenses": 4781200000, "interestIncome": 6300000, "interestExpense": 114400000, "depreciationAndAmortization": 111800000, "ebitda": 489700000, "ebitdaratio": 0.0960158425, "operatingIncome": 9000000, "operatingIncomeRatio": 0.0017646367, "totalOtherIncomeExpensesNet": -257400000, "incomeBeforeTax": -46500000, "incomeBeforeTaxRatio": -0.0091172895, "incomeTaxExpense": 31900000, "netIncome": 259200000, "netIncomeRatio": 0.0508215364, "eps": 3.61, "epsdiluted": 3.61, "weightedAverageShsOut": 50000000, "weightedAverageShsOutDil": 50031000, "link": "https://www.sec.gov/Archives/edgar/data/88205/000104746913001513/0001047469-13-001513-index.htm", "finalLink": "https://www.sec.gov/Archives/edgar/data/88205/000104746913001513/a2213064z10-k.htm", "calculatedOtherExpenses": 296100000, "calculatedOperatingExpenses": 1366000000, "calculatedNetInterest": -108100000, "calculatedOtherIncome": 52600000, "calculatedIncomeNonControlling": -337600000, "calculatedEbitda": 120800000}, {"date": "2011-12-31", "symbol": "SPXC", "reportedCurrency": "USD", "cik": "0000088205", "fillingDate": "2012-02-24", "acceptedDate": "2012-02-23 20:04:05", "calendarYear": "2011", "period": "FY", "revenue": 5461900000, "costOfRevenue": 3926600000, "grossProfit": 1535300000, "grossProfitRatio": 0.2810926601, "researchAndDevelopmentExpenses": 0, "generalAndAdministrativeExpenses": 0, "sellingAndMarketingExpenses": 0, "sellingGeneralAndAdministrativeExpenses": 1103000000, "otherExpenses": 33700000, "operatingExpenses": 1136700000, "costAndExpenses": 5063300000, "interestIncome": 5800000, "interestExpense": 97100000, "depreciationAndAmortization": 120700000, "ebitda": 553500000, "ebitdaratio": 0.1013383621, "operatingIncome": 338900000, "operatingIncomeRatio": 0.0620480053, "totalOtherIncomeExpensesNet": -87600000, "incomeBeforeTax": 219700000, "incomeBeforeTaxRatio": 0.0402240978, "incomeTaxExpense": 34400000, "netIncome": 180600000, "netIncomeRatio": 0.0330654168, "eps": 3.58, "epsdiluted": 3.54, "weightedAverageShsOut": 50499000, "weightedAverageShsOutDil": 50946000, "link": "https://www.sec.gov/Archives/edgar/data/88205/000104746912001395/0001047469-12-001395-index.htm", "finalLink": "https://www.sec.gov/Archives/edgar/data/88205/000104746912001395/a2207263z10-k.htm", "calculatedOtherExpenses": 93400000, "calculatedOperatingExpenses": 1196400000, "calculatedNetInterest": -91300000, "calculatedOtherIncome": -27900000, "calculatedIncomeNonControlling": 4700000, "calculatedEbitda": 459600000}, {"date": "2010-12-31", "symbol": "SPXC", "reportedCurrency": "USD", "cik": "0000088205", "fillingDate": "2011-02-22", "acceptedDate": "2011-02-22 17:28:50", "calendarYear": "2010", "period": "FY", "revenue": 4886800000, "costOfRevenue": 3454000000, "grossProfit": 1432800000, "grossProfitRatio": 0.2931980028, "researchAndDevelopmentExpenses": 0, "generalAndAdministrativeExpenses": 0, "sellingAndMarketingExpenses": 0, "sellingGeneralAndAdministrativeExpenses": 1024400000, "otherExpenses": 27100000, "operatingExpenses": 1051500000, "costAndExpenses": 4505500000, "interestIncome": 5400000, "interestExpense": 87200000, "depreciationAndAmortization": 113000000, "ebitda": 529900000, "ebitdaratio": 0.1084349677, "operatingIncome": 343200000, "operatingIncomeRatio": 0.0702300074, "totalOtherIncomeExpensesNet": -54800000, "incomeBeforeTax": 244700000, "incomeBeforeTaxRatio": 0.0500736678, "incomeTaxExpense": 53100000, "netIncome": 205600000, "netIncomeRatio": 0.0420725219, "eps": 4.14, "epsdiluted": 4.08, "weightedAverageShsOut": 49718000, "weightedAverageShsOutDil": 50347000, "link": "https://www.sec.gov/Archives/edgar/data/88205/000104746911001138/0001047469-11-001138-index.htm", "finalLink": "https://www.sec.gov/Archives/edgar/data/88205/000104746911001138/a2202081z10-k.htm", "calculatedOtherExpenses": 65200000, "calculatedOperatingExpenses": 1089600000, "calculatedNetInterest": -81800000, "calculatedOtherIncome": -16700000, "calculatedIncomeNonControlling": -14000000, "calculatedEbitda": 456200000}, {"date": "2009-12-31", "symbol": "SPXC", "reportedCurrency": "USD", "cik": "0000088205", "fillingDate": "2010-02-26", "acceptedDate": "2010-02-25 21:20:57", "calendarYear": "2009", "period": "FY", "revenue": 4850800000, "costOfRevenue": 3429800000, "grossProfit": 1421000000, "grossProfitRatio": 0.2929413705, "researchAndDevelopmentExpenses": 0, "generalAndAdministrativeExpenses": 0, "sellingAndMarketingExpenses": 0, "sellingGeneralAndAdministrativeExpenses": 961300000, "otherExpenses": 21500000, "operatingExpenses": 982800000, "costAndExpenses": 4412600000, "interestIncome": 7500000, "interestExpense": 92100000, "depreciationAndAmortization": 105900000, "ebitda": 581000000, "ebitdaratio": 0.1197740579, "operatingIncome": 170300000, "operatingIncomeRatio": 0.0351076111, "totalOtherIncomeExpensesNet": -258200000, "incomeBeforeTax": 95400000, "incomeBeforeTaxRatio": 0.0196668591, "incomeTaxExpense": 47200000, "netIncome": 31700000, "netIncomeRatio": 0.0065350045, "eps": 0.64, "epsdiluted": 0.64, "weightedAverageShsOut": 49363000, "weightedAverageShsOutDil": 49797000, "link": "https://www.sec.gov/Archives/edgar/data/88205/000104746910001447/0001047469-10-001447-index.htm", "finalLink": "https://www.sec.gov/Archives/edgar/data/88205/000104746910001447/a2196651z10-k.htm", "calculatedOtherExpenses": 289400000, "calculatedOperatingExpenses": 1250700000, "calculatedNetInterest": -84600000, "calculatedOtherIncome": 9700000, "calculatedIncomeNonControlling": 16500000, "calculatedEbitda": 276200000}, {"date": "2008-12-31", "symbol": "SPXC", "reportedCurrency": "USD", "cik": "0000088205", "fillingDate": "2009-03-02", "acceptedDate": "2009-03-02 06:05:36", "calendarYear": "2008", "period": "FY", "revenue": 5855700000, "costOfRevenue": 4084000000, "grossProfit": 1771700000, "grossProfitRatio": 0.3025598989, "researchAndDevelopmentExpenses": 0, "generalAndAdministrativeExpenses": 0, "sellingAndMarketingExpenses": 0, "sellingGeneralAndAdministrativeExpenses": 1132400000, "otherExpenses": 25700000, "operatingExpenses": 1158100000, "costAndExpenses": 5242100000, "interestIncome": 10900000, "interestExpense": 116000000, "depreciationAndAmortization": 104500000, "ebitda": 774600000, "ebitdaratio": 0.1322813669, "operatingIncome": 473400000, "operatingIncomeRatio": 0.0808443055, "totalOtherIncomeExpensesNet": -102400000, "incomeBeforeTax": 406100000, "incomeBeforeTaxRatio": 0.0693512304, "incomeTaxExpense": 152900000, "netIncome": 247900000, "netIncomeRatio": 0.0423348191, "eps": 4.67, "epsdiluted": 4.59, "weightedAverageShsOut": 53046000, "weightedAverageShsOutDil": 54062000, "link": "https://www.sec.gov/Archives/edgar/data/88205/000104746909002043/0001047469-09-002043-index.htm", "finalLink": "https://www.sec.gov/Archives/edgar/data/88205/000104746909002043/a2191039z10-k.htm", "calculatedOtherExpenses": 165900000, "calculatedOperatingExpenses": 1298300000, "calculatedNetInterest": -105100000, "calculatedOtherIncome": 37800000, "calculatedIncomeNonControlling": 5300000, "calculatedEbitda": 577900000}, {"date": "2007-12-31", "symbol": "SPXC", "reportedCurrency": "USD", "cik": "0000088205", "fillingDate": "2008-03-04", "acceptedDate": "2008-03-04 06:01:15", "calendarYear": "2007", "period": "FY", "revenue": 4822300000, "costOfRevenue": 3429200000, "grossProfit": 1393100000, "grossProfitRatio": 0.2888870456, "researchAndDevelopmentExpenses": 0, "generalAndAdministrativeExpenses": 0, "sellingAndMarketingExpenses": 0, "sellingGeneralAndAdministrativeExpenses": 937500000, "otherExpenses": 30000000, "operatingExpenses": 967500000, "costAndExpenses": 4396700000, "interestIncome": 9100000, "interestExpense": -76900000, "depreciationAndAmortization": 79000000, "ebitda": 524100000, "ebitdaratio": 0.1086825789, "operatingIncome": 425600000, "operatingIncomeRatio": 0.088256641, "totalOtherIncomeExpensesNet": 20400000, "incomeBeforeTax": 389800000, "incomeBeforeTaxRatio": 0.0808327976, "incomeTaxExpense": 89500000, "netIncome": 294200000, "netIncomeRatio": 0.0610082326, "eps": 5.36, "epsdiluted": 5.22, "weightedAverageShsOut": 54842000, "weightedAverageShsOutDil": 56307000, "link": "https://www.sec.gov/Archives/edgar/data/88205/000104746908002174/0001047469-08-002174-index.htm", "finalLink": "https://www.sec.gov/Archives/edgar/data/88205/000104746908002174/a2182978z10-k.htm", "calculatedOtherExpenses": 30000000, "calculatedOperatingExpenses": 967500000, "calculatedNetInterest": 86000000, "calculatedOtherIncome": -121800000, "calculatedIncomeNonControlling": 6100000, "calculatedEbitda": 504600000}, {"date": "2006-12-31", "symbol": "SPXC", "reportedCurrency": "USD", "cik": "0000088205", "fillingDate": "2007-03-01", "acceptedDate": "2007-03-01 17:00:43", "calendarYear": "2006", "period": "FY", "revenue": 4313300000, "costOfRevenue": 3112900000, "grossProfit": 1200400000, "grossProfitRatio": 0.2783019962, "researchAndDevelopmentExpenses": 0, "generalAndAdministrativeExpenses": 0, "sellingAndMarketingExpenses": 0, "sellingGeneralAndAdministrativeExpenses": 867300000, "otherExpenses": 18800000, "operatingExpenses": 886100000, "costAndExpenses": 3999000000, "interestIncome": 12600000, "interestExpense": -62800000, "depreciationAndAmortization": 75200000, "ebitda": 422000000, "ebitdaratio": 0.097836923, "operatingIncome": 314300000, "operatingIncomeRatio": 0.0728676419, "totalOtherIncomeExpensesNet": 8300000, "incomeBeforeTax": 276800000, "incomeBeforeTaxRatio": 0.0641736026, "incomeTaxExpense": 56300000, "netIncome": 170700000, "netIncomeRatio": 0.0395752672, "eps": 2.93, "epsdiluted": 2.83, "weightedAverageShsOut": 58254000, "weightedAverageShsOutDil": 60724000, "link": "https://www.sec.gov/Archives/edgar/data/88205/000110465907015603/0001104659-07-015603-index.htm", "finalLink": "https://www.sec.gov/Archives/edgar/data/88205/000110465907015603/a07-4950_110k.htm", "calculatedOtherExpenses": 18800000, "calculatedOperatingExpenses": 886100000, "calculatedNetInterest": 75400000, "calculatedOtherIncome": -112900000, "calculatedIncomeNonControlling": 49800000, "calculatedEbitda": 389500000}, {"date": "2005-12-31", "symbol": "SPXC", "reportedCurrency": "USD", "cik": "0000088205", "fillingDate": "2006-03-16", "acceptedDate": "2006-03-16 14:45:23", "calendarYear": "2005", "period": "FY", "revenue": 4292200000, "costOfRevenue": 3160100000, "grossProfit": 1132100000, "grossProfitRatio": 0.2637575136, "researchAndDevelopmentExpenses": 0, "generalAndAdministrativeExpenses": 0, "sellingAndMarketingExpenses": 0, "sellingGeneralAndAdministrativeExpenses": 818800000, "otherExpenses": 103100000, "operatingExpenses": 921900000, "costAndExpenses": 4082000000, "interestIncome": 17100000, "interestExpense": -68900000, "depreciationAndAmortization": 87900000, "ebitda": 516600000, "ebitdaratio": 0.1203578584, "operatingIncome": 210200000, "operatingIncomeRatio": 0.0489725549, "totalOtherIncomeExpensesNet": -195000000, "incomeBeforeTax": 27300000, "incomeBeforeTaxRatio": 0.0063603746, "incomeTaxExpense": 70400000, "netIncome": 1090000000, "netIncomeRatio": 0.2539490238, "eps": 15.33, "epsdiluted": 15.1, "weightedAverageShsOut": 71084000, "weightedAverageShsOutDil": 72192000, "link": "https://www.sec.gov/Archives/edgar/data/88205/000104746906003567/0001047469-06-003567-index.htm", "finalLink": "https://www.sec.gov/Archives/edgar/data/88205/000104746906003567/a2167760z10-k.htm", "calculatedOtherExpenses": 103100000, "calculatedOperatingExpenses": 921900000, "calculatedNetInterest": 86000000, "calculatedOtherIncome": -268900000, "calculatedIncomeNonControlling": -1133100000, "calculatedEbitda": 298100000}, {"date": "2004-12-31", "symbol": "SPXC", "reportedCurrency": "USD", "cik": "0000088205", "fillingDate": "2005-03-16", "acceptedDate": "2005-03-16 17:05:51", "calendarYear": "2004", "period": "FY", "revenue": 4372000000, "costOfRevenue": 3233200000, "grossProfit": 1138800000, "grossProfitRatio": 0.2604757548, "researchAndDevelopmentExpenses": 0, "generalAndAdministrativeExpenses": 0, "sellingAndMarketingExpenses": 0, "sellingGeneralAndAdministrativeExpenses": 838400000, "otherExpenses": 309500000, "operatingExpenses": 1147900000, "costAndExpenses": 4381100000, "interestIncome": 0, "interestExpense": -154000000, "depreciationAndAmortization": 97100000, "ebitda": 389500000, "ebitdaratio": 0.0890896615, "operatingIncome": -9100000, "operatingIncomeRatio": -0.0020814273, "totalOtherIncomeExpensesNet": -275500000, "incomeBeforeTax": -172300000, "incomeBeforeTaxRatio": -0.0394098811, "incomeTaxExpense": -31600000, "netIncome": -17100000, "netIncomeRatio": -0.0039112534, "eps": -0.23, "epsdiluted": -0.23, "weightedAverageShsOut": 74347826, "weightedAverageShsOutDil": 74347826, "link": "https://www.sec.gov/Archives/edgar/data/88205/000104746905006807/0001047469-05-006807-index.htm", "finalLink": "https://www.sec.gov/Archives/edgar/data/88205/000104746905006807/a2153642z10-k.htm", "calculatedOtherExpenses": 309500000, "calculatedOperatingExpenses": 1147900000, "calculatedNetInterest": 154000000, "calculatedOtherIncome": -317200000, "calculatedIncomeNonControlling": -123600000, "calculatedEbitda": 88000000}, {"date": "2003-12-31", "symbol": "SPXC", "reportedCurrency": "USD", "cik": "0000088205", "fillingDate": "2004-02-26", "acceptedDate": "2004-02-26 17:23:52", "calendarYear": "2003", "period": "FY", "revenue": 5081500000, "costOfRevenue": 3547600000, "grossProfit": 1533900000, "grossProfitRatio": 0.3018596871, "researchAndDevelopmentExpenses": 0, "generalAndAdministrativeExpenses": 0, "sellingAndMarketingExpenses": 0, "sellingGeneralAndAdministrativeExpenses": 931300000, "otherExpenses": 70900000, "operatingExpenses": 1002200000, "costAndExpenses": 4549800000, "interestIncome": 0, "interestExpense": -197600000, "depreciationAndAmortization": 123600000, "ebitda": 667900000, "ebitdaratio": 0.1314375676, "operatingIncome": 531700000, "operatingIncomeRatio": 0.1046344583, "totalOtherIncomeExpensesNet": 21700000, "incomeBeforeTax": 416200000, "incomeBeforeTaxRatio": 0.0819049493, "incomeTaxExpense": 151600000, "netIncome": 236000000, "netIncomeRatio": 0.0464429794, "eps": 3.07, "epsdiluted": 2.84, "weightedAverageShsOut": 76872964, "weightedAverageShsOutDil": 83098592, "link": "https://www.sec.gov/Archives/edgar/data/88205/000119312504030268/0001193125-04-030268-index.htm", "finalLink": "https://www.sec.gov/Archives/edgar/data/88205/000119312504030268/d10k.htm", "calculatedOtherExpenses": 70900000, "calculatedOperatingExpenses": 1002200000, "calculatedNetInterest": 197600000, "calculatedOtherIncome": -313100000, "calculatedIncomeNonControlling": 28600000, "calculatedEbitda": 655300000}, {"date": "2002-12-31", "symbol": "SPXC", "reportedCurrency": "USD", "cik": "0000088205", "fillingDate": "2003-03-17", "acceptedDate": "2003-03-17 17:26:26", "calendarYear": "2002", "period": "FY", "revenue": 5045800000, "costOfRevenue": 3396200000, "grossProfit": 1649600000, "grossProfitRatio": 0.3269253637, "researchAndDevelopmentExpenses": 0, "generalAndAdministrativeExpenses": 0, "sellingAndMarketingExpenses": 0, "sellingGeneralAndAdministrativeExpenses": 955800000, "otherExpenses": 107200000, "operatingExpenses": 1063000000, "costAndExpenses": 4459200000, "interestIncome": 0, "interestExpense": -169700000, "depreciationAndAmortization": 139100000, "ebitda": 825000000, "ebitdaratio": 0.1635023188, "operatingIncome": 586600000, "operatingIncomeRatio": 0.1162551033, "totalOtherIncomeExpensesNet": -62700000, "incomeBeforeTax": 453200000, "incomeBeforeTaxRatio": 0.0898172738, "incomeTaxExpense": 177200000, "netIncome": 127400000, "netIncomeRatio": 0.0252487217, "eps": 1.56, "epsdiluted": 1.53, "weightedAverageShsOut": 81666667, "weightedAverageShsOutDil": 83267974, "link": "https://www.sec.gov/Archives/edgar/data/88205/000095016803000755/0000950168-03-000755-index.htm", "finalLink": "https://www.sec.gov/Archives/edgar/data/88205/000095016803000755/d10k.htm", "calculatedOtherExpenses": 107200000, "calculatedOperatingExpenses": 1063000000, "calculatedNetInterest": 169700000, "calculatedOtherIncome": -303100000, "calculatedIncomeNonControlling": 148600000, "calculatedEbitda": 725700000}, {"date": "2001-12-31", "symbol": "SPXC", "reportedCurrency": "USD", "cik": "0000088205", "fillingDate": "2002-03-21", "acceptedDate": "2002-03-21 00:00:00", "calendarYear": "2001", "period": "FY", "revenue": 4114300000, "costOfRevenue": 2761600000, "grossProfit": 1352700000, "grossProfitRatio": 0.3287801084, "researchAndDevelopmentExpenses": 0, "generalAndAdministrativeExpenses": 0, "sellingAndMarketingExpenses": 0, "sellingGeneralAndAdministrativeExpenses": 775100000, "otherExpenses": 157300000, "operatingExpenses": 932400000, "costAndExpenses": 3694000000, "interestIncome": 0, "interestExpense": -133699999.99999999, "depreciationAndAmortization": 174900000, "ebitda": 690700000, "ebitdaratio": 0.1678778893, "operatingIncome": 420300000, "operatingIncomeRatio": 0.1021558953, "totalOtherIncomeExpensesNet": -60500000, "incomeBeforeTax": 314000000, "incomeBeforeTaxRatio": 0.0763191794, "incomeTaxExpense": 141000000, "netIncome": 173000000, "netIncomeRatio": 0.0420484651, "eps": 1.19, "epsdiluted": 1.07, "weightedAverageShsOut": 70420000, "weightedAverageShsOutDil": 71992000, "link": "https://www.sec.gov/Archives/edgar/data/88205/000104596902000470/0001045969-02-000470-index.htm", "finalLink": "https://www.sec.gov/Archives/edgar/data/88205/000104596902000470/d10k.htm", "calculatedOtherExpenses": 157300000, "calculatedOperatingExpenses": 932400000, "calculatedNetInterest": 133699999.99999999, "calculatedOtherIncome": -240000000.0, "calculatedIncomeNonControlling": 0, "calculatedEbitda": 595200000}, {"date": "2000-12-31", "symbol": "SPXC", "reportedCurrency": "USD", "cik": "0000088205", "fillingDate": "2001-03-09", "acceptedDate": "2001-03-09 00:00:00", "calendarYear": "2000", "period": "FY", "revenue": 2678900000, "costOfRevenue": 1705800000, "grossProfit": 973100000, "grossProfitRatio": 0.3632461085, "researchAndDevelopmentExpenses": 0, "generalAndAdministrativeExpenses": 0, "sellingAndMarketingExpenses": 0, "sellingGeneralAndAdministrativeExpenses": 495200000, "otherExpenses": 110900000, "operatingExpenses": 606100000, "costAndExpenses": 2311900000, "interestIncome": 0, "interestExpense": 0, "depreciationAndAmortization": 110900000, "ebitda": 414300000, "ebitdaratio": 0.1546530292, "operatingIncome": 367000000, "operatingIncomeRatio": 0.1369965284, "totalOtherIncomeExpensesNet": 63600000, "incomeBeforeTax": 335600000, "incomeBeforeTaxRatio": 0.1252752996, "incomeTaxExpense": 137300000, "netIncome": 189500000, "netIncomeRatio": 0.0707379895, "eps": 3.08, "epsdiluted": 2.99, "weightedAverageShsOut": 61592000, "weightedAverageShsOutDil": 63502000, "link": "https://www.sec.gov/Archives/edgar/data/88205/000095013701000790/0000950137-01-000790-index.htm", "finalLink": "https://www.sec.gov/Archives/edgar/data/88205/000095013701000790/c60696e10-k405.txt", "calculatedOtherExpenses": 110900000, "calculatedOperatingExpenses": 606100000, "calculatedNetInterest": 0, "calculatedOtherIncome": -31400000, "calculatedIncomeNonControlling": 8800000, "calculatedEbitda": 477900000}, {"date": "1999-12-31", "symbol": "SPXC", "reportedCurrency": "USD", "cik": "0000088205", "fillingDate": "2000-03-17", "acceptedDate": "2000-03-17 00:00:00", "calendarYear": "1999", "period": "FY", "revenue": 2712300000, "costOfRevenue": 1746800000, "grossProfit": 965500000, "grossProfitRatio": 0.3559709472, "researchAndDevelopmentExpenses": 0, "generalAndAdministrativeExpenses": 0, "sellingAndMarketingExpenses": 0, "sellingGeneralAndAdministrativeExpenses": 508300000, "otherExpenses": 105400000, "operatingExpenses": 613700000, "costAndExpenses": 2360500000, "interestIncome": 0, "interestExpense": 0, "depreciationAndAmortization": 105400000, "ebitda": 396600000, "ebitdaratio": 0.146222763, "operatingIncome": 351800000, "operatingIncomeRatio": 0.1297054161, "totalOtherIncomeExpensesNet": 60600000, "incomeBeforeTax": 294800000, "incomeBeforeTaxRatio": 0.1086900417, "incomeTaxExpense": 187300000, "netIncome": 101500000, "netIncomeRatio": 0.0374221141, "eps": 0.83, "epsdiluted": 0.82, "weightedAverageShsOut": 123000000, "weightedAverageShsOutDil": 124200000, "link": "https://www.sec.gov/Archives/edgar/data/88205/000095013700001071/0000950137-00-001071-index.html", "finalLink": "https://www.sec.gov/Archives/edgar/data/88205/000095013700001071/", "calculatedOtherExpenses": 105400000, "calculatedOperatingExpenses": 613700000, "calculatedNetInterest": 0, "calculatedOtherIncome": -57000000, "calculatedIncomeNonControlling": 6000000, "calculatedEbitda": 457200000}, {"date": "1998-12-31", "symbol": "SPXC", "reportedCurrency": "USD", "cik": "0000088205", "fillingDate": "1999-03-31", "acceptedDate": "1999-03-31 00:00:00", "calendarYear": "1998", "period": "FY", "revenue": 1825400000, "costOfRevenue": 1222000000, "grossProfit": 603400000, "grossProfitRatio": 0.330557686, "researchAndDevelopmentExpenses": 0, "generalAndAdministrativeExpenses": 0, "sellingAndMarketingExpenses": 0, "sellingGeneralAndAdministrativeExpenses": 471800000, "otherExpenses": 69400000, "operatingExpenses": 541200000, "costAndExpenses": 1763200000, "interestIncome": 0, "interestExpense": 0, "depreciationAndAmortization": 69400000, "ebitda": 193600000, "ebitdaratio": 0.106058946, "operatingIncome": 62200000, "operatingIncomeRatio": 0.0340747233, "totalOtherIncomeExpensesNet": -62000000, "incomeBeforeTax": -44900000, "incomeBeforeTaxRatio": -0.0245973485, "incomeTaxExpense": -3200000, "netIncome": -41700000, "netIncomeRatio": -0.0228443081, "eps": -0.97, "epsdiluted": -0.97, "weightedAverageShsOut": 43092000, "weightedAverageShsOutDil": 43092000, "link": "https://www.sec.gov/Archives/edgar/data/88205/000095013799000790/0000950137-99-000790-index.html", "finalLink": "https://www.sec.gov/Archives/edgar/data/88205/", "calculatedOtherExpenses": 69400000, "calculatedOperatingExpenses": 541200000, "calculatedNetInterest": 0, "calculatedOtherIncome": -107100000, "calculatedIncomeNonControlling": 0, "calculatedEbitda": 131600000}, {"date": "1997-12-31", "symbol": "SPXC", "reportedCurrency": "USD", "cik": "0000088205", "fillingDate": "1998-03-31", "acceptedDate": "1998-03-31 00:00:00", "calendarYear": "1997", "period": "FY", "revenue": 922300000, "costOfRevenue": 647500000, "grossProfit": 274800000, "grossProfitRatio": 0.2979507752, "researchAndDevelopmentExpenses": 0, "generalAndAdministrativeExpenses": 0, "sellingAndMarketingExpenses": 0, "sellingGeneralAndAdministrativeExpenses": 175300000, "otherExpenses": 141500000, "operatingExpenses": 316800000, "costAndExpenses": 964300000, "interestIncome": 0, "interestExpense": 0, "depreciationAndAmortization": 25000000, "ebitda": -91200000, "ebitdaratio": -0.0988832267, "operatingIncome": -42000000, "operatingIncomeRatio": -0.0455383281, "totalOtherIncomeExpensesNet": 74200000, "incomeBeforeTax": 17900000, "incomeBeforeTaxRatio": 0.0194080017, "incomeTaxExpense": 21300000, "netIncome": -13700000, "netIncomeRatio": -0.0148541689, "eps": -0.55, "epsdiluted": -0.55, "weightedAverageShsOut": 25062000, "weightedAverageShsOutDil": 25062000, "link": "https://www.sec.gov/Archives/edgar/data/88205/000095012498001889/0000950124-98-001889-index.html", "finalLink": "https://www.sec.gov/Archives/edgar/data/88205/", "calculatedOtherExpenses": 141500000, "calculatedOperatingExpenses": 316800000, "calculatedNetInterest": 0, "calculatedOtherIncome": 59900000, "calculatedIncomeNonControlling": 10300000, "calculatedEbitda": -17000000}, {"date": "1996-12-31", "symbol": "SPXC", "reportedCurrency": "USD", "cik": "0000088205", "fillingDate": "1997-03-27", "acceptedDate": "1997-03-27 00:00:00", "calendarYear": "1996", "period": "FY", "revenue": 1109400000, "costOfRevenue": 816600000, "grossProfit": 292800000, "grossProfitRatio": 0.2639264467, "researchAndDevelopmentExpenses": 0, "generalAndAdministrativeExpenses": 0, "sellingAndMarketingExpenses": 0, "sellingGeneralAndAdministrativeExpenses": 186500000, "otherExpenses": 40800000, "operatingExpenses": 227300000, "costAndExpenses": 1043900000, "interestIncome": 0, "interestExpense": 0, "depreciationAndAmortization": 40800000, "ebitda": 188200000, "ebitdaratio": 0.1696412475, "operatingIncome": 65500000, "operatingIncomeRatio": 0.059040923, "totalOtherIncomeExpensesNet": -81900000, "incomeBeforeTax": -48000000, "incomeBeforeTaxRatio": -0.0432666306, "incomeTaxExpense": 7600000, "netIncome": -62200000, "netIncomeRatio": -0.0560663422, "eps": -2.09, "epsdiluted": -2.09, "weightedAverageShsOut": 29754028, "weightedAverageShsOutDil": 29754028, "link": "https://www.sec.gov/Archives/edgar/data/88205/000095013797001178/0000950137-97-001178-index.html", "finalLink": "https://www.sec.gov/Archives/edgar/data/88205/", "calculatedOtherExpenses": 40800000, "calculatedOperatingExpenses": 227300000, "calculatedNetInterest": 0, "calculatedOtherIncome": -113500000, "calculatedIncomeNonControlling": 6600000, "calculatedEbitda": 106300000}, {"date": "1995-12-31", "symbol": "SPXC", "reportedCurrency": "USD", "cik": "0000088205", "fillingDate": "1996-03-27", "acceptedDate": "1996-03-27 00:00:00", "calendarYear": "1995", "period": "FY", "revenue": 1098100000, "costOfRevenue": 818800000, "grossProfit": 279300000, "grossProfitRatio": 0.25434842, "researchAndDevelopmentExpenses": 0, "generalAndAdministrativeExpenses": 0, "sellingAndMarketingExpenses": 0, "sellingGeneralAndAdministrativeExpenses": 194500000, "otherExpenses": 43500000, "operatingExpenses": 238000000, "costAndExpenses": 1056800000, "interestIncome": 0, "interestExpense": 0, "depreciationAndAmortization": 43500000, "ebitda": 91900000, "ebitdaratio": 0.08369001, "operatingIncome": 41300000, "operatingIncomeRatio": 0.037610418, "totalOtherIncomeExpensesNet": -7100000, "incomeBeforeTax": -1600000, "incomeBeforeTaxRatio": -0.0014570622, "incomeTaxExpense": -200000, "netIncome": -5300000, "netIncomeRatio": -0.0048265185, "eps": -0.2, "epsdiluted": -0.2, "weightedAverageShsOut": 26348000, "weightedAverageShsOutDil": 26348000, "link": "https://www.sec.gov/Archives/edgar/data/88205/000095013796000367/0000950137-96-000367-index.html", "finalLink": "https://www.sec.gov/Archives/edgar/data/88205/", "calculatedOtherExpenses": 43500000, "calculatedOperatingExpenses": 238000000, "calculatedNetInterest": 0, "calculatedOtherIncome": -42900000, "calculatedIncomeNonControlling": 3900000, "calculatedEbitda": 84800000}, {"date": "1994-12-31", "symbol": "SPXC", "reportedCurrency": "USD", "cik": "0000088205", "fillingDate": "1995-03-23", "acceptedDate": "1995-03-23 00:00:00", "calendarYear": "1994", "period": "FY", "revenue": 1092700000, "costOfRevenue": 779000000, "grossProfit": 313700000, "grossProfitRatio": 0.2870870321, "researchAndDevelopmentExpenses": 0, "generalAndAdministrativeExpenses": 0, "sellingAndMarketingExpenses": 0, "sellingGeneralAndAdministrativeExpenses": 207500000, "otherExpenses": 38500000, "operatingExpenses": 246000000, "costAndExpenses": 1025000000, "interestIncome": 0, "interestExpense": 0, "depreciationAndAmortization": 38500000, "ebitda": 109100000, "ebitdaratio": 0.0998444221, "operatingIncome": 67700000, "operatingIncomeRatio": 0.0619566212, "totalOtherIncomeExpensesNet": -2900000, "incomeBeforeTax": 23900000, "incomeBeforeTaxRatio": 0.0218724261, "incomeTaxExpense": 9800000, "netIncome": 14100000, "netIncomeRatio": 0.0129038162, "eps": 0.55, "epsdiluted": 0.55, "weightedAverageShsOut": 25610000, "weightedAverageShsOutDil": 25610000, "link": "https://www.sec.gov/Archives/edgar/data/88205/000095012495000822/0000950124-95-000822-index.html", "finalLink": "https://www.sec.gov/Archives/edgar/data/88205/", "calculatedOtherExpenses": 38500000, "calculatedOperatingExpenses": 246000000, "calculatedNetInterest": 0, "calculatedOtherIncome": -43800000, "calculatedIncomeNonControlling": 0, "calculatedEbitda": 106200000}, {"date": "1993-12-31", "symbol": "SPXC", "reportedCurrency": "USD", "cik": "0000088205", "fillingDate": "1994-03-25", "acceptedDate": "1994-03-25 00:00:00", "calendarYear": "1993", "period": "FY", "revenue": 756100000, "costOfRevenue": 483600000, "grossProfit": 272500000, "grossProfitRatio": 0.3604020632, "researchAndDevelopmentExpenses": 0, "generalAndAdministrativeExpenses": 0, "sellingAndMarketingExpenses": 0, "sellingGeneralAndAdministrativeExpenses": 235100000, "otherExpenses": 24400000, "operatingExpenses": 259500000, "costAndExpenses": 743100000, "interestIncome": 0, "interestExpense": 0, "depreciationAndAmortization": 24400000, "ebitda": -12200000, "ebitdaratio": -0.0161354318, "operatingIncome": 13000000, "operatingIncomeRatio": 0.0171934929, "totalOtherIncomeExpensesNet": 49600000, "incomeBeforeTax": 44600000, "incomeBeforeTaxRatio": 0.0589869065, "incomeTaxExpense": 29400000, "netIncome": -40600000, "netIncomeRatio": -0.053696601, "eps": -1.46, "epsdiluted": -1.46, "weightedAverageShsOut": 27846000, "weightedAverageShsOutDil": 27846000, "link": "https://www.sec.gov/Archives/edgar/data/88205/000095012494000602/0000950124-94-000602-index.html", "finalLink": "https://www.sec.gov/Archives/edgar/data/88205/", "calculatedOtherExpenses": 24400000, "calculatedOperatingExpenses": 259500000, "calculatedNetInterest": 0, "calculatedOtherIncome": 31600000, "calculatedIncomeNonControlling": 55800000, "calculatedEbitda": 37400000}, {"date": "1992-12-31", "symbol": "SPXC", "reportedCurrency": "USD", "cik": "0000088205", "fillingDate": "1992-12-31", "acceptedDate": "1992-12-30 19:00:00", "calendarYear": "1992", "period": "FY", "revenue": 801200000, "costOfRevenue": 507900000, "grossProfit": 293300000, "grossProfitRatio": 0.3660758862, "researchAndDevelopmentExpenses": 0, "generalAndAdministrativeExpenses": 0, "sellingAndMarketingExpenses": 0, "sellingGeneralAndAdministrativeExpenses": 209900000, "otherExpenses": 25300000, "operatingExpenses": 235200000, "costAndExpenses": 743100000, "interestIncome": 0, "interestExpense": 0, "depreciationAndAmortization": 25300000, "ebitda": 90000000, "ebitdaratio": 0.1123315027, "operatingIncome": 58100000, "operatingIncomeRatio": 0.0725162257, "totalOtherIncomeExpensesNet": -6600000, "incomeBeforeTax": 36400000, "incomeBeforeTaxRatio": 0.0454318522, "incomeTaxExpense": 14300000, "netIncome": 16400000, "netIncomeRatio": 0.0204692961, "eps": 0.3, "epsdiluted": 0.3, "weightedAverageShsOut": 27806000, "weightedAverageShsOutDil": 27806000, "link": "", "finalLink": "", "calculatedOtherExpenses": 25300000, "calculatedOperatingExpenses": 235200000, "calculatedNetInterest": 0, "calculatedOtherIncome": -21700000, "calculatedIncomeNonControlling": 5700000, "calculatedEbitda": 83400000}, {"date": "1991-12-31", "symbol": "SPXC", "reportedCurrency": "USD", "cik": "0000088205", "fillingDate": "1991-12-31", "acceptedDate": "1991-12-30 19:00:00", "calendarYear": "1991", "period": "FY", "revenue": 673500000, "costOfRevenue": 437900000, "grossProfit": 235600000, "grossProfitRatio": 0.3498144024, "researchAndDevelopmentExpenses": 0, "generalAndAdministrativeExpenses": 0, "sellingAndMarketingExpenses": 0, "sellingGeneralAndAdministrativeExpenses": 193900000, "otherExpenses": 23800000, "operatingExpenses": 217700000, "costAndExpenses": 655600000, "interestIncome": 0, "interestExpense": 0, "depreciationAndAmortization": 23800000, "ebitda": 67900000, "ebitdaratio": 0.1008166295, "operatingIncome": 17900000, "operatingIncomeRatio": 0.0265775798, "totalOtherIncomeExpensesNet": -26200000, "incomeBeforeTax": -25200000, "incomeBeforeTaxRatio": -0.0374164811, "incomeTaxExpense": -5800000, "netIncome": -19400000, "netIncomeRatio": -0.0288047513, "eps": -0.7, "epsdiluted": -0.7, "weightedAverageShsOut": 27674000, "weightedAverageShsOutDil": 27674000, "link": "", "finalLink": "", "calculatedOtherExpenses": 23800000, "calculatedOperatingExpenses": 217700000, "calculatedNetInterest": 0, "calculatedOtherIncome": -43100000, "calculatedIncomeNonControlling": 0, "calculatedEbitda": 41700000}, {"date": "1990-12-31", "symbol": "SPXC", "reportedCurrency": "USD", "cik": "0000088205", "fillingDate": "1990-12-31", "acceptedDate": "1990-12-30 19:00:00", "calendarYear": "1990", "period": "FY", "revenue": 708200000, "costOfRevenue": 446800000, "grossProfit": 261400000, "grossProfitRatio": 0.3691047727, "researchAndDevelopmentExpenses": 0, "generalAndAdministrativeExpenses": 0, "sellingAndMarketingExpenses": 0, "sellingGeneralAndAdministrativeExpenses": 193900000, "otherExpenses": 19900000, "operatingExpenses": 213800000, "costAndExpenses": 660600000, "interestIncome": 0, "interestExpense": 0, "depreciationAndAmortization": 19900000, "ebitda": 69000000, "ebitdaratio": 0.0974301045, "operatingIncome": 47600000, "operatingIncomeRatio": 0.0672126518, "totalOtherIncomeExpensesNet": -1500000, "incomeBeforeTax": 28400000, "incomeBeforeTaxRatio": 0.0401016662, "incomeTaxExpense": 10700000, "netIncome": 17700000, "netIncomeRatio": 0.0249929398, "eps": 0.32, "epsdiluted": 0.32, "weightedAverageShsOut": 27650000, "weightedAverageShsOutDil": 27650000, "link": "", "finalLink": "", "calculatedOtherExpenses": 19900000, "calculatedOperatingExpenses": 213800000, "calculatedNetInterest": 0, "calculatedOtherIncome": -19200000, "calculatedIncomeNonControlling": 0, "calculatedEbitda": 67500000}, {"date": "1989-12-31", "symbol": "SPXC", "reportedCurrency": "USD", "cik": "0000088205", "fillingDate": "1989-12-31", "acceptedDate": "1989-12-30 19:00:00", "calendarYear": "1989", "period": "FY", "revenue": 632000000, "costOfRevenue": 399400000, "grossProfit": 232600000, "grossProfitRatio": 0.3680379747, "researchAndDevelopmentExpenses": 0, "generalAndAdministrativeExpenses": 0, "sellingAndMarketingExpenses": 0, "sellingGeneralAndAdministrativeExpenses": 172200000, "otherExpenses": 19700000, "operatingExpenses": 191900000, "costAndExpenses": 591300000, "interestIncome": 0, "interestExpense": 0, "depreciationAndAmortization": 19700000, "ebitda": 53300000, "ebitdaratio": 0.084335443, "operatingIncome": 40700000, "operatingIncomeRatio": 0.0643987342, "totalOtherIncomeExpensesNet": 7100000, "incomeBeforeTax": 38000000, "incomeBeforeTaxRatio": 0.0601265823, "incomeTaxExpense": 14400000, "netIncome": 81300000, "netIncomeRatio": 0.1286392405, "eps": 1.43, "epsdiluted": 1.43, "weightedAverageShsOut": 27540000, "weightedAverageShsOutDil": 27540000, "link": "", "finalLink": "", "calculatedOtherExpenses": 19700000, "calculatedOperatingExpenses": 191900000, "calculatedNetInterest": 0, "calculatedOtherIncome": -2700000, "calculatedIncomeNonControlling": -57700000, "calculatedEbitda": 60400000}, {"date": "1988-12-31", "symbol": "SPXC", "reportedCurrency": "USD", "cik": "0000088205", "fillingDate": "1988-12-31", "acceptedDate": "1988-12-30 19:00:00", "calendarYear": "1988", "period": "FY", "revenue": 877700000, "costOfRevenue": 593100000, "grossProfit": 284600000, "grossProfitRatio": 0.3242565797, "researchAndDevelopmentExpenses": 0, "generalAndAdministrativeExpenses": 0, "sellingAndMarketingExpenses": 0, "sellingGeneralAndAdministrativeExpenses": 169600000, "otherExpenses": 31300000, "operatingExpenses": 200900000, "costAndExpenses": 794000000, "interestIncome": 0, "interestExpense": 0, "depreciationAndAmortization": 31300000, "ebitda": 112800000, "ebitdaratio": 0.1285177168, "operatingIncome": 83700000, "operatingIncomeRatio": 0.0953628803, "totalOtherIncomeExpensesNet": 2200000, "incomeBeforeTax": 69900000, "incomeBeforeTaxRatio": 0.0796399681, "incomeTaxExpense": 25000000, "netIncome": 44900000, "netIncomeRatio": 0.0511564316, "eps": 0.91, "epsdiluted": 0.87, "weightedAverageShsOut": 24844000, "weightedAverageShsOutDil": 24844000, "link": "", "finalLink": "", "calculatedOtherExpenses": 31300000, "calculatedOperatingExpenses": 200900000, "calculatedNetInterest": 0, "calculatedOtherIncome": -13800000, "calculatedIncomeNonControlling": 0, "calculatedEbitda": 115000000}, {"date": "1987-12-31", "symbol": "SPXC", "reportedCurrency": "USD", "cik": "0000088205", "fillingDate": "1987-12-31", "acceptedDate": "1987-12-30 19:00:00", "calendarYear": "1987", "period": "FY", "revenue": 774200000, "costOfRevenue": 519400000, "grossProfit": 254800000, "grossProfitRatio": 0.3291139241, "researchAndDevelopmentExpenses": 0, "generalAndAdministrativeExpenses": 0, "sellingAndMarketingExpenses": 0, "sellingGeneralAndAdministrativeExpenses": 143300000, "otherExpenses": 29900000, "operatingExpenses": 173200000, "costAndExpenses": 692600000, "interestIncome": 0, "interestExpense": 0, "depreciationAndAmortization": 29900000, "ebitda": 135000000, "ebitdaratio": 0.1743735469, "operatingIncome": 81600000, "operatingIncomeRatio": 0.1053991217, "totalOtherIncomeExpensesNet": -23500000, "incomeBeforeTax": 45700000, "incomeBeforeTaxRatio": 0.0590286748, "incomeTaxExpense": 19600000, "netIncome": 26100000, "netIncomeRatio": 0.0337122191, "eps": 0.53, "epsdiluted": 0.52, "weightedAverageShsOut": 24844000, "weightedAverageShsOutDil": 24844000, "link": "", "finalLink": "", "calculatedOtherExpenses": 29900000, "calculatedOperatingExpenses": 173200000, "calculatedNetInterest": 0, "calculatedOtherIncome": -35900000, "calculatedIncomeNonControlling": 0, "calculatedEbitda": 111500000}, {"date": "1986-12-31", "symbol": "SPXC", "reportedCurrency": "USD", "cik": "0000088205", "fillingDate": "1986-12-31", "acceptedDate": "1986-12-30 19:00:00", "calendarYear": "1986", "period": "FY", "revenue": 665800000, "costOfRevenue": 447200000, "grossProfit": 218600000, "grossProfitRatio": 0.3283268249, "researchAndDevelopmentExpenses": 0, "generalAndAdministrativeExpenses": 0, "sellingAndMarketingExpenses": 0, "sellingGeneralAndAdministrativeExpenses": 128700000, "otherExpenses": 26200000, "operatingExpenses": 154900000, "costAndExpenses": 602100000, "interestIncome": 0, "interestExpense": 0, "depreciationAndAmortization": 26200000, "ebitda": 89600000, "ebitdaratio": 0.1345749474, "operatingIncome": 63700000, "operatingIncomeRatio": 0.0956743767, "totalOtherIncomeExpensesNet": 300000, "incomeBeforeTax": 50100000, "incomeBeforeTaxRatio": 0.0752478222, "incomeTaxExpense": 21600000, "netIncome": 28500000, "netIncomeRatio": 0.0428056473, "eps": 0.58, "epsdiluted": 0.56, "weightedAverageShsOut": 24844000, "weightedAverageShsOutDil": 24844000, "link": "", "finalLink": "", "calculatedOtherExpenses": 26200000, "calculatedOperatingExpenses": 154900000, "calculatedNetInterest": 0, "calculatedOtherIncome": -13600000, "calculatedIncomeNonControlling": 0, "calculatedEbitda": 89900000}, {"date": "1985-12-31", "symbol": "SPXC", "reportedCurrency": "USD", "cik": "0000088205", "fillingDate": "1985-12-31", "acceptedDate": "1985-12-30 19:00:00", "calendarYear": "1985", "period": "FY", "revenue": 624500000, "costOfRevenue": 419900000, "grossProfit": 204600000, "grossProfitRatio": 0.3276220977, "researchAndDevelopmentExpenses": 0, "generalAndAdministrativeExpenses": 0, "sellingAndMarketingExpenses": 0, "sellingGeneralAndAdministrativeExpenses": 118100000, "otherExpenses": 22300000, "operatingExpenses": 140400000, "costAndExpenses": 560300000, "interestIncome": 0, "interestExpense": 0, "depreciationAndAmortization": 22300000, "ebitda": 86900000, "ebitdaratio": 0.1391513211, "operatingIncome": 64200000, "operatingIncomeRatio": 0.1028022418, "totalOtherIncomeExpensesNet": -400000, "incomeBeforeTax": 50300000, "incomeBeforeTaxRatio": 0.0805444355, "incomeTaxExpense": 20400000, "netIncome": 29900000, "netIncomeRatio": 0.0478783026, "eps": 0.61, "epsdiluted": 0.6, "weightedAverageShsOut": 24844000, "weightedAverageShsOutDil": 24844000, "link": "", "finalLink": "", "calculatedOtherExpenses": 22300000, "calculatedOperatingExpenses": 140400000, "calculatedNetInterest": 0, "calculatedOtherIncome": -13900000, "calculatedIncomeNonControlling": 0, "calculatedEbitda": 86500000}]}