{"originalCurrency": "USD", "convertedCurrency": "USD", "report": [{"date": "2023-12-31", "symbol": "SQ", "reportedCurrency": "USD", "cik": "0001512673", "fillingDate": "2024-02-22", "acceptedDate": "2024-02-22 16:18:13", "calendarYear": "2023", "period": "FY", "revenue": 21915623000, "costOfRevenue": 14410737000, "grossProfit": 7504886000, "grossProfitRatio": 0.3424445657, "researchAndDevelopmentExpenses": 2720819000, "generalAndAdministrativeExpenses": 2209190000, "sellingAndMarketingExpenses": 2019009000, "sellingGeneralAndAdministrativeExpenses": 4228199000, "otherExpenses": 202475000, "operatingExpenses": 7123062000, "costAndExpenses": 21533799000, "interestIncome": 47221000, "interestExpense": -47221000, "depreciationAndAmortization": 408560000, "ebitda": 1451047000, "ebitdaratio": 0.0662106206, "operatingIncome": -278839000, "operatingIncomeRatio": -0.0127232979, "totalOtherIncomeExpensesNet": -458188000, "incomeBeforeTax": -29143000, "incomeBeforeTaxRatio": -0.001329782, "incomeTaxExpense": -8019000, "netIncome": 9772000, "netIncomeRatio": 0.000445892, "eps": 0.016, "epsdiluted": 0.0159, "weightedAverageShsOut": 608856000, "weightedAverageShsOutDil": 614024000, "link": "https://www.sec.gov/Archives/edgar/data/1512673/000162828024006354/0001628280-24-006354-index.htm", "finalLink": "https://www.sec.gov/Archives/edgar/data/1512673/000162828024006354/sq-20231231.htm", "calculatedOtherExpenses": 834707000, "calculatedOperatingExpenses": 7783725000, "calculatedNetInterest": 94442000, "calculatedOtherIncome": 155254000, "calculatedIncomeNonControlling": -30896000, "calculatedEbitda": 129721000}, {"date": "2022-12-31", "symbol": "SQ", "reportedCurrency": "USD", "cik": "0001512673", "fillingDate": "2023-02-23", "acceptedDate": "2023-02-23 16:23:08", "calendarYear": "2022", "period": "FY", "revenue": 17531587000, "costOfRevenue": 11539695000, "grossProfit": 5991892000, "grossProfitRatio": 0.341776931, "researchAndDevelopmentExpenses": 2135612000, "generalAndAdministrativeExpenses": 1686849000, "sellingAndMarketingExpenses": 2057951000, "sellingGeneralAndAdministrativeExpenses": 3744800000, "otherExpenses": 689441000, "operatingExpenses": 6569853000, "costAndExpenses": 18109548000, "interestIncome": 36228000, "interestExpense": 36228000, "depreciationAndAmortization": 435966000, "ebitda": -141995000, "ebitdaratio": -0.0080993808, "operatingIncome": -577961000, "operatingIncomeRatio": -0.0329668387, "totalOtherIncomeExpensesNet": 12644000, "incomeBeforeTax": -565317000, "incomeBeforeTaxRatio": -0.0322456261, "incomeTaxExpense": -12312000, "netIncome": -553005000, "netIncomeRatio": -0.0315433509, "eps": -0.96, "epsdiluted": -0.96, "weightedAverageShsOut": 578949000, "weightedAverageShsOutDil": 578949000, "link": "https://www.sec.gov/Archives/edgar/data/1512673/000162828023004840/0001628280-23-004840-index.htm", "finalLink": "https://www.sec.gov/Archives/edgar/data/1512673/000162828023004840/sq-20221231.htm", "calculatedOtherExpenses": 689441000, "calculatedOperatingExpenses": 6569853000, "calculatedNetInterest": 0, "calculatedOtherIncome": 12644000, "calculatedIncomeNonControlling": 0, "calculatedEbitda": -141995000}, {"date": "2021-12-31", "symbol": "SQ", "reportedCurrency": "USD", "cik": "0001512673", "fillingDate": "2022-02-24", "acceptedDate": "2022-02-24 16:19:13", "calendarYear": "2021", "period": "FY", "revenue": 17661203000, "costOfRevenue": 13241380000, "grossProfit": 4419823000, "grossProfitRatio": 0.2502560556, "researchAndDevelopmentExpenses": 1399079000, "generalAndAdministrativeExpenses": 983326000, "sellingAndMarketingExpenses": 1617189000, "sellingGeneralAndAdministrativeExpenses": 2600515000, "otherExpenses": 187991000, "operatingExpenses": 4187585000, "costAndExpenses": 17428965000, "interestIncome": 33124000, "interestExpense": 33124000, "depreciationAndAmortization": 134757000, "ebitda": 396469000, "ebitdaratio": 0.0224485841, "operatingIncome": 261712000, "operatingIncomeRatio": 0.0148184696, "totalOtherIncomeExpensesNet": -104250000, "incomeBeforeTax": 157462000, "incomeBeforeTaxRatio": 0.0089157007, "incomeTaxExpense": -1364000, "netIncome": 166284000, "netIncomeRatio": 0.0094152137, "eps": 0.36, "epsdiluted": 0.33, "weightedAverageShsOut": 458432000, "weightedAverageShsOutDil": 501779000, "link": "https://www.sec.gov/Archives/edgar/data/1512673/000162828022003825/0001628280-22-003825-index.htm", "finalLink": "https://www.sec.gov/Archives/edgar/data/1512673/000162828022003825/sq-20211231.htm", "calculatedOtherExpenses": 158517000, "calculatedOperatingExpenses": 4158111000, "calculatedNetInterest": 0, "calculatedOtherIncome": -104250000, "calculatedIncomeNonControlling": -7458000, "calculatedEbitda": 396469000}, {"date": "2020-12-31", "symbol": "SQ", "reportedCurrency": "USD", "cik": "0001512673", "fillingDate": "2021-02-23", "acceptedDate": "2021-02-23 16:19:48", "calendarYear": "2020", "period": "FY", "revenue": 9497578000, "costOfRevenue": 6764169000, "grossProfit": 2733409000, "grossProfitRatio": 0.2878006372, "researchAndDevelopmentExpenses": 881826000, "generalAndAdministrativeExpenses": 579203000, "sellingAndMarketingExpenses": 1109670000, "sellingGeneralAndAdministrativeExpenses": 1688873000, "otherExpenses": 181525000, "operatingExpenses": 2752224000, "costAndExpenses": 9516393000, "interestIncome": 56943000, "interestExpense": 56943000, "depreciationAndAmortization": 84212000, "ebitda": 357122000, "ebitdaratio": 0.0376013758, "operatingIncome": 272910000, "operatingIncomeRatio": 0.0287346943, "totalOtherIncomeExpensesNet": -56943000, "incomeBeforeTax": 215967000, "incomeBeforeTaxRatio": 0.0227391657, "incomeTaxExpense": 2862000, "netIncome": 213105000, "netIncomeRatio": 0.0224378257, "eps": 0.48, "epsdiluted": 0.44, "weightedAverageShsOut": 443126000, "weightedAverageShsOutDil": 482167000, "link": "https://www.sec.gov/Archives/edgar/data/1512673/000151267321000008/0001512673-21-000008-index.htm", "finalLink": "https://www.sec.gov/Archives/edgar/data/1512673/000151267321000008/sq-20201231.htm", "calculatedOtherExpenses": -110200000, "calculatedOperatingExpenses": 2460499000, "calculatedNetInterest": 0, "calculatedOtherIncome": -56943000, "calculatedIncomeNonControlling": 0, "calculatedEbitda": 357122000}, {"date": "2019-12-31", "symbol": "SQ", "reportedCurrency": "USD", "cik": "0001512673", "fillingDate": "2020-02-26", "acceptedDate": "2020-02-26 16:16:57", "calendarYear": "2019", "period": "FY", "revenue": 4713500000, "costOfRevenue": 2823815000, "grossProfit": 1889685000, "grossProfitRatio": 0.4009090909, "researchAndDevelopmentExpenses": 670606000, "generalAndAdministrativeExpenses": 436250000, "sellingAndMarketingExpenses": 624832000, "sellingGeneralAndAdministrativeExpenses": 1061082000, "otherExpenses": 131440000, "operatingExpenses": 1863128000, "costAndExpenses": 4686943000, "interestIncome": 21516000, "interestExpense": 21516000, "depreciationAndAmortization": -297847000, "ebitda": -271290000, "ebitdaratio": -0.0575559563, "operatingIncome": 26557000, "operatingIncomeRatio": 0.0056342421, "totalOtherIncomeExpensesNet": 351656000, "incomeBeforeTax": 378213000, "incomeBeforeTaxRatio": 0.0802403734, "incomeTaxExpense": 2767000, "netIncome": 375446000, "netIncomeRatio": 0.0796533362, "eps": 0.88, "epsdiluted": 0.81, "weightedAverageShsOut": 424999000, "weightedAverageShsOutDil": 466076000, "link": "https://www.sec.gov/Archives/edgar/data/1512673/000162828020002303/0001628280-20-002303-index.htm", "finalLink": "https://www.sec.gov/Archives/edgar/data/1512673/000162828020002303/sq-20191231.htm", "calculatedOtherExpenses": 131440000, "calculatedOperatingExpenses": 1863128000, "calculatedNetInterest": 0, "calculatedOtherIncome": 351656000, "calculatedIncomeNonControlling": 0, "calculatedEbitda": -271290000}, {"date": "2018-12-31", "symbol": "SQ", "reportedCurrency": "USD", "cik": "0001512673", "fillingDate": "2019-02-27", "acceptedDate": "2019-02-27 16:45:49", "calendarYear": "2018", "period": "FY", "revenue": 3298177000, "costOfRevenue": 1994477000, "grossProfit": 1303700000, "grossProfitRatio": 0.3952789677, "researchAndDevelopmentExpenses": 497479000, "generalAndAdministrativeExpenses": 339245000, "sellingAndMarketingExpenses": 411151000, "sellingGeneralAndAdministrativeExpenses": 750396000, "otherExpenses": 18469000, "operatingExpenses": 1340314000, "costAndExpenses": 3334791000, "interestIncome": 0, "interestExpense": 17982000, "depreciationAndAmortization": 60961000, "ebitda": 24347000, "ebitdaratio": 0.0073819568, "operatingIncome": -36614000, "operatingIncomeRatio": -0.0111012841, "totalOtherIncomeExpensesNet": 18469000, "incomeBeforeTax": -36127000, "incomeBeforeTaxRatio": -0.0109536268, "incomeTaxExpense": 2326000, "netIncome": -38453000, "netIncomeRatio": -0.0116588649, "eps": -0.0948, "epsdiluted": -0.0948, "weightedAverageShsOut": 405731000, "weightedAverageShsOutDil": 405731000, "link": "https://www.sec.gov/Archives/edgar/data/1512673/000151267319000003/0001512673-19-000003-index.htm", "finalLink": "https://www.sec.gov/Archives/edgar/data/1512673/000151267319000003/a10-kfilingsquareinc2018.htm", "calculatedOtherExpenses": 92439000, "calculatedOperatingExpenses": 1340314000, "calculatedNetInterest": -17982000, "calculatedOtherIncome": 18469000, "calculatedIncomeNonControlling": 0, "calculatedEbitda": 24347000}, {"date": "2017-12-31", "symbol": "SQ", "reportedCurrency": "USD", "cik": "0001512673", "fillingDate": "2018-02-27", "acceptedDate": "2018-02-27 16:19:33", "calendarYear": "2017", "period": "FY", "revenue": 2214253000, "costOfRevenue": 1374947000, "grossProfit": 839306000, "grossProfitRatio": 0.3790470195, "researchAndDevelopmentExpenses": 321888000, "generalAndAdministrativeExpenses": 250553000, "sellingAndMarketingExpenses": 253170000, "sellingGeneralAndAdministrativeExpenses": 503723000, "otherExpenses": 67901000, "operatingExpenses": 893512000, "costAndExpenses": 2268459000, "interestIncome": 0, "interestExpense": 8458000, "depreciationAndAmortization": 37279000, "ebitda": -16927000, "ebitdaratio": -0.0076445646, "operatingIncome": -54206000, "operatingIncomeRatio": -0.0244804907, "totalOtherIncomeExpensesNet": -67018000, "incomeBeforeTax": -62664000, "incomeBeforeTaxRatio": -0.0283002891, "incomeTaxExpense": 149000, "netIncome": -62813000, "netIncomeRatio": -0.0283675804, "eps": -0.17, "epsdiluted": -0.17, "weightedAverageShsOut": 369488235, "weightedAverageShsOutDil": 379344000, "link": "https://www.sec.gov/Archives/edgar/data/1512673/000151267318000004/0001512673-18-000004-index.htm", "finalLink": "https://www.sec.gov/Archives/edgar/data/1512673/000151267318000004/a10-kfilingsquareinc2017.htm", "calculatedOtherExpenses": 67901000, "calculatedOperatingExpenses": 893512000, "calculatedNetInterest": -8458000, "calculatedOtherIncome": 0, "calculatedIncomeNonControlling": 0, "calculatedEbitda": -16927000}, {"date": "2016-12-31", "symbol": "SQ", "reportedCurrency": "USD", "cik": "0001512673", "fillingDate": "2017-02-27", "acceptedDate": "2017-02-24 21:42:05", "calendarYear": "2016", "period": "FY", "revenue": 1708721000, "costOfRevenue": 1132683000, "grossProfit": 576038000, "grossProfitRatio": 0.3371164748, "researchAndDevelopmentExpenses": 268537000, "generalAndAdministrativeExpenses": 251993000, "sellingAndMarketingExpenses": 173876000, "sellingGeneralAndAdministrativeExpenses": 425869000, "otherExpenses": 52085000, "operatingExpenses": 746491000, "costAndExpenses": 1879174000, "interestIncome": 0, "interestExpense": -780000, "depreciationAndAmortization": 37745000, "ebitda": -132708000, "ebitdaratio": -0.0776651074, "operatingIncome": -170453000, "operatingIncomeRatio": -0.0997547288, "totalOtherIncomeExpensesNet": -51235000, "incomeBeforeTax": -169673000, "incomeBeforeTaxRatio": -0.0992982471, "incomeTaxExpense": 1917000, "netIncome": -171590000, "netIncomeRatio": -0.1004201388, "eps": -0.5, "epsdiluted": -0.5, "weightedAverageShsOut": 341555000, "weightedAverageShsOutDil": 341555000, "link": "https://www.sec.gov/Archives/edgar/data/1512673/000162828017001754/0001628280-17-001754-index.htm", "finalLink": "https://www.sec.gov/Archives/edgar/data/1512673/000162828017001754/a10-kfilingsquareinc2016.htm", "calculatedOtherExpenses": 52085000, "calculatedOperatingExpenses": 746491000, "calculatedNetInterest": 780000, "calculatedOtherIncome": 0, "calculatedIncomeNonControlling": 0, "calculatedEbitda": -132708000}, {"date": "2015-12-31", "symbol": "SQ", "reportedCurrency": "USD", "cik": "0001512673", "fillingDate": "2016-03-10", "acceptedDate": "2016-03-10 16:50:21", "calendarYear": "2015", "period": "FY", "revenue": 1267118000, "costOfRevenue": 897088000, "grossProfit": 370030000, "grossProfitRatio": 0.2920248943, "researchAndDevelopmentExpenses": 199638000, "generalAndAdministrativeExpenses": 143466000, "sellingAndMarketingExpenses": 145618000, "sellingGeneralAndAdministrativeExpenses": 289084000, "otherExpenses": 55766000, "operatingExpenses": 544488000, "costAndExpenses": 1441576000, "interestIncome": 0, "interestExpense": 1163000, "depreciationAndAmortization": 27626000, "ebitda": -148445000, "ebitdaratio": -0.1171516781, "operatingIncome": -174458000, "operatingIncomeRatio": -0.1376809421, "totalOtherIncomeExpensesNet": -450000, "incomeBeforeTax": -176071000, "incomeBeforeTaxRatio": -0.1389539096, "incomeTaxExpense": 3746000, "netIncome": -179817000, "netIncomeRatio": -0.1419102246, "eps": -1.05, "epsdiluted": -1.05, "weightedAverageShsOut": 170498000, "weightedAverageShsOutDil": 170498000, "link": "https://www.sec.gov/Archives/edgar/data/1512673/000151267316000002/0001512673-16-000002-index.htm", "finalLink": "https://www.sec.gov/Archives/edgar/data/1512673/000151267316000002/a10-kfilingsquareinc2015.htm", "calculatedOtherExpenses": 55766000, "calculatedOperatingExpenses": 544488000, "calculatedNetInterest": -1163000, "calculatedOtherIncome": -450000, "calculatedIncomeNonControlling": 0, "calculatedEbitda": -146832000}, {"date": "2014-12-31", "symbol": "SQ", "reportedCurrency": "USD", "cik": "0001512673", "fillingDate": "2014-12-31", "acceptedDate": "2014-12-31 00:00:00", "calendarYear": "2014", "period": "FY", "revenue": 850192000, "costOfRevenue": 624118000, "grossProfit": 226074000, "grossProfitRatio": 0.2659093475, "researchAndDevelopmentExpenses": 144637000, "generalAndAdministrativeExpenses": 94220000, "sellingAndMarketingExpenses": 112577000, "sellingGeneralAndAdministrativeExpenses": 206797000, "otherExpenses": 12000, "operatingExpenses": 376565000, "costAndExpenses": 1000683000, "interestIncome": 0, "interestExpense": 0, "depreciationAndAmortization": 18586000, "ebitda": -130789000, "ebitdaratio": -0.1538346632, "operatingIncome": -150491000, "operatingIncomeRatio": -0.1770082523, "totalOtherIncomeExpensesNet": -1104000, "incomeBeforeTax": -152653000, "incomeBeforeTaxRatio": -0.1795512073, "incomeTaxExpense": 1440000, "netIncome": -154093000, "netIncomeRatio": -0.1812449423, "eps": -0.54, "epsdiluted": -0.54, "weightedAverageShsOut": 284311000, "weightedAverageShsOutDil": 284311000, "link": null, "finalLink": null, "calculatedOtherExpenses": 25131000, "calculatedOperatingExpenses": 376565000, "calculatedNetInterest": 0, "calculatedOtherIncome": -2162000, "calculatedIncomeNonControlling": 0, "calculatedEbitda": -131905000}, {"date": "2013-12-31", "symbol": "SQ", "reportedCurrency": "USD", "cik": "0001512673", "fillingDate": "2013-12-31", "acceptedDate": "2013-12-31 00:00:00", "calendarYear": "2013", "period": "FY", "revenue": 552433000, "costOfRevenue": 423648000, "grossProfit": 128785000, "grossProfitRatio": 0.2331232928, "researchAndDevelopmentExpenses": 82864000, "generalAndAdministrativeExpenses": 68942000, "sellingAndMarketingExpenses": 64162000, "sellingGeneralAndAdministrativeExpenses": 133104000, "otherExpenses": -2000, "operatingExpenses": 231297000, "costAndExpenses": 654945000, "interestIncome": 0, "interestExpense": 0, "depreciationAndAmortization": 8272000, "ebitda": -92762000, "ebitdaratio": -0.1679153852, "operatingIncome": -104942000, "operatingIncomeRatio": -0.1899633078, "totalOtherIncomeExpensesNet": -1480000, "incomeBeforeTax": -103980000, "incomeBeforeTaxRatio": -0.1882219201, "incomeTaxExpense": 513000, "netIncome": -104493000, "netIncomeRatio": -0.1891505395, "eps": -0.37, "epsdiluted": -0.37, "weightedAverageShsOut": 284311000, "weightedAverageShsOutDil": 284311000, "link": null, "finalLink": null, "calculatedOtherExpenses": 17759000, "calculatedOperatingExpenses": 233727000, "calculatedNetInterest": 0, "calculatedOtherIncome": 962000, "calculatedIncomeNonControlling": 0, "calculatedEbitda": -96670000}, {"date": "2012-12-31", "symbol": "SQ", "reportedCurrency": "USD", "cik": "0001512673", "fillingDate": "2012-12-31", "acceptedDate": "2012-12-31 00:00:00", "calendarYear": "2012", "period": "FY", "revenue": 203449000, "costOfRevenue": 138898000, "grossProfit": 64551000, "grossProfitRatio": 0.317283447, "researchAndDevelopmentExpenses": 46568000, "generalAndAdministrativeExpenses": 36184000, "sellingAndMarketingExpenses": 56648000, "sellingGeneralAndAdministrativeExpenses": 92832000, "otherExpenses": 10512000, "operatingExpenses": 149912000, "costAndExpenses": 288810000, "interestIncome": 0, "interestExpense": 0, "depreciationAndAmortization": 3579000, "ebitda": -81949000, "ebitdaratio": -0.4027987358, "operatingIncome": -85361000, "operatingIncomeRatio": -0.4195695236, "totalOtherIncomeExpensesNet": 167000, "incomeBeforeTax": -85199000, "incomeBeforeTaxRatio": -0.4187732552, "incomeTaxExpense": -162000, "netIncome": -85199000, "netIncomeRatio": -0.4187732552, "eps": -0.31, "epsdiluted": -0.31, "weightedAverageShsOut": 277295000, "weightedAverageShsOutDil": 277295000, "link": null, "finalLink": null, "calculatedOtherExpenses": 10512000, "calculatedOperatingExpenses": 149912000, "calculatedNetInterest": 0, "calculatedOtherIncome": 162000, "calculatedIncomeNonControlling": 162000, "calculatedEbitda": -81782000}]}