{"originalCurrency": "USD", "convertedCurrency": "USD", "report": [{"date": "2023-12-31", "symbol": "SRCL", "reportedCurrency": "USD", "cik": "0000861878", "fillingDate": "2024-02-28", "acceptedDate": "2024-02-28 07:02:39", "calendarYear": "2023", "period": "FY", "revenue": 2659300000, "costOfRevenue": 1750900000, "grossProfit": 908400000, "grossProfitRatio": 0.3415936525, "researchAndDevelopmentExpenses": 0, "generalAndAdministrativeExpenses": 0, "sellingAndMarketingExpenses": 0, "sellingGeneralAndAdministrativeExpenses": 707100000, "otherExpenses": -100000, "operatingExpenses": 707100000, "costAndExpenses": 2458000000, "interestIncome": 0, "interestExpense": 73900000, "depreciationAndAmortization": 216500000, "ebitda": 417800000, "ebitdaratio": 0.1571090137, "operatingIncome": 201300000, "operatingIncomeRatio": 0.0756966119, "totalOtherIncomeExpensesNet": -198000000, "incomeBeforeTax": 3300000, "incomeBeforeTaxRatio": 0.0012409281, "incomeTaxExpense": 24600000, "netIncome": -21400000, "netIncomeRatio": -0.0080472305, "eps": -0.23, "epsdiluted": -0.23, "weightedAverageShsOut": 92400000, "weightedAverageShsOutDil": 92400000, "link": "https://www.sec.gov/Archives/edgar/data/861878/000162828024007388/0001628280-24-007388-index.htm", "finalLink": "https://www.sec.gov/Archives/edgar/data/861878/000162828024007388/scl-20231231.htm", "calculatedOtherExpenses": 0, "calculatedOperatingExpenses": 707100000, "calculatedNetInterest": -73900000, "calculatedOtherIncome": -124100000, "calculatedIncomeNonControlling": 100000, "calculatedEbitda": 417800000}, {"date": "2022-12-31", "symbol": "SRCL", "reportedCurrency": "USD", "cik": "0000861878", "fillingDate": "2023-02-23", "acceptedDate": "2023-02-23 07:02:57", "calendarYear": "2022", "period": "FY", "revenue": 2704700000, "costOfRevenue": 1679100000, "grossProfit": 1025600000, "grossProfitRatio": 0.3791917773, "researchAndDevelopmentExpenses": 0, "generalAndAdministrativeExpenses": 0, "sellingAndMarketingExpenses": 0, "sellingGeneralAndAdministrativeExpenses": 887500000, "otherExpenses": 700000, "operatingExpenses": 887500000, "costAndExpenses": 2566600000, "interestIncome": 75500000, "interestExpense": 75500000, "depreciationAndAmortization": 217600000, "ebitda": 371300000, "ebitdaratio": 0.1372795504, "operatingIncome": 153700000, "operatingIncomeRatio": 0.0568270048, "totalOtherIncomeExpensesNet": -74800000, "incomeBeforeTax": 78900000, "incomeBeforeTaxRatio": 0.0291714423, "incomeTaxExpense": 22400000, "netIncome": 56000000, "netIncomeRatio": 0.0207046992, "eps": 0.61, "epsdiluted": 0.61, "weightedAverageShsOut": 92100000, "weightedAverageShsOutDil": 92400000, "link": "https://www.sec.gov/Archives/edgar/data/861878/000162828023004676/0001628280-23-004676-index.htm", "finalLink": "https://www.sec.gov/Archives/edgar/data/861878/000162828023004676/scl-20221231.htm", "calculatedOtherExpenses": -15600000, "calculatedOperatingExpenses": 871900000, "calculatedNetInterest": 0, "calculatedOtherIncome": -74800000, "calculatedIncomeNonControlling": 500000, "calculatedEbitda": 371300000}, {"date": "2021-12-31", "symbol": "SRCL", "reportedCurrency": "USD", "cik": "0000861878", "fillingDate": "2022-02-24", "acceptedDate": "2022-02-24 07:10:30", "calendarYear": "2021", "period": "FY", "revenue": 2646900000, "costOfRevenue": 1629700000, "grossProfit": 1017200000, "grossProfitRatio": 0.3842986135, "researchAndDevelopmentExpenses": 0, "generalAndAdministrativeExpenses": 0, "sellingAndMarketingExpenses": 0, "sellingGeneralAndAdministrativeExpenses": 946600000, "otherExpenses": 300000, "operatingExpenses": 946600000, "costAndExpenses": 2576300000, "interestIncome": 71900000, "interestExpense": 71900000, "depreciationAndAmortization": 222500000, "ebitda": 294800000, "ebitdaratio": 0.1113755714, "operatingIncome": 72300000, "operatingIncomeRatio": 0.0273149722, "totalOtherIncomeExpensesNet": -71600000, "incomeBeforeTax": 700000, "incomeBeforeTaxRatio": 0.0002644603, "incomeTaxExpense": 27500000, "netIncome": -26800000, "netIncomeRatio": -0.0101250519, "eps": -0.29, "epsdiluted": -0.29, "weightedAverageShsOut": 91800000, "weightedAverageShsOutDil": 91800000, "link": "https://www.sec.gov/Archives/edgar/data/861878/000162828022003634/0001628280-22-003634-index.htm", "finalLink": "https://www.sec.gov/Archives/edgar/data/861878/000162828022003634/scl-20211231.htm", "calculatedOtherExpenses": -1700000, "calculatedOperatingExpenses": 944900000, "calculatedNetInterest": 0, "calculatedOtherIncome": -71600000, "calculatedIncomeNonControlling": 0, "calculatedEbitda": 294800000}, {"date": "2020-12-31", "symbol": "SRCL", "reportedCurrency": "USD", "cik": "0000861878", "fillingDate": "2021-02-25", "acceptedDate": "2021-02-25 07:16:23", "calendarYear": "2020", "period": "FY", "revenue": 2675500000, "costOfRevenue": 1622400000, "grossProfit": 1053100000, "grossProfitRatio": 0.3936086713, "researchAndDevelopmentExpenses": 0, "generalAndAdministrativeExpenses": 0, "sellingAndMarketingExpenses": 0, "sellingGeneralAndAdministrativeExpenses": 897600000, "otherExpenses": -6000000, "operatingExpenses": 897600000, "costAndExpenses": 2520000000, "interestIncome": 81900000, "interestExpense": 81900000, "depreciationAndAmortization": 233500000, "ebitda": 383000000, "ebitdaratio": 0.1431508129, "operatingIncome": 149500000, "operatingIncomeRatio": 0.0558774061, "totalOtherIncomeExpensesNet": -205500000, "incomeBeforeTax": -56000000, "incomeBeforeTaxRatio": -0.0209306672, "incomeTaxExpense": -100000, "netIncome": -55900000, "netIncomeRatio": -0.020893291, "eps": -0.61, "epsdiluted": -0.61, "weightedAverageShsOut": 91500000, "weightedAverageShsOutDil": 91500000, "link": "https://www.sec.gov/Archives/edgar/data/861878/000162828021003165/0001628280-21-003165-index.htm", "finalLink": "https://www.sec.gov/Archives/edgar/data/861878/000162828021003165/scl-20201231.htm", "calculatedOtherExpenses": 6000000, "calculatedOperatingExpenses": 903600000, "calculatedNetInterest": 0, "calculatedOtherIncome": -205500000, "calculatedIncomeNonControlling": 0, "calculatedEbitda": 383000000}, {"date": "2019-12-31", "symbol": "SRCL", "reportedCurrency": "USD", "cik": "0000861878", "fillingDate": "2020-02-28", "acceptedDate": "2020-02-28 13:10:13", "calendarYear": "2019", "period": "FY", "revenue": 3308900000, "costOfRevenue": 2134400000, "grossProfit": 1174500000, "grossProfitRatio": 0.3549517967, "researchAndDevelopmentExpenses": 0, "generalAndAdministrativeExpenses": 0, "sellingAndMarketingExpenses": 0, "sellingGeneralAndAdministrativeExpenses": 1055100000, "otherExpenses": -9500000, "operatingExpenses": 1055100000, "costAndExpenses": 3189500000, "interestIncome": 118300000, "interestExpense": 118300000, "depreciationAndAmortization": 272800000, "ebitda": 382700000, "ebitdaratio": 0.1156577715, "operatingIncome": 109900000, "operatingIncomeRatio": 0.0332134546, "totalOtherIncomeExpensesNet": -472700000, "incomeBeforeTax": -362800000, "incomeBeforeTaxRatio": -0.1096436882, "incomeTaxExpense": -16800000, "netIncome": -346000000, "netIncomeRatio": -0.1045664722, "eps": -3.8, "epsdiluted": -3.8, "weightedAverageShsOut": 91000000, "weightedAverageShsOutDil": 91000000, "link": "https://www.sec.gov/Archives/edgar/data/861878/000156459020007716/0001564590-20-007716-index.htm", "finalLink": "https://www.sec.gov/Archives/edgar/data/861878/000156459020007716/srcl-10k_20191231.htm", "calculatedOtherExpenses": 9500000, "calculatedOperatingExpenses": 1064600000, "calculatedNetInterest": 0, "calculatedOtherIncome": -472700000, "calculatedIncomeNonControlling": 0, "calculatedEbitda": 382700000}, {"date": "2018-12-31", "symbol": "SRCL", "reportedCurrency": "USD", "cik": "0000861878", "fillingDate": "2019-02-28", "acceptedDate": "2019-02-28 16:41:21", "calendarYear": "2018", "period": "FY", "revenue": 3485900000, "costOfRevenue": 2109900000, "grossProfit": 1376000000, "grossProfitRatio": 0.3947330675, "researchAndDevelopmentExpenses": 0, "generalAndAdministrativeExpenses": 1178400000, "sellingAndMarketingExpenses": 0, "sellingGeneralAndAdministrativeExpenses": 1178400000, "otherExpenses": -8300000, "operatingExpenses": 1178400000, "costAndExpenses": 3288300000, "interestIncome": 600000, "interestExpense": 106000000, "depreciationAndAmortization": 255900000, "ebitda": 445200000, "ebitdaratio": 0.127714507, "operatingIncome": -161100000, "operatingIncomeRatio": -0.0462147509, "totalOtherIncomeExpensesNet": -367000000, "incomeBeforeTax": -275400000, "incomeBeforeTaxRatio": -0.0790039875, "incomeTaxExpense": -29800000, "netIncome": -244700000, "netIncomeRatio": -0.0701970797, "eps": -2.81, "epsdiluted": -2.81, "weightedAverageShsOut": 87044673, "weightedAverageShsOutDil": 87100000, "link": "https://www.sec.gov/Archives/edgar/data/861878/000156459019005500/0001564590-19-005500-index.htm", "finalLink": "https://www.sec.gov/Archives/edgar/data/861878/000156459019005500/srcl-10k_20181231.htm", "calculatedOtherExpenses": 358700000, "calculatedOperatingExpenses": 1537100000, "calculatedNetInterest": -105400000, "calculatedOtherIncome": -8900000, "calculatedIncomeNonControlling": -900000, "calculatedEbitda": 94800000}, {"date": "2017-12-31", "symbol": "SRCL", "reportedCurrency": "USD", "cik": "0000861878", "fillingDate": "2018-02-26", "acceptedDate": "2018-02-23 19:26:22", "calendarYear": "2017", "period": "FY", "revenue": 3580700000, "costOfRevenue": 2118200000, "grossProfit": 1462500000, "grossProfitRatio": 0.4084396906, "researchAndDevelopmentExpenses": 0, "generalAndAdministrativeExpenses": 1470100000, "sellingAndMarketingExpenses": 0, "sellingGeneralAndAdministrativeExpenses": 1470100000, "otherExpenses": -6600000, "operatingExpenses": 1470100000, "costAndExpenses": 3588300000, "interestIncome": 300000, "interestExpense": 93700000, "depreciationAndAmortization": 249500000, "ebitda": 235300000, "ebitdaratio": 0.065713408, "operatingIncome": -7600000, "operatingIncomeRatio": -0.00212249, "totalOtherIncomeExpensesNet": -6600000, "incomeBeforeTax": -107900000, "incomeBeforeTaxRatio": -0.0301337727, "incomeTaxExpense": -150900000, "netIncome": 42400000, "netIncomeRatio": 0.0118412601, "eps": 0.27, "epsdiluted": 0.27, "weightedAverageShsOut": 85300000, "weightedAverageShsOutDil": 85600000, "link": "https://www.sec.gov/Archives/edgar/data/861878/000156459018003082/0001564590-18-003082-index.htm", "finalLink": "https://www.sec.gov/Archives/edgar/data/861878/000156459018003082/srcl-10k_20171231.htm", "calculatedOtherExpenses": 0, "calculatedOperatingExpenses": 1470100000, "calculatedNetInterest": -93400000, "calculatedOtherIncome": -6900000, "calculatedIncomeNonControlling": 600000, "calculatedEbitda": 241900000}, {"date": "2016-12-31", "symbol": "SRCL", "reportedCurrency": "USD", "cik": "0000861878", "fillingDate": "2017-03-15", "acceptedDate": "2017-03-14 18:40:44", "calendarYear": "2016", "period": "FY", "revenue": 3562342000, "costOfRevenue": 2059130000, "grossProfit": 1503212000, "grossProfitRatio": 0.4219729605, "researchAndDevelopmentExpenses": 0, "generalAndAdministrativeExpenses": 904179000, "sellingAndMarketingExpenses": 125218000, "sellingGeneralAndAdministrativeExpenses": 1029397000, "otherExpenses": -7586000, "operatingExpenses": 1064149000, "costAndExpenses": 3123279000, "interestIncome": 78000, "interestExpense": 97709000, "depreciationAndAmortization": 252598000, "ebitda": 684075000, "ebitdaratio": 0.1920295693, "operatingIncome": 439063000, "operatingIncomeRatio": 0.1232512207, "totalOtherIncomeExpensesNet": -7586000, "incomeBeforeTax": 333768000, "incomeBeforeTaxRatio": 0.0936934185, "incomeTaxExpense": 126259000, "netIncome": 205969000, "netIncomeRatio": 0.0578184239, "eps": 2.09, "epsdiluted": 2.08, "weightedAverageShsOut": 85152700, "weightedAverageShsOutDil": 85610219, "link": "https://www.sec.gov/Archives/edgar/data/861878/000156459017004325/0001564590-17-004325-index.htm", "finalLink": "https://www.sec.gov/Archives/edgar/data/861878/000156459017004325/srcl-10k_20161231.htm", "calculatedOtherExpenses": 34752000, "calculatedOperatingExpenses": 1064149000, "calculatedNetInterest": -97631000, "calculatedOtherIncome": -7664000, "calculatedIncomeNonControlling": 1540000, "calculatedEbitda": 691661000}, {"date": "2015-12-31", "symbol": "SRCL", "reportedCurrency": "USD", "cik": "0000861878", "fillingDate": "2016-03-15", "acceptedDate": "2016-03-15 10:56:04", "calendarYear": "2015", "period": "FY", "revenue": 2985908000, "costOfRevenue": 1779374000, "grossProfit": 1206534000, "grossProfitRatio": 0.40407608, "researchAndDevelopmentExpenses": 0, "generalAndAdministrativeExpenses": 712803000, "sellingAndMarketingExpenses": -172859000, "sellingGeneralAndAdministrativeExpenses": 539944000, "otherExpenses": 569000, "operatingExpenses": 605714000, "costAndExpenses": 2385088000, "interestIncome": 224000, "interestExpense": 77274000, "depreciationAndAmortization": 127412000, "ebitda": 728801000, "ebitdaratio": 0.2440801927, "operatingIncome": 487612000, "operatingIncomeRatio": 0.1633044287, "totalOtherIncomeExpensesNet": -112639000, "incomeBeforeTax": 410907000, "incomeBeforeTaxRatio": 0.1376154255, "incomeTaxExpense": 142862000, "netIncome": 267078000, "netIncomeRatio": 0.0894461584, "eps": 3.01, "epsdiluted": 2.96, "weightedAverageShsOut": 84852584, "weightedAverageShsOutDil": 86162609, "link": "https://www.sec.gov/Archives/edgar/data/861878/000086187816000056/0000861878-16-000056-index.htm", "finalLink": "https://www.sec.gov/Archives/edgar/data/861878/000086187816000056/srcl-20151231x10k.htm", "calculatedOtherExpenses": 178978000, "calculatedOperatingExpenses": 718922000, "calculatedNetInterest": -77050000, "calculatedOtherIncome": 345000, "calculatedIncomeNonControlling": 967000, "calculatedEbitda": 615024000}, {"date": "2014-12-31", "symbol": "SRCL", "reportedCurrency": "USD", "cik": "0000861878", "fillingDate": "2015-03-02", "acceptedDate": "2015-03-02 17:09:50", "calendarYear": "2014", "period": "FY", "revenue": 2555601000, "costOfRevenue": 1461190000, "grossProfit": 1094411000, "grossProfitRatio": 0.4282401674, "researchAndDevelopmentExpenses": 0, "generalAndAdministrativeExpenses": 489937000, "sellingAndMarketingExpenses": -56072000, "sellingGeneralAndAdministrativeExpenses": 433865000, "otherExpenses": -2746000, "operatingExpenses": 482003000, "costAndExpenses": 1943193000, "interestIncome": 120000, "interestExpense": 66022000, "depreciationAndAmortization": 104616000, "ebitda": 714278000, "ebitdaratio": 0.2794951168, "operatingIncome": 556336000, "operatingIncomeRatio": 0.2176928245, "totalOtherIncomeExpensesNet": -58818000, "incomeBeforeTax": 487568000, "incomeBeforeTaxRatio": 0.1907840856, "incomeTaxExpense": 159422000, "netIncome": 326456000, "netIncomeRatio": 0.1277413806, "eps": 3.85, "epsdiluted": 3.79, "weightedAverageShsOut": 84883517, "weightedAverageShsOutDil": 86233612, "link": "https://www.sec.gov/Archives/edgar/data/861878/000086187815000005/0000861878-15-000005-index.htm", "finalLink": "https://www.sec.gov/Archives/edgar/data/861878/000086187815000005/srcl-20141231x10k.htm", "calculatedOtherExpenses": 104210000, "calculatedOperatingExpenses": 538075000, "calculatedNetInterest": -65902000, "calculatedOtherIncome": -2866000, "calculatedIncomeNonControlling": 1690000, "calculatedEbitda": 660952000}, {"date": "2013-12-31", "symbol": "SRCL", "reportedCurrency": "USD", "cik": "0000861878", "fillingDate": "2014-02-28", "acceptedDate": "2014-02-28 16:41:38", "calendarYear": "2013", "period": "FY", "revenue": 2142807000, "costOfRevenue": 1178173000, "grossProfit": 964634000, "grossProfitRatio": 0.4501730674, "researchAndDevelopmentExpenses": 0, "generalAndAdministrativeExpenses": 390610000, "sellingAndMarketingExpenses": -18519000, "sellingGeneralAndAdministrativeExpenses": 372091000, "otherExpenses": -2924000, "operatingExpenses": 410496000, "costAndExpenses": 1588669000, "interestIncome": 294000, "interestExpense": 54949000, "depreciationAndAmortization": 88408000, "ebitda": 639622000, "ebitdaratio": 0.2984972515, "operatingIncome": 535619000, "operatingIncomeRatio": 0.2499613824, "totalOtherIncomeExpensesNet": -21443000, "incomeBeforeTax": 477746000, "incomeBeforeTaxRatio": 0.2229533504, "incomeTaxExpense": 164662000, "netIncome": 311372000, "netIncomeRatio": 0.1453103336, "eps": 3.64, "epsdiluted": 3.56, "weightedAverageShsOut": 85500037, "weightedAverageShsOutDil": 87391988, "link": "https://www.sec.gov/Archives/edgar/data/861878/000086187814000005/0000861878-14-000005-index.htm", "finalLink": "https://www.sec.gov/Archives/edgar/data/861878/000086187814000005/srcl-20131231x10k.htm", "calculatedOtherExpenses": 56924000, "calculatedOperatingExpenses": 429015000, "calculatedNetInterest": -54655000, "calculatedOtherIncome": -3218000, "calculatedIncomeNonControlling": 1712000, "calculatedEbitda": 624027000}, {"date": "2012-12-31", "symbol": "SRCL", "reportedCurrency": "USD", "cik": "0000861878", "fillingDate": "2013-02-28", "acceptedDate": "2013-02-28 15:26:17", "calendarYear": "2012", "period": "FY", "revenue": 1913149000, "costOfRevenue": 1055844000, "grossProfit": 857305000, "grossProfitRatio": 0.4481119871, "researchAndDevelopmentExpenses": 0, "generalAndAdministrativeExpenses": 356817000, "sellingAndMarketingExpenses": -29686000, "sellingGeneralAndAdministrativeExpenses": 327131000, "otherExpenses": -369000, "operatingExpenses": 358783000, "costAndExpenses": 1414627000, "interestIncome": 404000, "interestExpense": 51674000, "depreciationAndAmortization": 76283000, "ebitda": 574840000, "ebitdaratio": 0.3004679719, "operatingIncome": 468836000, "operatingIncomeRatio": 0.2450598464, "totalOtherIncomeExpensesNet": -30055000, "incomeBeforeTax": 417197000, "incomeBeforeTaxRatio": 0.2180682216, "incomeTaxExpense": 147256000, "netIncome": 267996000, "netIncomeRatio": 0.1400810914, "eps": 3.12, "epsdiluted": 3.08, "weightedAverageShsOut": 85987883, "weightedAverageShsOutDil": 87018473, "link": "https://www.sec.gov/Archives/edgar/data/861878/000119312513083838/0001193125-13-083838-index.htm", "finalLink": "https://www.sec.gov/Archives/edgar/data/861878/000119312513083838/d475931d10k.htm", "calculatedOtherExpenses": 61338000, "calculatedOperatingExpenses": 388469000, "calculatedNetInterest": -51270000, "calculatedOtherIncome": -369000, "calculatedIncomeNonControlling": 1945000, "calculatedEbitda": 545119000}, {"date": "2011-12-31", "symbol": "SRCL", "reportedCurrency": "USD", "cik": "0000861878", "fillingDate": "2012-02-28", "acceptedDate": "2012-02-28 16:15:18", "calendarYear": "2011", "period": "FY", "revenue": 1676048000, "costOfRevenue": 915304000, "grossProfit": 760744000, "grossProfitRatio": 0.4538915353, "researchAndDevelopmentExpenses": 0, "generalAndAdministrativeExpenses": 311522000, "sellingAndMarketingExpenses": -19745000, "sellingGeneralAndAdministrativeExpenses": 291777000, "otherExpenses": 66046000, "operatingExpenses": 316688000, "costAndExpenses": 1231992000, "interestIncome": 799000, "interestExpense": 49431000, "depreciationAndAmortization": 66046000, "ebitda": 510901000, "ebitdaratio": 0.3048248022, "operatingIncome": 424311000, "operatingIncomeRatio": 0.253161604, "totalOtherIncomeExpensesNet": -23100000, "incomeBeforeTax": 372324000, "incomeBeforeTaxRatio": 0.2221439959, "incomeTaxExpense": 134981000, "netIncome": 234751000, "netIncomeRatio": 0.1400622178, "eps": 2.77, "epsdiluted": 2.69, "weightedAverageShsOut": 84696227, "weightedAverageShsOutDil": 87367712, "link": "https://www.sec.gov/Archives/edgar/data/861878/000119312512085222/0001193125-12-085222-index.htm", "finalLink": "https://www.sec.gov/Archives/edgar/data/861878/000119312512085222/d275684d10k.htm", "calculatedOtherExpenses": 44656000, "calculatedOperatingExpenses": 336433000, "calculatedNetInterest": -48632000, "calculatedOtherIncome": -3355000, "calculatedIncomeNonControlling": 2592000, "calculatedEbitda": 490357000}, {"date": "2010-12-31", "symbol": "SRCL", "reportedCurrency": "USD", "cik": "0000861878", "fillingDate": "2011-02-28", "acceptedDate": "2011-02-28 16:15:54", "calendarYear": "2010", "period": "FY", "revenue": 1439388000, "costOfRevenue": 771961000, "grossProfit": 667427000, "grossProfitRatio": 0.4636880396, "researchAndDevelopmentExpenses": 0, "generalAndAdministrativeExpenses": 262357000, "sellingAndMarketingExpenses": 6044000, "sellingGeneralAndAdministrativeExpenses": 268401000, "otherExpenses": 13905000, "operatingExpenses": 275365000, "costAndExpenses": 1047326000, "interestIncome": 266000, "interestExpense": 37081000, "depreciationAndAmortization": 53885000, "ebitda": 446213000, "ebitdaratio": 0.3100018897, "operatingIncome": 370683000, "operatingIncomeRatio": 0.2575281995, "totalOtherIncomeExpensesNet": -23394000, "incomeBeforeTax": 331853000, "incomeBeforeTaxRatio": 0.2305514566, "incomeTaxExpense": 121396000, "netIncome": 207879000, "netIncomeRatio": 0.1444217959, "eps": 2.39, "epsdiluted": 2.39, "weightedAverageShsOut": 86962651, "weightedAverageShsOutDil": 86962651, "link": "https://www.sec.gov/Archives/edgar/data/861878/000119312511049934/0001193125-11-049934-index.htm", "finalLink": "https://www.sec.gov/Archives/edgar/data/861878/000119312511049934/d10k.htm", "calculatedOtherExpenses": 28343000, "calculatedOperatingExpenses": 296744000, "calculatedNetInterest": -36815000, "calculatedOtherIncome": -2015000, "calculatedIncomeNonControlling": 2578000, "calculatedEbitda": 424568000}, {"date": "2009-12-31", "symbol": "SRCL", "reportedCurrency": "USD", "cik": "0000861878", "fillingDate": "2010-02-26", "acceptedDate": "2010-02-26 16:46:39", "calendarYear": "2009", "period": "FY", "revenue": 1177736000, "costOfRevenue": 625340000, "grossProfit": 552396000, "grossProfitRatio": 0.4690321091, "researchAndDevelopmentExpenses": 0, "generalAndAdministrativeExpenses": 227873000, "sellingAndMarketingExpenses": -5390000, "sellingGeneralAndAdministrativeExpenses": 222483000, "otherExpenses": 10038000, "operatingExpenses": 227873000, "costAndExpenses": 853213000, "interestIncome": 313000, "interestExpense": 34445000, "depreciationAndAmortization": 39990000, "ebitda": 364826000, "ebitdaratio": 0.3097689126, "operatingIncome": 315189000, "operatingIncomeRatio": 0.2676227949, "totalOtherIncomeExpensesNet": -12703000, "incomeBeforeTax": 277688000, "incomeBeforeTaxRatio": 0.2357811937, "incomeTaxExpense": 101299000, "netIncome": 175691000, "netIncomeRatio": 0.1491768953, "eps": 2.03, "epsdiluted": 2.03, "weightedAverageShsOut": 86744003, "weightedAverageShsOutDil": 86744003, "link": "https://www.sec.gov/Archives/edgar/data/861878/000119312510043039/0001193125-10-043039-index.htm", "finalLink": "https://www.sec.gov/Archives/edgar/data/861878/000119312510043039/d10k.htm", "calculatedOtherExpenses": 14724000, "calculatedOperatingExpenses": 237207000, "calculatedNetInterest": -34132000, "calculatedOtherIncome": -3369000, "calculatedIncomeNonControlling": 698000, "calculatedEbitda": 355179000}, {"date": "2008-12-31", "symbol": "SRCL", "reportedCurrency": "USD", "cik": "0000861878", "fillingDate": "2009-02-27", "acceptedDate": "2009-02-27 14:49:41", "calendarYear": "2008", "period": "FY", "revenue": 1083679000, "costOfRevenue": 598650000, "grossProfit": 485029000, "grossProfitRatio": 0.4475762657, "researchAndDevelopmentExpenses": 0, "generalAndAdministrativeExpenses": 208805000, "sellingAndMarketingExpenses": -9634000, "sellingGeneralAndAdministrativeExpenses": 199171000, "otherExpenses": 7580000, "operatingExpenses": 203682000, "costAndExpenses": 802332000, "interestIncome": 930000, "interestExpense": 33104000, "depreciationAndAmortization": 34148000, "ebitda": 308845000, "ebitdaratio": 0.2849967564, "operatingIncome": 274239000, "operatingIncomeRatio": 0.2530629458, "totalOtherIncomeExpensesNet": -2589000, "incomeBeforeTax": 239004000, "incomeBeforeTaxRatio": 0.2205487049, "incomeTaxExpense": 90296000, "netIncome": 148708000, "netIncomeRatio": 0.1372251377, "eps": 1.74, "epsdiluted": 1.68, "weightedAverageShsOut": 86127097, "weightedAverageShsOutDil": 88347421, "link": "https://www.sec.gov/Archives/edgar/data/861878/000119312509040771/0001193125-09-040771-index.htm", "finalLink": "https://www.sec.gov/Archives/edgar/data/861878/000119312509040771/d10k.htm", "calculatedOtherExpenses": 11619000, "calculatedOperatingExpenses": 210790000, "calculatedNetInterest": -32174000, "calculatedOtherIncome": -3061000, "calculatedIncomeNonControlling": 0, "calculatedEbitda": 308387000}, {"date": "2007-12-31", "symbol": "SRCL", "reportedCurrency": "USD", "cik": "0000861878", "fillingDate": "2008-02-29", "acceptedDate": "2008-02-29 12:30:29", "calendarYear": "2007", "period": "FY", "revenue": 932767000, "costOfRevenue": 514846000, "grossProfit": 417921000, "grossProfitRatio": 0.4480443669, "researchAndDevelopmentExpenses": 0, "generalAndAdministrativeExpenses": 176737000, "sellingAndMarketingExpenses": 0, "sellingGeneralAndAdministrativeExpenses": 176737000, "otherExpenses": 15335000, "operatingExpenses": 192072000, "costAndExpenses": 706918000, "interestIncome": 1590000, "interestExpense": -33965000, "depreciationAndAmortization": 31137000, "ebitda": 274555000, "ebitdaratio": 0.2943446756, "operatingIncome": 224544000, "operatingIncomeRatio": 0.240728928, "totalOtherIncomeExpensesNet": -17569000, "incomeBeforeTax": 191240000, "incomeBeforeTaxRatio": 0.2050244059, "incomeTaxExpense": 72862000, "netIncome": 118378000, "netIncomeRatio": 0.126910579, "eps": 1.35, "epsdiluted": 1.32, "weightedAverageShsOut": 87578650, "weightedAverageShsOutDil": 89933242, "link": "https://www.sec.gov/Archives/edgar/data/861878/000119312508043177/0001193125-08-043177-index.htm", "finalLink": "https://www.sec.gov/Archives/edgar/data/861878/000119312508043177/d10k.htm", "calculatedOtherExpenses": 16640000, "calculatedOperatingExpenses": 193377000, "calculatedNetInterest": 35555000, "calculatedOtherIncome": -68859000, "calculatedIncomeNonControlling": 0, "calculatedEbitda": 255681000}, {"date": "2006-12-31", "symbol": "SRCL", "reportedCurrency": "USD", "cik": "0000861878", "fillingDate": "2007-03-01", "acceptedDate": "2007-03-01 16:17:05", "calendarYear": "2006", "period": "FY", "revenue": 789637000, "costOfRevenue": 439770000, "grossProfit": 349867000, "grossProfitRatio": 0.4430732096, "researchAndDevelopmentExpenses": 0, "generalAndAdministrativeExpenses": 144366000, "sellingAndMarketingExpenses": 0, "sellingGeneralAndAdministrativeExpenses": 144366000, "otherExpenses": 300000, "operatingExpenses": 144666000, "costAndExpenses": 584436000, "interestIncome": 1358000, "interestExpense": 28419000, "depreciationAndAmortization": 27036000, "ebitda": 238103000, "ebitdaratio": 0.3015347558, "operatingIncome": 201762000, "operatingIncomeRatio": 0.255512343, "totalOtherIncomeExpensesNet": -5866000, "incomeBeforeTax": 172574000, "incomeBeforeTaxRatio": 0.2185485229, "incomeTaxExpense": 67304000, "netIncome": 105270000, "netIncomeRatio": 0.1333144217, "eps": 1.19, "epsdiluted": 1.16, "weightedAverageShsOut": 88466990, "weightedAverageShsOutDil": 90529998, "link": "https://www.sec.gov/Archives/edgar/data/861878/000119312507044384/0001193125-07-044384-index.htm", "finalLink": "https://www.sec.gov/Archives/edgar/data/861878/000119312507044384/d10k.htm", "calculatedOtherExpenses": 3739000, "calculatedOperatingExpenses": 148105000, "calculatedNetInterest": -27061000, "calculatedOtherIncome": -2127000, "calculatedIncomeNonControlling": 0, "calculatedEbitda": 228798000}, {"date": "2005-12-31", "symbol": "SRCL", "reportedCurrency": "USD", "cik": "0000861878", "fillingDate": "2006-03-06", "acceptedDate": "2006-03-06 17:12:33", "calendarYear": "2005", "period": "FY", "revenue": 609457000, "costOfRevenue": 341420000, "grossProfit": 268037000, "grossProfitRatio": 0.4397964089, "researchAndDevelopmentExpenses": 0, "generalAndAdministrativeExpenses": 98032000, "sellingAndMarketingExpenses": 0, "sellingGeneralAndAdministrativeExpenses": 98032000, "otherExpenses": 1650000, "operatingExpenses": 99682000, "costAndExpenses": 441102000, "interestIncome": 764000, "interestExpense": 13011000, "depreciationAndAmortization": 21431000, "ebitda": 235564000, "ebitdaratio": 0.3865145531, "operatingIncome": 168355000, "operatingIncomeRatio": 0.2762377001, "totalOtherIncomeExpensesNet": -45778000, "incomeBeforeTax": 111980000, "incomeBeforeTaxRatio": 0.1837373268, "incomeTaxExpense": 44826000, "netIncome": 67154000, "netIncomeRatio": 0.1101866087, "eps": 0.76, "epsdiluted": 0.74, "weightedAverageShsOut": 88569160, "weightedAverageShsOutDil": 90621018, "link": "https://www.sec.gov/Archives/edgar/data/861878/000095013706002608/0000950137-06-002608-index.htm", "finalLink": "https://www.sec.gov/Archives/edgar/data/861878/000095013706002608/c02976e10vk.htm", "calculatedOtherExpenses": 1650000, "calculatedOperatingExpenses": 99682000, "calculatedNetInterest": -12247000, "calculatedOtherIncome": -44128000, "calculatedIncomeNonControlling": 0, "calculatedEbitda": 189786000}, {"date": "2004-12-31", "symbol": "SRCL", "reportedCurrency": "USD", "cik": "0000861878", "fillingDate": "2005-03-11", "acceptedDate": "2005-03-11 16:06:48", "calendarYear": "2004", "period": "FY", "revenue": 516228000, "costOfRevenue": 288022000, "grossProfit": 228206000, "grossProfitRatio": 0.4420643592, "researchAndDevelopmentExpenses": 0, "generalAndAdministrativeExpenses": 80623000, "sellingAndMarketingExpenses": 0, "sellingGeneralAndAdministrativeExpenses": 80623000, "otherExpenses": 1155000, "operatingExpenses": 81778000, "costAndExpenses": 369800000, "interestIncome": 558000, "interestExpense": -11186000, "depreciationAndAmortization": 21803000, "ebitda": 176622000, "ebitdaratio": 0.3421395197, "operatingIncome": 145655000, "operatingIncomeRatio": 0.2821524598, "totalOtherIncomeExpensesNet": -8391000, "incomeBeforeTax": 128564000, "incomeBeforeTaxRatio": 0.2490449956, "incomeTaxExpense": 50386000, "netIncome": 78178000, "netIncomeRatio": 0.1514408362, "eps": 0.89, "epsdiluted": 0.85, "weightedAverageShsOut": 88501826, "weightedAverageShsOutDil": 92391794, "link": "https://www.sec.gov/Archives/edgar/data/861878/000119312505047880/0001193125-05-047880-index.htm", "finalLink": "https://www.sec.gov/Archives/edgar/data/861878/000119312505047880/d10k.htm", "calculatedOtherExpenses": 1928000, "calculatedOperatingExpenses": 82551000, "calculatedNetInterest": 11744000, "calculatedOtherIncome": -28835000, "calculatedIncomeNonControlling": 0, "calculatedEbitda": 167458000}, {"date": "2003-12-31", "symbol": "SRCL", "reportedCurrency": "USD", "cik": "0000861878", "fillingDate": "2004-03-15", "acceptedDate": "2004-03-15 13:52:13", "calendarYear": "2003", "period": "FY", "revenue": 453225000, "costOfRevenue": 256600000, "grossProfit": 196625000, "grossProfitRatio": 0.4338352915, "researchAndDevelopmentExpenses": 0, "generalAndAdministrativeExpenses": 69558000, "sellingAndMarketingExpenses": 0, "sellingGeneralAndAdministrativeExpenses": 69558000, "otherExpenses": 670000, "operatingExpenses": 69558000, "costAndExpenses": 326158000, "interestIncome": 550000, "interestExpense": 12848000, "depreciationAndAmortization": 17255000, "ebitda": 150362000, "ebitdaratio": 0.3317601633, "operatingIncome": 126397000, "operatingIncomeRatio": 0.2788835567, "totalOtherIncomeExpensesNet": -6040000, "incomeBeforeTax": 108729000, "incomeBeforeTaxRatio": 0.2399007116, "incomeTaxExpense": 42948000, "netIncome": 65781000, "netIncomeRatio": 0.1451398312, "eps": 0.8, "epsdiluted": 0.72, "weightedAverageShsOut": 82878040, "weightedAverageShsOutDil": 92195604, "link": "https://www.sec.gov/Archives/edgar/data/861878/000119312504041967/0001193125-04-041967-index.htm", "finalLink": "https://www.sec.gov/Archives/edgar/data/861878/000119312504041967/d10k.htm", "calculatedOtherExpenses": 670000, "calculatedOperatingExpenses": 70228000, "calculatedNetInterest": -12298000, "calculatedOtherIncome": -5370000, "calculatedIncomeNonControlling": 0, "calculatedEbitda": 143652000}, {"date": "2002-12-31", "symbol": "SRCL", "reportedCurrency": "USD", "cik": "0000861878", "fillingDate": "2003-03-24", "acceptedDate": "2003-03-24 17:26:18", "calendarYear": "2002", "period": "FY", "revenue": 401519000, "costOfRevenue": 237010000, "grossProfit": 164509000, "grossProfitRatio": 0.4097166012, "researchAndDevelopmentExpenses": 0, "generalAndAdministrativeExpenses": 60402000, "sellingAndMarketingExpenses": 0, "sellingGeneralAndAdministrativeExpenses": 60402000, "otherExpenses": 2913000, "operatingExpenses": 63315000, "costAndExpenses": 300325000, "interestIncome": 431000, "interestExpense": -21539000, "depreciationAndAmortization": 14981000, "ebitda": 120684000, "ebitdaratio": 0.3005685908, "operatingIncome": 100832000, "operatingIncomeRatio": 0.2511263477, "totalOtherIncomeExpensesNet": -4509000, "incomeBeforeTax": 75577000, "incomeBeforeTaxRatio": 0.1882277053, "incomeTaxExpense": 29853000, "netIncome": 45724000, "netIncomeRatio": 0.11387755, "eps": 0.56, "epsdiluted": 0.51, "weightedAverageShsOut": 74959552, "weightedAverageShsOutDil": 89200000, "link": "https://www.sec.gov/Archives/edgar/data/861878/000095013103001569/0000950131-03-001569-index.htm", "finalLink": "https://www.sec.gov/Archives/edgar/data/861878/000095013103001569/d10k.htm", "calculatedOtherExpenses": 3275000, "calculatedOperatingExpenses": 63677000, "calculatedNetInterest": 21970000, "calculatedOtherIncome": -47225000, "calculatedIncomeNonControlling": 0, "calculatedEbitda": 115813000}, {"date": "2001-12-31", "symbol": "SRCL", "reportedCurrency": "USD", "cik": "0000861878", "fillingDate": "2002-03-25", "acceptedDate": "2002-03-25 00:00:00", "calendarYear": "2001", "period": "FY", "revenue": 359024000, "costOfRevenue": 215959000, "grossProfit": 143065000, "grossProfitRatio": 0.3984831098, "researchAndDevelopmentExpenses": 0, "generalAndAdministrativeExpenses": 66086000, "sellingAndMarketingExpenses": 0, "sellingGeneralAndAdministrativeExpenses": 66086000, "otherExpenses": 3685000, "operatingExpenses": 69771000, "costAndExpenses": 285730000, "interestIncome": 0, "interestExpense": 0, "depreciationAndAmortization": 25234000, "ebitda": 100379000, "ebitdaratio": 0.2795885512, "operatingIncome": 73294000, "operatingIncomeRatio": 0.2041479121, "totalOtherIncomeExpensesNet": -1851000, "incomeBeforeTax": 36748000, "incomeBeforeTaxRatio": 0.1023552743, "incomeTaxExpense": 14729000, "netIncome": 14710000, "netIncomeRatio": 0.0409721913, "eps": 0.19, "epsdiluted": 0.18, "weightedAverageShsOut": 63635580, "weightedAverageShsOutDil": 84401524, "link": "https://www.sec.gov/Archives/edgar/data/861878/000086187802000002/0000861878-02-000002-index.htm", "finalLink": "https://www.sec.gov/Archives/edgar/data/861878/000086187802000002/body10k.htm", "calculatedOtherExpenses": 3685000, "calculatedOperatingExpenses": 69771000, "calculatedNetInterest": 0, "calculatedOtherIncome": -36546000, "calculatedIncomeNonControlling": 7309000, "calculatedEbitda": 98528000}, {"date": "2000-12-31", "symbol": "SRCL", "reportedCurrency": "USD", "cik": "0000861878", "fillingDate": "2001-03-21", "acceptedDate": "2001-03-21 00:00:00", "calendarYear": "2000", "period": "FY", "revenue": 323722000, "costOfRevenue": 172876000, "grossProfit": 150846000, "grossProfitRatio": 0.4659738912, "researchAndDevelopmentExpenses": 0, "generalAndAdministrativeExpenses": 59457000, "sellingAndMarketingExpenses": 0, "sellingGeneralAndAdministrativeExpenses": 59457000, "otherExpenses": 23469000, "operatingExpenses": 82926000, "costAndExpenses": 255802000, "interestIncome": 0, "interestExpense": 39785000, "depreciationAndAmortization": 23469000, "ebitda": 96266000, "ebitdaratio": 0.2973724368, "operatingIncome": 67920000, "operatingIncomeRatio": 0.2098096515, "totalOtherIncomeExpensesNet": -4877000, "incomeBeforeTax": 23816000, "incomeBeforeTaxRatio": 0.0735692971, "incomeTaxExpense": 9305000, "netIncome": 14511000, "netIncomeRatio": 0.0448254984, "eps": 0.2, "epsdiluted": 0.18, "weightedAverageShsOut": 59516412, "weightedAverageShsOutDil": 80371376, "link": "https://www.sec.gov/Archives/edgar/data/861878/000095013701000860/0000950137-01-000860-index.htm", "finalLink": "https://www.sec.gov/Archives/edgar/data/861878/000095013701000860/c60771e10-k.txt", "calculatedOtherExpenses": 23469000, "calculatedOperatingExpenses": 82926000, "calculatedNetInterest": -39785000, "calculatedOtherIncome": -4319000, "calculatedIncomeNonControlling": 0, "calculatedEbitda": 91389000}, {"date": "1999-12-31", "symbol": "SRCL", "reportedCurrency": "USD", "cik": "0000861878", "fillingDate": "2000-03-30", "acceptedDate": "2000-03-30 00:00:00", "calendarYear": "1999", "period": "FY", "revenue": 132800000, "costOfRevenue": 76200000, "grossProfit": 56600000, "grossProfitRatio": 0.4262048193, "researchAndDevelopmentExpenses": 0, "generalAndAdministrativeExpenses": 26500000, "sellingAndMarketingExpenses": 0, "sellingGeneralAndAdministrativeExpenses": 26500000, "otherExpenses": 9900000, "operatingExpenses": 36400000, "costAndExpenses": 112600000, "interestIncome": 0, "interestExpense": 0, "depreciationAndAmortization": 9900000, "ebitda": 37500000, "ebitdaratio": 0.2823795181, "operatingIncome": 20200000, "operatingIncomeRatio": 0.1521084337, "totalOtherIncomeExpensesNet": -7400000, "incomeBeforeTax": 7800000, "incomeBeforeTaxRatio": 0.0587349398, "incomeTaxExpense": -6200000, "netIncome": 14000000, "netIncomeRatio": 0.1054216867, "eps": 0.24, "epsdiluted": 0.23, "weightedAverageShsOut": 56960336, "weightedAverageShsOutDil": 60967112, "link": "https://www.sec.gov/Archives/edgar/data/861878/000095013700001477/0000950137-00-001477-index.html", "finalLink": "https://www.sec.gov/Archives/edgar/data/861878/000095013700001477/", "calculatedOtherExpenses": 9900000, "calculatedOperatingExpenses": 36400000, "calculatedNetInterest": 0, "calculatedOtherIncome": -12400000, "calculatedIncomeNonControlling": 0, "calculatedEbitda": 30100000}, {"date": "1998-12-31", "symbol": "SRCL", "reportedCurrency": "USD", "cik": "0000861878", "fillingDate": "1999-03-31", "acceptedDate": "1999-03-31 00:00:00", "calendarYear": "1998", "period": "FY", "revenue": 66700000, "costOfRevenue": 41200000, "grossProfit": 25500000, "grossProfitRatio": 0.3823088456, "researchAndDevelopmentExpenses": 0, "generalAndAdministrativeExpenses": 14900000, "sellingAndMarketingExpenses": 0, "sellingGeneralAndAdministrativeExpenses": 14900000, "otherExpenses": 4100000, "operatingExpenses": 19000000, "costAndExpenses": 60200000, "interestIncome": 0, "interestExpense": 0, "depreciationAndAmortization": 4100000, "ebitda": 9900000, "ebitdaratio": 0.1484257871, "operatingIncome": 6500000, "operatingIncomeRatio": 0.0974512744, "totalOtherIncomeExpensesNet": 700000, "incomeBeforeTax": 6300000, "incomeBeforeTaxRatio": 0.0944527736, "incomeTaxExpense": 600000, "netIncome": 5700000, "netIncomeRatio": 0.0854572714, "eps": 0.14, "epsdiluted": 0.13, "weightedAverageShsOut": 42588332, "weightedAverageShsOutDil": 45054112, "link": "https://www.sec.gov/Archives/edgar/data/861878/000095013799000779/0000950137-99-000779-index.html", "finalLink": "https://www.sec.gov/Archives/edgar/data/861878/", "calculatedOtherExpenses": 4100000, "calculatedOperatingExpenses": 19000000, "calculatedNetInterest": 0, "calculatedOtherIncome": -200000, "calculatedIncomeNonControlling": 0, "calculatedEbitda": 10600000}, {"date": "1997-12-31", "symbol": "SRCL", "reportedCurrency": "USD", "cik": "0000861878", "fillingDate": "1998-03-30", "acceptedDate": "1998-03-30 00:00:00", "calendarYear": "1997", "period": "FY", "revenue": 46200000, "costOfRevenue": 31000000, "grossProfit": 15200000, "grossProfitRatio": 0.329004329, "researchAndDevelopmentExpenses": 0, "generalAndAdministrativeExpenses": 10700000, "sellingAndMarketingExpenses": 0, "sellingGeneralAndAdministrativeExpenses": 10700000, "otherExpenses": 3100000, "operatingExpenses": 13800000, "costAndExpenses": 44800000, "interestIncome": 0, "interestExpense": 0, "depreciationAndAmortization": 3100000, "ebitda": 3900000, "ebitdaratio": 0.0844155844, "operatingIncome": 1400000, "operatingIncomeRatio": 0.0303030303, "totalOtherIncomeExpensesNet": 600000, "incomeBeforeTax": 1500000, "incomeBeforeTaxRatio": 0.0324675325, "incomeTaxExpense": 100000, "netIncome": 1400000, "netIncomeRatio": 0.0303030303, "eps": 0.035, "epsdiluted": 0.0325, "weightedAverageShsOut": 40000000, "weightedAverageShsOutDil": 43076923, "link": "https://www.sec.gov/Archives/edgar/data/861878/000104746998012393/0001047469-98-012393-index.html", "finalLink": "https://www.sec.gov/Archives/edgar/data/861878/", "calculatedOtherExpenses": 3100000, "calculatedOperatingExpenses": 13800000, "calculatedNetInterest": 0, "calculatedOtherIncome": 100000, "calculatedIncomeNonControlling": 0, "calculatedEbitda": 4500000}, {"date": "1996-12-31", "symbol": "SRCL", "reportedCurrency": "USD", "cik": "0000861878", "fillingDate": "1997-03-31", "acceptedDate": "1997-03-31 00:00:00", "calendarYear": "1996", "period": "FY", "revenue": 24500000, "costOfRevenue": 17300000, "grossProfit": 7200000, "grossProfitRatio": 0.293877551, "researchAndDevelopmentExpenses": 0, "generalAndAdministrativeExpenses": 7600000, "sellingAndMarketingExpenses": 0, "sellingGeneralAndAdministrativeExpenses": 7600000, "otherExpenses": 2100000, "operatingExpenses": 9700000, "costAndExpenses": 27000000, "interestIncome": 0, "interestExpense": 0, "depreciationAndAmortization": 2100000, "ebitda": -800000, "ebitdaratio": -0.0326530612, "operatingIncome": -2500000, "operatingIncomeRatio": -0.1020408163, "totalOtherIncomeExpensesNet": 400000, "incomeBeforeTax": -2100000, "incomeBeforeTaxRatio": -0.0857142857, "incomeTaxExpense": -100000, "netIncome": -2400000, "netIncomeRatio": -0.0979591837, "eps": -0.08, "epsdiluted": -0.08, "weightedAverageShsOut": 30000000, "weightedAverageShsOutDil": 30000000, "link": "https://www.sec.gov/Archives/edgar/data/861878/000091205797011141/0000912057-97-011141-index.html", "finalLink": "https://www.sec.gov/Archives/edgar/data/861878/", "calculatedOtherExpenses": 2100000, "calculatedOperatingExpenses": 9700000, "calculatedNetInterest": 0, "calculatedOtherIncome": 400000, "calculatedIncomeNonControlling": 400000, "calculatedEbitda": -400000}, {"date": "1995-12-31", "symbol": "SRCL", "reportedCurrency": "USD", "cik": "0000861878", "fillingDate": "1995-12-31", "acceptedDate": "1995-12-30 19:00:00", "calendarYear": "1995", "period": "FY", "revenue": 21300000, "costOfRevenue": 15600000, "grossProfit": 5700000, "grossProfitRatio": 0.2676056338, "researchAndDevelopmentExpenses": 0, "generalAndAdministrativeExpenses": 0, "sellingAndMarketingExpenses": 0, "sellingGeneralAndAdministrativeExpenses": 8100000, "otherExpenses": 1900000, "operatingExpenses": 10000000, "costAndExpenses": 25600000, "interestIncome": 0, "interestExpense": 0, "depreciationAndAmortization": 1900000, "ebitda": -2400000, "ebitdaratio": -0.1126760563, "operatingIncome": -4300000, "operatingIncomeRatio": -0.2018779343, "totalOtherIncomeExpensesNet": 0, "incomeBeforeTax": 0, "incomeBeforeTaxRatio": 0, "incomeTaxExpense": 200000, "netIncome": -4500000, "netIncomeRatio": -0.2112676056, "eps": -0.2, "epsdiluted": -0.2, "weightedAverageShsOut": 22222222, "weightedAverageShsOutDil": 22222222, "link": "", "finalLink": "", "calculatedOtherExpenses": 1900000, "calculatedOperatingExpenses": 10000000, "calculatedNetInterest": 0, "calculatedOtherIncome": 4300000, "calculatedIncomeNonControlling": 4300000, "calculatedEbitda": -2400000}]}