{"originalCurrency": "USD", "convertedCurrency": "USD", "report": [{"date": "2023-12-31", "symbol": "SREA", "reportedCurrency": "USD", "cik": "0001032208", "fillingDate": "2024-02-27", "acceptedDate": "2024-02-27 15:59:16", "calendarYear": "2023", "period": "FY", "revenue": 15802000000, "costOfRevenue": 12055000000, "grossProfit": 3747000000, "grossProfitRatio": 0.2371218833, "researchAndDevelopmentExpenses": 0, "generalAndAdministrativeExpenses": 0, "sellingAndMarketingExpenses": 0, "sellingGeneralAndAdministrativeExpenses": 677000000, "otherExpenses": -122000000, "operatingExpenses": 677000000, "costAndExpenses": 12732000000, "interestIncome": 89000000, "interestExpense": 1710000000, "depreciationAndAmortization": 2227000000, "ebitda": 5297000000, "ebitdaratio": 0.3352107328, "operatingIncome": 3070000000, "operatingIncomeRatio": 0.1942792052, "totalOtherIncomeExpensesNet": -443000000, "incomeBeforeTax": 2627000000, "incomeBeforeTaxRatio": 0.1662447791, "incomeTaxExpense": 490000000, "netIncome": 3075000000, "netIncomeRatio": 0.1945956208, "eps": 4.81, "epsdiluted": 4.79, "weightedAverageShsOut": 630296000, "weightedAverageShsOutDil": 632733000, "link": "https://www.sec.gov/Archives/edgar/data/1032208/000103220824000007/0001032208-24-000007-index.htm", "finalLink": "https://www.sec.gov/Archives/edgar/data/86521/000103220824000007/sre-20231231.htm", "calculatedOtherExpenses": 0, "calculatedOperatingExpenses": 677000000, "calculatedNetInterest": -1621000000, "calculatedOtherIncome": 1178000000, "calculatedIncomeNonControlling": -938000000, "calculatedEbitda": 5297000000}, {"date": "2022-12-31", "symbol": "SREA", "reportedCurrency": "USD", "cik": "0001032208", "fillingDate": "2023-02-28", "acceptedDate": "2023-02-28 14:43:20", "calendarYear": "2022", "period": "FY", "revenue": 14439000000, "costOfRevenue": 9228000000, "grossProfit": 5211000000, "grossProfitRatio": 0.3608975691, "researchAndDevelopmentExpenses": 0, "generalAndAdministrativeExpenses": 0, "sellingAndMarketingExpenses": 0, "sellingGeneralAndAdministrativeExpenses": 635000000, "otherExpenses": 2654000000, "operatingExpenses": 2654000000, "costAndExpenses": 11882000000, "interestIncome": 75000000, "interestExpense": 1054000000, "depreciationAndAmortization": 2019000000, "ebitda": 4675000000, "ebitdaratio": 0.3237758848, "operatingIncome": 2656000000, "operatingIncomeRatio": 0.1839462567, "totalOtherIncomeExpensesNet": -1313000000, "incomeBeforeTax": 1343000000, "incomeBeforeTaxRatio": 0.0930119814, "incomeTaxExpense": 556000000, "netIncome": 787000000, "netIncomeRatio": 0.0545051596, "eps": 1.25, "epsdiluted": 1.24, "weightedAverageShsOut": 630318000, "weightedAverageShsOutDil": 632756000, "link": "https://www.sec.gov/Archives/edgar/data/1032208/000103220823000008/0001032208-23-000008-index.htm", "finalLink": "https://www.sec.gov/Archives/edgar/data/86521/000103220823000008/sre-20221231.htm", "calculatedOtherExpenses": 1920000000, "calculatedOperatingExpenses": 2555000000, "calculatedNetInterest": -979000000, "calculatedOtherIncome": -334000000, "calculatedIncomeNonControlling": 0, "calculatedEbitda": 4675000000}, {"date": "2021-12-31", "symbol": "SREA", "reportedCurrency": "USD", "cik": "0001032208", "fillingDate": "2022-02-25", "acceptedDate": "2022-02-25 15:44:18", "calendarYear": "2021", "period": "FY", "revenue": 12857000000, "costOfRevenue": 7556000000, "grossProfit": 5301000000, "grossProfitRatio": 0.4123045812, "researchAndDevelopmentExpenses": 0, "generalAndAdministrativeExpenses": 0, "sellingAndMarketingExpenses": 0, "sellingGeneralAndAdministrativeExpenses": 596000000, "otherExpenses": 2451000000, "operatingExpenses": 2451000000, "costAndExpenses": 10007000000, "interestIncome": 69000000, "interestExpense": 1198000000, "depreciationAndAmortization": 1855000000, "ebitda": 4832000000, "ebitdaratio": 0.3758263981, "operatingIncome": 2977000000, "operatingIncomeRatio": 0.2315470172, "totalOtherIncomeExpensesNet": -2758000000, "incomeBeforeTax": 219000000, "incomeBeforeTaxRatio": 0.0170335226, "incomeTaxExpense": 99000000, "netIncome": 120000000, "netIncomeRatio": 0.009333437, "eps": 0.19, "epsdiluted": 0.19, "weightedAverageShsOut": 623510000, "weightedAverageShsOutDil": 626072000, "link": "https://www.sec.gov/Archives/edgar/data/1032208/000103220822000007/0001032208-22-000007-index.htm", "finalLink": "https://www.sec.gov/Archives/edgar/data/86521/000103220822000007/sre-20211231.htm", "calculatedOtherExpenses": 1728000000, "calculatedOperatingExpenses": 2324000000, "calculatedNetInterest": -1129000000, "calculatedOtherIncome": -1629000000, "calculatedIncomeNonControlling": 0, "calculatedEbitda": 4832000000}, {"date": "2020-12-31", "symbol": "SREA", "reportedCurrency": "USD", "cik": "0001032208", "fillingDate": "2021-02-25", "acceptedDate": "2021-02-25 17:00:40", "calendarYear": "2020", "period": "FY", "revenue": 11370000000, "costOfRevenue": 6328000000, "grossProfit": 5042000000, "grossProfitRatio": 0.4434476693, "researchAndDevelopmentExpenses": 0, "generalAndAdministrativeExpenses": 0, "sellingAndMarketingExpenses": 0, "sellingGeneralAndAdministrativeExpenses": 543000000, "otherExpenses": 2209000000, "operatingExpenses": 2209000000, "costAndExpenses": 8537000000, "interestIncome": 96000000, "interestExpense": 1081000000, "depreciationAndAmortization": 1666000000, "ebitda": 4547000000, "ebitdaratio": 0.3999120493, "operatingIncome": 2881000000, "operatingIncomeRatio": 0.2533861038, "totalOtherIncomeExpensesNet": -1392000000, "incomeBeforeTax": 1489000000, "incomeBeforeTaxRatio": 0.1309586631, "incomeTaxExpense": 249000000, "netIncome": 1240000000, "netIncomeRatio": 0.109058927, "eps": 2.13, "epsdiluted": 2.12, "weightedAverageShsOut": 582154000, "weightedAverageShsOutDil": 584504000, "link": "https://www.sec.gov/Archives/edgar/data/1032208/000103220821000007/0001032208-21-000007-index.htm", "finalLink": "https://www.sec.gov/Archives/edgar/data/86521/000103220821000007/sre-20201231.htm", "calculatedOtherExpenses": 1618000000, "calculatedOperatingExpenses": 2161000000, "calculatedNetInterest": -985000000, "calculatedOtherIncome": -407000000, "calculatedIncomeNonControlling": 0, "calculatedEbitda": 4547000000}, {"date": "2019-12-31", "symbol": "SREA", "reportedCurrency": "USD", "cik": "0001032208", "fillingDate": "2020-02-27", "acceptedDate": "2020-02-27 15:32:05", "calendarYear": "2019", "period": "FY", "revenue": 10829000000, "costOfRevenue": 6137000000, "grossProfit": 4692000000, "grossProfitRatio": 0.4332810047, "researchAndDevelopmentExpenses": 0, "generalAndAdministrativeExpenses": 0, "sellingAndMarketingExpenses": 0, "sellingGeneralAndAdministrativeExpenses": 496000000, "otherExpenses": 2065000000, "operatingExpenses": 2065000000, "costAndExpenses": 8202000000, "interestIncome": 87000000, "interestExpense": 1077000000, "depreciationAndAmortization": 1569000000, "ebitda": 4360000000, "ebitdaratio": 0.4026225875, "operatingIncome": 2791000000, "operatingIncomeRatio": 0.2577338628, "totalOtherIncomeExpensesNet": -1057000000, "incomeBeforeTax": 1734000000, "incomeBeforeTaxRatio": 0.1601255887, "incomeTaxExpense": 315000000, "netIncome": 1419000000, "netIncomeRatio": 0.1310370302, "eps": 2.55, "epsdiluted": 2.52, "weightedAverageShsOut": 555808000, "weightedAverageShsOutDil": 564066000, "link": "https://www.sec.gov/Archives/edgar/data/1032208/000103220820000006/0001032208-20-000006-index.htm", "finalLink": "https://www.sec.gov/Archives/edgar/data/86521/000103220820000006/sre20191231form10k.htm", "calculatedOtherExpenses": 1405000000, "calculatedOperatingExpenses": 1901000000, "calculatedNetInterest": -990000000, "calculatedOtherIncome": -67000000, "calculatedIncomeNonControlling": 0, "calculatedEbitda": 4360000000}, {"date": "2018-12-31", "symbol": "SREA", "reportedCurrency": "USD", "cik": "0001032208", "fillingDate": "2019-02-26", "acceptedDate": "2019-02-26 16:50:28", "calendarYear": "2018", "period": "FY", "revenue": 11687000000, "costOfRevenue": 7273000000, "grossProfit": 4414000000, "grossProfitRatio": 0.3776846068, "researchAndDevelopmentExpenses": 0, "generalAndAdministrativeExpenses": 0, "sellingAndMarketingExpenses": 0, "sellingGeneralAndAdministrativeExpenses": 472000000, "otherExpenses": 72000000, "operatingExpenses": 2021000000, "costAndExpenses": 9294000000, "interestIncome": 104000000, "interestExpense": 925000000, "depreciationAndAmortization": 1549000000, "ebitda": 4118000000, "ebitdaratio": 0.3523573201, "operatingIncome": 2393000000, "operatingIncomeRatio": 0.2047574228, "totalOtherIncomeExpensesNet": -526000000, "incomeBeforeTax": 1046000000, "incomeBeforeTaxRatio": 0.0895011551, "incomeTaxExpense": 96000000, "netIncome": 1050000000, "netIncomeRatio": 0.0898434158, "eps": 1.96, "epsdiluted": 1.95, "weightedAverageShsOut": 536144000, "weightedAverageShsOutDil": 539704000, "link": "https://www.sec.gov/Archives/edgar/data/1032208/000008652119000014/0000086521-19-000014-index.htm", "finalLink": "https://www.sec.gov/Archives/edgar/data/86521/000008652119000014/sre20181231form10k.htm", "calculatedOtherExpenses": 1549000000, "calculatedOperatingExpenses": 2021000000, "calculatedNetInterest": -821000000, "calculatedOtherIncome": -526000000, "calculatedIncomeNonControlling": -100000000, "calculatedEbitda": 3942000000}, {"date": "2017-12-31", "symbol": "SREA", "reportedCurrency": "USD", "cik": "0001032208", "fillingDate": "2018-02-27", "acceptedDate": "2018-02-27 15:55:44", "calendarYear": "2017", "period": "FY", "revenue": 11207000000, "costOfRevenue": 6951000000, "grossProfit": 4256000000, "grossProfitRatio": 0.3797626483, "researchAndDevelopmentExpenses": 0, "generalAndAdministrativeExpenses": 0, "sellingAndMarketingExpenses": 0, "sellingGeneralAndAdministrativeExpenses": 436000000, "otherExpenses": 12000000, "operatingExpenses": 1926000000, "costAndExpenses": 8877000000, "interestIncome": 49000000, "interestExpense": 659000000, "depreciationAndAmortization": 1490000000, "ebitda": 3915000000, "ebitdaratio": 0.3493352369, "operatingIncome": 2330000000, "operatingIncomeRatio": 0.2079057732, "totalOtherIncomeExpensesNet": -135000000, "incomeBeforeTax": 1585000000, "incomeBeforeTaxRatio": 0.1414294637, "incomeTaxExpense": 1276000000, "netIncome": 257000000, "netIncomeRatio": 0.022932096, "eps": 0.57, "epsdiluted": 0.57, "weightedAverageShsOut": 504600000, "weightedAverageShsOutDil": 506678624, "link": "https://www.sec.gov/Archives/edgar/data/1032208/000008652118000019/0000086521-18-000019-index.htm", "finalLink": "https://www.sec.gov/Archives/edgar/data/86521/000008652118000019/sreform10k.htm", "calculatedOtherExpenses": 1490000000, "calculatedOperatingExpenses": 1926000000, "calculatedNetInterest": -610000000, "calculatedOtherIncome": -135000000, "calculatedIncomeNonControlling": 52000000, "calculatedEbitda": 3820000000}, {"date": "2016-12-31", "symbol": "SREA", "reportedCurrency": "USD", "cik": "0001032208", "fillingDate": "2017-02-28", "acceptedDate": "2017-02-28 15:12:24", "calendarYear": "2016", "period": "FY", "revenue": 10183000000, "costOfRevenue": 6824000000, "grossProfit": 3359000000, "grossProfitRatio": 0.329863498, "researchAndDevelopmentExpenses": 0, "generalAndAdministrativeExpenses": 0, "sellingAndMarketingExpenses": 0, "sellingGeneralAndAdministrativeExpenses": 426000000, "otherExpenses": 132000000, "operatingExpenses": 1738000000, "costAndExpenses": 8562000000, "interestIncome": 26000000, "interestExpense": 553000000, "depreciationAndAmortization": 1312000000, "ebitda": 3714000000, "ebitdaratio": 0.3647255229, "operatingIncome": 1621000000, "operatingIncomeRatio": 0.1591868801, "totalOtherIncomeExpensesNet": 736000000, "incomeBeforeTax": 1830000000, "incomeBeforeTaxRatio": 0.1797112835, "incomeTaxExpense": 389000000, "netIncome": 1371000000, "netIncomeRatio": 0.1346361583, "eps": 2.74, "epsdiluted": 2.73, "weightedAverageShsOut": 501831501, "weightedAverageShsOutDil": 502310000, "link": "https://www.sec.gov/Archives/edgar/data/1032208/000008652117000017/0000086521-17-000017-index.htm", "finalLink": "https://www.sec.gov/Archives/edgar/data/86521/000008652117000017/sre20161231form10k.htm", "calculatedOtherExpenses": 1312000000, "calculatedOperatingExpenses": 1738000000, "calculatedNetInterest": -527000000, "calculatedOtherIncome": 736000000, "calculatedIncomeNonControlling": 70000000, "calculatedEbitda": 2933000000}, {"date": "2015-12-31", "symbol": "SREA", "reportedCurrency": "USD", "cik": "0001032208", "fillingDate": "2016-02-26", "acceptedDate": "2016-02-26 13:38:18", "calendarYear": "2015", "period": "FY", "revenue": 10231000000, "costOfRevenue": 6648000000, "grossProfit": 3583000000, "grossProfitRatio": 0.3502101456, "researchAndDevelopmentExpenses": 0, "generalAndAdministrativeExpenses": 0, "sellingAndMarketingExpenses": 0, "sellingGeneralAndAdministrativeExpenses": 423000000, "otherExpenses": 126000000, "operatingExpenses": 1673000000, "costAndExpenses": 8321000000, "interestIncome": 29000000, "interestExpense": 561000000, "depreciationAndAmortization": 1250000000, "ebitda": 3419000000, "ebitdaratio": 0.334180432, "operatingIncome": 1910000000, "operatingIncomeRatio": 0.1866875183, "totalOtherIncomeExpensesNet": 326000000, "incomeBeforeTax": 1704000000, "incomeBeforeTaxRatio": 0.1665526342, "incomeTaxExpense": 341000000, "netIncome": 1350000000, "netIncomeRatio": 0.1319519109, "eps": 2.72, "epsdiluted": 2.69, "weightedAverageShsOut": 501846000, "weightedAverageShsOutDil": 502420856, "link": "https://www.sec.gov/Archives/edgar/data/1032208/000008652116000091/0000086521-16-000091-index.htm", "finalLink": "https://www.sec.gov/Archives/edgar/data/86521/000008652116000091/sre10k_12312015.htm", "calculatedOtherExpenses": 1250000000, "calculatedOperatingExpenses": 1673000000, "calculatedNetInterest": -532000000, "calculatedOtherIncome": 326000000, "calculatedIncomeNonControlling": 13000000, "calculatedEbitda": 3160000000}, {"date": "2014-12-31", "symbol": "SREA", "reportedCurrency": "USD", "cik": "0001032208", "fillingDate": "2015-02-26", "acceptedDate": "2015-02-26 16:15:40", "calendarYear": "2014", "period": "FY", "revenue": 11035000000, "costOfRevenue": 7689000000, "grossProfit": 3346000000, "grossProfitRatio": 0.3032170367, "researchAndDevelopmentExpenses": 0, "generalAndAdministrativeExpenses": 0, "sellingAndMarketingExpenses": 0, "sellingGeneralAndAdministrativeExpenses": 78000000, "otherExpenses": 137000000, "operatingExpenses": 1564000000, "costAndExpenses": 9253000000, "interestIncome": 22000000, "interestExpense": 554000000, "depreciationAndAmortization": 1156000000, "ebitda": 3178000000, "ebitdaratio": 0.2879927503, "operatingIncome": 1782000000, "operatingIncomeRatio": 0.1614861803, "totalOtherIncomeExpensesNet": 274000000, "incomeBeforeTax": 1524000000, "incomeBeforeTaxRatio": 0.1381060263, "incomeTaxExpense": 300000000, "netIncome": 1162000000, "netIncomeRatio": 0.105301314, "eps": 2.36, "epsdiluted": 2.32, "weightedAverageShsOut": 501310000, "weightedAverageShsOutDil": 501511879, "link": "https://www.sec.gov/Archives/edgar/data/1032208/000008652115000011/0000086521-15-000011-index.htm", "finalLink": "https://www.sec.gov/Archives/edgar/data/86521/000008652115000011/sre10k02262015.htm", "calculatedOtherExpenses": 1486000000, "calculatedOperatingExpenses": 1564000000, "calculatedNetInterest": -532000000, "calculatedOtherIncome": 274000000, "calculatedIncomeNonControlling": 62000000, "calculatedEbitda": 2938000000}, {"date": "2013-12-31", "symbol": "SREA", "reportedCurrency": "USD", "cik": "0001032208", "fillingDate": "2014-02-27", "acceptedDate": "2014-02-27 16:21:04", "calendarYear": "2013", "period": "FY", "revenue": 10557000000, "costOfRevenue": 7186000000, "grossProfit": 3371000000, "grossProfitRatio": 0.3193141991, "researchAndDevelopmentExpenses": 0, "generalAndAdministrativeExpenses": 0, "sellingAndMarketingExpenses": 0, "sellingGeneralAndAdministrativeExpenses": 81000000, "otherExpenses": 4000000, "operatingExpenses": 1487000000, "costAndExpenses": 8673000000, "interestIncome": 25000000, "interestExpense": 559000000, "depreciationAndAmortization": 1113000000, "ebitda": 3057000000, "ebitdaratio": 0.2895709008, "operatingIncome": 1884000000, "operatingIncomeRatio": 0.1784597897, "totalOtherIncomeExpensesNet": 80000000, "incomeBeforeTax": 1430000000, "incomeBeforeTaxRatio": 0.1354551482, "incomeTaxExpense": 366000000, "netIncome": 1009000000, "netIncomeRatio": 0.0955763948, "eps": 2.05, "epsdiluted": 2.01, "weightedAverageShsOut": 498664000, "weightedAverageShsOutDil": 499251870, "link": "https://www.sec.gov/Archives/edgar/data/1032208/000008652114000011/0000086521-14-000011-index.htm", "finalLink": "https://www.sec.gov/Archives/edgar/data/86521/000008652114000011/sre10k02272014.htm", "calculatedOtherExpenses": 1406000000, "calculatedOperatingExpenses": 1487000000, "calculatedNetInterest": -534000000, "calculatedOtherIncome": 80000000, "calculatedIncomeNonControlling": 55000000, "calculatedEbitda": 2997000000}, {"date": "2012-12-31", "symbol": "SREA", "reportedCurrency": "USD", "cik": "0001032208", "fillingDate": "2013-02-26", "acceptedDate": "2013-02-26 17:20:02", "calendarYear": "2012", "period": "FY", "revenue": 9647000000, "costOfRevenue": 6613000000, "grossProfit": 3034000000, "grossProfitRatio": 0.3145019177, "researchAndDevelopmentExpenses": 0, "generalAndAdministrativeExpenses": 0, "sellingAndMarketingExpenses": 0, "sellingGeneralAndAdministrativeExpenses": 74000000, "otherExpenses": 24000000, "operatingExpenses": 1449000000, "costAndExpenses": 8062000000, "interestIncome": 25000000, "interestExpense": 493000000, "depreciationAndAmortization": 1090000000, "ebitda": 2405000000, "ebitdaratio": 0.2493003006, "operatingIncome": 1585000000, "operatingIncomeRatio": 0.1642997823, "totalOtherIncomeExpensesNet": -174000000, "incomeBeforeTax": 943000000, "incomeBeforeTaxRatio": 0.097750596, "incomeTaxExpense": 59000000, "netIncome": 865000000, "netIncomeRatio": 0.0896651809, "eps": 1.78, "epsdiluted": 1.74, "weightedAverageShsOut": 493386000, "weightedAverageShsOutDil": 493678160, "link": "https://www.sec.gov/Archives/edgar/data/1032208/000008652113000014/0000086521-13-000014-index.htm", "finalLink": "https://www.sec.gov/Archives/edgar/data/86521/000008652113000014/sre10k2012.htm", "calculatedOtherExpenses": 1375000000, "calculatedOperatingExpenses": 1449000000, "calculatedNetInterest": -468000000, "calculatedOtherIncome": -174000000, "calculatedIncomeNonControlling": 19000000, "calculatedEbitda": 2675000000}, {"date": "2011-12-31", "symbol": "SREA", "reportedCurrency": "USD", "cik": "0001032208", "fillingDate": "2012-02-28", "acceptedDate": "2012-02-28 17:06:33", "calendarYear": "2011", "period": "FY", "revenue": 10036000000, "costOfRevenue": 4146000000, "grossProfit": 5890000000, "grossProfitRatio": 0.5868872061, "researchAndDevelopmentExpenses": 0, "generalAndAdministrativeExpenses": 0, "sellingAndMarketingExpenses": 0, "sellingGeneralAndAdministrativeExpenses": 0, "otherExpenses": 4109000000, "operatingExpenses": 4109000000, "costAndExpenses": 8255000000, "interestIncome": 26000000, "interestExpense": 465000000, "depreciationAndAmortization": 978000000, "ebitda": 3071000000, "ebitdaratio": 0.3059984057, "operatingIncome": 1781000000, "operatingIncomeRatio": 0.1774611399, "totalOtherIncomeExpensesNet": 379000000, "incomeBeforeTax": 1721000000, "incomeBeforeTaxRatio": 0.1714826624, "incomeTaxExpense": 366000000, "netIncome": 1357000000, "netIncomeRatio": 0.1352132324, "eps": 5.55, "epsdiluted": 5.51, "weightedAverageShsOut": 239720000, "weightedAverageShsOutDil": 241523000, "link": "https://www.sec.gov/Archives/edgar/data/1032208/000008652112000010/0000086521-12-000010-index.htm", "finalLink": "https://www.sec.gov/Archives/edgar/data/86521/000008652112000010/sre10k2011.htm", "calculatedOtherExpenses": 4109000000, "calculatedOperatingExpenses": 4109000000, "calculatedNetInterest": -439000000, "calculatedOtherIncome": 379000000, "calculatedIncomeNonControlling": -2000000, "calculatedEbitda": 2759000000}, {"date": "2010-12-31", "symbol": "SREA", "reportedCurrency": "USD", "cik": "0001032208", "fillingDate": "2011-02-24", "acceptedDate": "2011-02-24 16:04:40", "calendarYear": "2010", "period": "FY", "revenue": 9003000000, "costOfRevenue": 3783000000, "grossProfit": 5220000000, "grossProfitRatio": 0.5798067311, "researchAndDevelopmentExpenses": 0, "generalAndAdministrativeExpenses": 0, "sellingAndMarketingExpenses": 0, "sellingGeneralAndAdministrativeExpenses": 0, "otherExpenses": 3693000000, "operatingExpenses": 3693000000, "costAndExpenses": 7476000000, "interestIncome": 16000000, "interestExpense": 436000000, "depreciationAndAmortization": 867000000, "ebitda": 2118000000, "ebitdaratio": 0.235254915, "operatingIncome": 1527000000, "operatingIncomeRatio": 0.16961013, "totalOtherIncomeExpensesNet": -321000000, "incomeBeforeTax": 786000000, "incomeBeforeTaxRatio": 0.0873042319, "incomeTaxExpense": 102000000, "netIncome": 739000000, "netIncomeRatio": 0.0820837499, "eps": 2.9, "epsdiluted": 2.86, "weightedAverageShsOut": 244736000, "weightedAverageShsOutDil": 247942000, "link": "https://www.sec.gov/Archives/edgar/data/1032208/000008652111000017/0000086521-11-000017-index.htm", "finalLink": "https://www.sec.gov/Archives/edgar/data/75527/000008652111000017/sre2010_10k2.htm", "calculatedOtherExpenses": 3693000000, "calculatedOperatingExpenses": 3693000000, "calculatedNetInterest": -420000000, "calculatedOtherIncome": -321000000, "calculatedIncomeNonControlling": -55000000, "calculatedEbitda": 2394000000}, {"date": "2009-12-31", "symbol": "SREA", "reportedCurrency": "USD", "cik": "0001032208", "fillingDate": "2010-02-26", "acceptedDate": "2010-02-25 18:30:20", "calendarYear": "2009", "period": "FY", "revenue": 8106000000, "costOfRevenue": 3258000000, "grossProfit": 4848000000, "grossProfitRatio": 0.5980754996, "researchAndDevelopmentExpenses": 0, "generalAndAdministrativeExpenses": 0, "sellingAndMarketingExpenses": 0, "sellingGeneralAndAdministrativeExpenses": 0, "otherExpenses": 3545000000, "operatingExpenses": 3545000000, "costAndExpenses": 6803000000, "interestIncome": 21000000, "interestExpense": 367000000, "depreciationAndAmortization": 775000000, "ebitda": 2598000000, "ebitdaratio": 0.3205033309, "operatingIncome": 1303000000, "operatingIncomeRatio": 0.1607451271, "totalOtherIncomeExpensesNet": 20000000, "incomeBeforeTax": 1476000000, "incomeBeforeTaxRatio": 0.1820873427, "incomeTaxExpense": 422000000, "netIncome": 1129000000, "netIncomeRatio": 0.139279546, "eps": 4.6, "epsdiluted": 4.52, "weightedAverageShsOut": 243339000, "weightedAverageShsOutDil": 247384000, "link": "https://www.sec.gov/Archives/edgar/data/1032208/000008652110000019/0000086521-10-000019-index.htm", "finalLink": "https://www.sec.gov/Archives/edgar/data/75527/000008652110000019/sre_200910k.htm", "calculatedOtherExpenses": 3545000000, "calculatedOperatingExpenses": 3545000000, "calculatedNetInterest": -346000000, "calculatedOtherIncome": 519000000, "calculatedIncomeNonControlling": -75000000, "calculatedEbitda": 2078000000}, {"date": "2008-12-31", "symbol": "SREA", "reportedCurrency": "USD", "cik": "0001032208", "fillingDate": "2009-02-24", "acceptedDate": "2009-02-24 17:16:54", "calendarYear": "2008", "period": "FY", "revenue": 10758000000, "costOfRevenue": 5997000000, "grossProfit": 4761000000, "grossProfitRatio": 0.4425543781, "researchAndDevelopmentExpenses": 0, "generalAndAdministrativeExpenses": 0, "sellingAndMarketingExpenses": 0, "sellingGeneralAndAdministrativeExpenses": 0, "otherExpenses": 3535000000, "operatingExpenses": 687000000, "costAndExpenses": 6684000000, "interestIncome": 45000000, "interestExpense": 253000000, "depreciationAndAmortization": 687000000, "ebitda": 1948000000, "ebitdaratio": 0.1810745492, "operatingIncome": 1226000000, "operatingIncomeRatio": 0.1139617029, "totalOtherIncomeExpensesNet": 480000000, "incomeBeforeTax": 1488000000, "incomeBeforeTaxRatio": 0.1383156721, "incomeTaxExpense": 438000000, "netIncome": 1113000000, "netIncomeRatio": 0.1034578918, "eps": 4.5, "epsdiluted": 4.43, "weightedAverageShsOut": 247387000, "weightedAverageShsOutDil": 251159000, "link": "https://www.sec.gov/Archives/edgar/data/1032208/000008652109000010/0000086521-09-000010-index.htm", "finalLink": "https://www.sec.gov/Archives/edgar/data/1032208/000008652109000010/sempra_10k2008.htm", "calculatedOtherExpenses": 3535000000, "calculatedOperatingExpenses": 3535000000, "calculatedNetInterest": -208000000, "calculatedOtherIncome": 470000000, "calculatedIncomeNonControlling": -63000000, "calculatedEbitda": 1913000000}, {"date": "2007-12-31", "symbol": "SREA", "reportedCurrency": "USD", "cik": "0001032208", "fillingDate": "2008-02-26", "acceptedDate": "2008-02-26 16:46:01", "calendarYear": "2007", "period": "FY", "revenue": 11438000000, "costOfRevenue": 3462000000, "grossProfit": 7976000000, "grossProfitRatio": 0.6973247071, "researchAndDevelopmentExpenses": 0, "generalAndAdministrativeExpenses": 73000000, "sellingAndMarketingExpenses": 0, "sellingGeneralAndAdministrativeExpenses": 73000000, "otherExpenses": 6230000000, "operatingExpenses": 6303000000, "costAndExpenses": 9765000000, "interestIncome": 166000000, "interestExpense": -178000000, "depreciationAndAmortization": 686000000, "ebitda": 2173000000, "ebitdaratio": 0.1899807659, "operatingIncome": 1673000000, "operatingIncomeRatio": 0.1462668299, "totalOtherIncomeExpensesNet": 186000000, "incomeBeforeTax": 1649000000, "incomeBeforeTaxRatio": 0.1441685609, "incomeTaxExpense": 524000000, "netIncome": 1099000000, "netIncomeRatio": 0.0960832313, "eps": 4.24, "epsdiluted": 4.16, "weightedAverageShsOut": 259269000, "weightedAverageShsOutDil": 264004000, "link": "https://www.sec.gov/Archives/edgar/data/1032208/000008652108000015/0000086521-08-000015-index.htm", "finalLink": "https://www.sec.gov/Archives/edgar/data/1032208/000008652108000015/sempra10k2007.htm", "calculatedOtherExpenses": 6230000000, "calculatedOperatingExpenses": 6303000000, "calculatedNetInterest": 344000000, "calculatedOtherIncome": -368000000, "calculatedIncomeNonControlling": 26000000, "calculatedEbitda": 2359000000}, {"date": "2006-12-31", "symbol": "SREA", "reportedCurrency": "USD", "cik": "0001032208", "fillingDate": "2007-02-23", "acceptedDate": "2007-02-22 18:07:18", "calendarYear": "2006", "period": "FY", "revenue": 11761000000, "costOfRevenue": 3477000000, "grossProfit": 8284000000, "grossProfitRatio": 0.704361874, "researchAndDevelopmentExpenses": 0, "generalAndAdministrativeExpenses": 56000000, "sellingAndMarketingExpenses": 0, "sellingGeneralAndAdministrativeExpenses": 56000000, "otherExpenses": 6444000000, "operatingExpenses": 6500000000, "costAndExpenses": 9977000000, "interestIncome": 109000000, "interestExpense": 351000000, "depreciationAndAmortization": 657000000, "ebitda": 2251000000, "ebitdaratio": 0.1913952895, "operatingIncome": 1784000000, "operatingIncomeRatio": 0.1516877817, "totalOtherIncomeExpensesNet": 190000000, "incomeBeforeTax": 1732000000, "incomeBeforeTaxRatio": 0.1472663889, "incomeTaxExpense": 641000000, "netIncome": 1406000000, "netIncomeRatio": 0.1195476575, "eps": 5.48, "epsdiluted": 5.38, "weightedAverageShsOut": 256477000, "weightedAverageShsOutDil": 261368000, "link": "https://www.sec.gov/Archives/edgar/data/1032208/000008652107000014/0000086521-07-000014-index.htm", "finalLink": "https://www.sec.gov/Archives/edgar/data/1032208/000008652107000014/se10k123106.htm", "calculatedOtherExpenses": 6444000000, "calculatedOperatingExpenses": 6500000000, "calculatedNetInterest": -242000000, "calculatedOtherIncome": 190000000, "calculatedIncomeNonControlling": -315000000, "calculatedEbitda": 2441000000}, {"date": "2005-12-31", "symbol": "SREA", "reportedCurrency": "USD", "cik": "0001032208", "fillingDate": "2006-02-23", "acceptedDate": "2006-02-22 18:50:29", "calendarYear": "2005", "period": "FY", "revenue": 11737000000, "costOfRevenue": 3856000000, "grossProfit": 7881000000, "grossProfitRatio": 0.6714663031, "researchAndDevelopmentExpenses": 0, "generalAndAdministrativeExpenses": 0, "sellingAndMarketingExpenses": 0, "sellingGeneralAndAdministrativeExpenses": 0, "otherExpenses": 6797000000, "operatingExpenses": 6797000000, "costAndExpenses": 10653000000, "interestIncome": 75000000, "interestExpense": 311000000, "depreciationAndAmortization": 646000000, "ebitda": 1597000000, "ebitdaratio": 0.1360654341, "operatingIncome": 1084000000, "operatingIncomeRatio": 0.0923575019, "totalOtherIncomeExpensesNet": 133000000, "incomeBeforeTax": 971000000, "incomeBeforeTaxRatio": 0.0827298287, "incomeTaxExpense": 42000000, "netIncome": 920000000, "netIncomeRatio": 0.0783845957, "eps": 3.74, "epsdiluted": 3.65, "weightedAverageShsOut": 243315508, "weightedAverageShsOutDil": 249315068, "link": "https://www.sec.gov/Archives/edgar/data/1032208/000008652106000008/0000086521-06-000008-index.htm", "finalLink": "https://www.sec.gov/Archives/edgar/data/1032208/000008652106000008/se10k12312005.htm", "calculatedOtherExpenses": 6797000000, "calculatedOperatingExpenses": 6797000000, "calculatedNetInterest": -236000000, "calculatedOtherIncome": 123000000, "calculatedIncomeNonControlling": 9000000, "calculatedEbitda": 1730000000}, {"date": "2004-12-31", "symbol": "SREA", "reportedCurrency": "USD", "cik": "0001032208", "fillingDate": "2005-02-23", "acceptedDate": "2005-02-23 15:54:49", "calendarYear": "2004", "period": "FY", "revenue": 9410000000, "costOfRevenue": 3169000000, "grossProfit": 6241000000, "grossProfitRatio": 0.6632306057, "researchAndDevelopmentExpenses": 0, "generalAndAdministrativeExpenses": 0, "sellingAndMarketingExpenses": 0, "sellingGeneralAndAdministrativeExpenses": 0, "otherExpenses": 4969000000, "operatingExpenses": 4969000000, "costAndExpenses": 8138000000, "interestIncome": 0, "interestExpense": 0, "depreciationAndAmortization": 621000000, "ebitda": 1789000000, "ebitdaratio": 0.1901168969, "operatingIncome": 1272000000, "operatingIncomeRatio": 0.1351753454, "totalOtherIncomeExpensesNet": 104000000, "incomeBeforeTax": 1113000000, "incomeBeforeTaxRatio": 0.1182784272, "incomeTaxExpense": 193000000, "netIncome": 895000000, "netIncomeRatio": 0.0951115834, "eps": 0.92, "epsdiluted": 0.92, "weightedAverageShsOut": 227412000, "weightedAverageShsOutDil": 231070496, "link": "https://www.sec.gov/Archives/edgar/data/1032208/000008652105000014/0000086521-05-000014-index.htm", "finalLink": "https://www.sec.gov/Archives/edgar/data/1032208/000008652105000014/se10k2004.txt", "calculatedOtherExpenses": 4969000000, "calculatedOperatingExpenses": 4969000000, "calculatedNetInterest": 0, "calculatedOtherIncome": -159000000, "calculatedIncomeNonControlling": 25000000, "calculatedEbitda": 1893000000}, {"date": "2003-12-31", "symbol": "SREA", "reportedCurrency": "USD", "cik": "0001032208", "fillingDate": "2004-02-25", "acceptedDate": "2004-02-24 19:07:50", "calendarYear": "2003", "period": "FY", "revenue": 7887000000, "costOfRevenue": 2612000000, "grossProfit": 5275000000, "grossProfitRatio": 0.6688221123, "researchAndDevelopmentExpenses": 0, "generalAndAdministrativeExpenses": 0, "sellingAndMarketingExpenses": 0, "sellingGeneralAndAdministrativeExpenses": 0, "otherExpenses": 4336000000, "operatingExpenses": 4336000000, "costAndExpenses": 6948000000, "interestIncome": 104000000, "interestExpense": 308000000, "depreciationAndAmortization": 615000000, "ebitda": 1528000000, "ebitdaratio": 0.1937365285, "operatingIncome": 939000000, "operatingIncomeRatio": 0.1190566755, "totalOtherIncomeExpensesNet": 26000000, "incomeBeforeTax": 742000000, "incomeBeforeTaxRatio": 0.094078864, "incomeTaxExpense": 47000000, "netIncome": 649000000, "netIncomeRatio": 0.0822873082, "eps": 3.07, "epsdiluted": 3.03, "weightedAverageShsOut": 211400651, "weightedAverageShsOutDil": 214191419, "link": "https://www.sec.gov/Archives/edgar/data/1032208/000008652104000004/0000086521-04-000004-index.htm", "finalLink": "https://www.sec.gov/Archives/edgar/data/1032208/000008652104000004/sempra10k2003.txt", "calculatedOtherExpenses": 4336000000, "calculatedOperatingExpenses": 4336000000, "calculatedNetInterest": -204000000, "calculatedOtherIncome": 7000000, "calculatedIncomeNonControlling": 46000000, "calculatedEbitda": 1554000000}, {"date": "2002-12-31", "symbol": "SREA", "reportedCurrency": "USD", "cik": "0001032208", "fillingDate": "2003-02-26", "acceptedDate": "2003-02-26 17:24:00", "calendarYear": "2002", "period": "FY", "revenue": 6020000000, "costOfRevenue": 1678000000, "grossProfit": 4342000000, "grossProfitRatio": 0.7212624585, "researchAndDevelopmentExpenses": 0, "generalAndAdministrativeExpenses": 0, "sellingAndMarketingExpenses": 0, "sellingGeneralAndAdministrativeExpenses": 0, "otherExpenses": 3355000000, "operatingExpenses": 3355000000, "costAndExpenses": 5033000000, "interestIncome": 0, "interestExpense": 0, "depreciationAndAmortization": 596000000, "ebitda": 1526000000, "ebitdaratio": 0.2534883721, "operatingIncome": 987000000, "operatingIncomeRatio": 0.1639534884, "totalOtherIncomeExpensesNet": 57000000, "incomeBeforeTax": 721000000, "incomeBeforeTaxRatio": 0.1197674419, "incomeTaxExpense": 146000000, "netIncome": 591000000, "netIncomeRatio": 0.0981727575, "eps": 2.88, "epsdiluted": 2.87, "weightedAverageShsOut": 205208333, "weightedAverageShsOutDil": 205923345, "link": "https://www.sec.gov/Archives/edgar/data/1032208/000008652103000005/0000086521-03-000005-index.htm", "finalLink": "https://www.sec.gov/Archives/edgar/data/1032208/000008652103000005/se10k2002.txt", "calculatedOtherExpenses": 3355000000, "calculatedOperatingExpenses": 3355000000, "calculatedNetInterest": 0, "calculatedOtherIncome": -266000000, "calculatedIncomeNonControlling": -16000000, "calculatedEbitda": 1583000000}, {"date": "2001-12-31", "symbol": "SREA", "reportedCurrency": "USD", "cik": "0001032208", "fillingDate": "2002-03-19", "acceptedDate": "2002-03-19 00:00:00", "calendarYear": "2001", "period": "FY", "revenue": 8029000000, "costOfRevenue": 3282000000, "grossProfit": 4747000000, "grossProfitRatio": 0.5912317848, "researchAndDevelopmentExpenses": 0, "generalAndAdministrativeExpenses": 0, "sellingAndMarketingExpenses": 0, "sellingGeneralAndAdministrativeExpenses": 0, "otherExpenses": 3754000000, "operatingExpenses": 3754000000, "costAndExpenses": 7036000000, "interestIncome": 0, "interestExpense": 120000000, "depreciationAndAmortization": 579000000, "ebitda": 1482000000, "ebitdaratio": 0.1845808943, "operatingIncome": 993000000, "operatingIncomeRatio": 0.1236766721, "totalOtherIncomeExpensesNet": 90000000, "incomeBeforeTax": 731000000, "incomeBeforeTaxRatio": 0.091044962, "incomeTaxExpense": 213000000, "netIncome": 518000000, "netIncomeRatio": 0.064516129, "eps": 2.54, "epsdiluted": 2.52, "weightedAverageShsOut": 203937008, "weightedAverageShsOutDil": 205555556, "link": "https://www.sec.gov/Archives/edgar/data/1032208/000008652102000006/0000086521-02-000006-index.htm", "finalLink": "https://www.sec.gov/Archives/edgar/data/1032208/000008652102000006/se10k2001tags.txt", "calculatedOtherExpenses": 3754000000, "calculatedOperatingExpenses": 3754000000, "calculatedNetInterest": -120000000, "calculatedOtherIncome": -142000000, "calculatedIncomeNonControlling": 0, "calculatedEbitda": 1572000000}, {"date": "2000-12-31", "symbol": "SREA", "reportedCurrency": "USD", "cik": "0001032208", "fillingDate": "2001-03-13", "acceptedDate": "2001-03-13 00:00:00", "calendarYear": "2000", "period": "FY", "revenue": 7037000000, "costOfRevenue": 2925000000, "grossProfit": 4112000000, "grossProfitRatio": 0.5843399176, "researchAndDevelopmentExpenses": 0, "generalAndAdministrativeExpenses": 0, "sellingAndMarketingExpenses": 0, "sellingGeneralAndAdministrativeExpenses": 0, "otherExpenses": 3207000000, "operatingExpenses": 3207000000, "costAndExpenses": 6132000000, "interestIncome": 0, "interestExpense": 286000000, "depreciationAndAmortization": 563000000, "ebitda": 1362000000, "ebitdaratio": 0.1935483871, "operatingIncome": 905000000, "operatingIncomeRatio": 0.12860594, "totalOtherIncomeExpensesNet": 106000000, "incomeBeforeTax": 699000000, "incomeBeforeTaxRatio": 0.0993321017, "incomeTaxExpense": 270000000, "netIncome": 429000000, "netIncomeRatio": 0.0609634788, "eps": 2.06, "epsdiluted": 2.06, "weightedAverageShsOut": 208252427, "weightedAverageShsOutDil": 208252427, "link": "https://www.sec.gov/Archives/edgar/data/1032208/000008652101000006/0000086521-01-000006-index.htm", "finalLink": "https://www.sec.gov/Archives/edgar/data/1032208/000008652101000006/0000086521-01-000006-0001.txt", "calculatedOtherExpenses": 3207000000, "calculatedOperatingExpenses": 3207000000, "calculatedNetInterest": -286000000, "calculatedOtherIncome": 80000000, "calculatedIncomeNonControlling": 0, "calculatedEbitda": 1468000000}, {"date": "1999-12-31", "symbol": "SREA", "reportedCurrency": "USD", "cik": "0001032208", "fillingDate": "2000-03-29", "acceptedDate": "2000-03-29 00:00:00", "calendarYear": "1999", "period": "FY", "revenue": 5360000000, "costOfRevenue": 1700000000, "grossProfit": 3660000000, "grossProfitRatio": 0.6828358209, "researchAndDevelopmentExpenses": 0, "generalAndAdministrativeExpenses": 0, "sellingAndMarketingExpenses": 0, "sellingGeneralAndAdministrativeExpenses": 0, "otherExpenses": 2922000000, "operatingExpenses": 2922000000, "costAndExpenses": 4622000000, "interestIncome": 0, "interestExpense": 0, "depreciationAndAmortization": 501000000, "ebitda": 1239000000, "ebitdaratio": 0.2311567164, "operatingIncome": 738000000, "operatingIncomeRatio": 0.1376865672, "totalOtherIncomeExpensesNet": 75000000, "incomeBeforeTax": 573000000, "incomeBeforeTaxRatio": 0.1069029851, "incomeTaxExpense": 179000000, "netIncome": 394000000, "netIncomeRatio": 0.0735074627, "eps": 1.66, "epsdiluted": 1.66, "weightedAverageShsOut": 237245000, "weightedAverageShsOutDil": 237553000, "link": "https://www.sec.gov/Archives/edgar/data/1032208/000008652100000007/0000086521-00-000007-index.htm", "finalLink": "https://www.sec.gov/Archives/edgar/data/1032208/000008652100000007/0000086521-00-000007.txt", "calculatedOtherExpenses": 2922000000, "calculatedOperatingExpenses": 2922000000, "calculatedNetInterest": 0, "calculatedOtherIncome": -165000000, "calculatedIncomeNonControlling": 0, "calculatedEbitda": 1239000000}, {"date": "1998-12-31", "symbol": "SREA", "reportedCurrency": "USD", "cik": "0001032208", "fillingDate": "1999-03-09", "acceptedDate": "1999-03-09 00:00:00", "calendarYear": "1998", "period": "FY", "revenue": 5481000000, "costOfRevenue": 937000000, "grossProfit": 4544000000, "grossProfitRatio": 0.8290457946, "researchAndDevelopmentExpenses": 0, "generalAndAdministrativeExpenses": 0, "sellingAndMarketingExpenses": 0, "sellingGeneralAndAdministrativeExpenses": 0, "otherExpenses": 3937000000, "operatingExpenses": 3937000000, "costAndExpenses": 4874000000, "interestIncome": 0, "interestExpense": 0, "depreciationAndAmortization": 885000000, "ebitda": 1492000000, "ebitdaratio": 0.2722130998, "operatingIncome": 607000000, "operatingIncomeRatio": 0.1107462142, "totalOtherIncomeExpensesNet": 44000000, "incomeBeforeTax": 432000000, "incomeBeforeTaxRatio": 0.078817734, "incomeTaxExpense": 138000000, "netIncome": 294000000, "netIncomeRatio": 0.0536398467, "eps": 1.24, "epsdiluted": 1.24, "weightedAverageShsOut": 237096774, "weightedAverageShsOutDil": 237096774, "link": "https://www.sec.gov/Archives/edgar/data/1032208/000008652199000003/0000086521-99-000003-index.htm", "finalLink": "https://www.sec.gov/Archives/edgar/data/1032208/0000086521-99-000003.txt", "calculatedOtherExpenses": 3937000000, "calculatedOperatingExpenses": 3937000000, "calculatedNetInterest": 0, "calculatedOtherIncome": -175000000, "calculatedIncomeNonControlling": 0, "calculatedEbitda": 1492000000}, {"date": "1997-12-31", "symbol": "SREA", "reportedCurrency": "USD", "cik": "0001032208", "fillingDate": "1997-12-31", "acceptedDate": "1997-12-30 19:00:00", "calendarYear": "1997", "period": "FY", "revenue": 2217000000, "costOfRevenue": 788500000, "grossProfit": 1428500000, "grossProfitRatio": 0.6443391971, "researchAndDevelopmentExpenses": 0, "generalAndAdministrativeExpenses": 0, "sellingAndMarketingExpenses": 0, "sellingGeneralAndAdministrativeExpenses": 223000000, "otherExpenses": 701100000, "operatingExpenses": 924100000, "costAndExpenses": 1712600000, "interestIncome": 0, "interestExpense": 0, "depreciationAndAmortization": 304200000, "ebitda": 808600000, "ebitdaratio": 0.3647271087, "operatingIncome": 504400000, "operatingIncomeRatio": 0.2275146594, "totalOtherIncomeExpensesNet": 11600000, "incomeBeforeTax": 411800000, "incomeBeforeTaxRatio": 0.1857465043, "incomeTaxExpense": 160200000, "netIncome": 251600000, "netIncomeRatio": 0.1134866937, "eps": 1.83, "epsdiluted": 1.82, "weightedAverageShsOut": 114362416, "weightedAverageShsOutDil": 114362416, "link": "", "finalLink": "", "calculatedOtherExpenses": 701100000, "calculatedOperatingExpenses": 924100000, "calculatedNetInterest": 0, "calculatedOtherIncome": -92600000, "calculatedIncomeNonControlling": 0, "calculatedEbitda": 808600000}, {"date": "1996-12-31", "symbol": "SREA", "reportedCurrency": "USD", "cik": "0001032208", "fillingDate": "1996-12-31", "acceptedDate": "1996-12-30 19:00:00", "calendarYear": "1996", "period": "FY", "revenue": 1993500000, "costOfRevenue": 597500000, "grossProfit": 1396000000, "grossProfitRatio": 0.7002758967, "researchAndDevelopmentExpenses": 0, "generalAndAdministrativeExpenses": 0, "sellingAndMarketingExpenses": 0, "sellingGeneralAndAdministrativeExpenses": 262100000, "otherExpenses": 647100000, "operatingExpenses": 909200000, "costAndExpenses": 1506700000, "interestIncome": 0, "interestExpense": 0, "depreciationAndAmortization": 291500000, "ebitda": 778300000, "ebitdaratio": 0.3904188613, "operatingIncome": 486800000, "operatingIncomeRatio": 0.2441936293, "totalOtherIncomeExpensesNet": 9200000, "incomeBeforeTax": 382700000, "incomeBeforeTaxRatio": 0.1919739152, "incomeTaxExpense": 151800000, "netIncome": 230900000, "netIncomeRatio": 0.1158264359, "eps": 1.98, "epsdiluted": 1.98, "weightedAverageShsOut": 115855263, "weightedAverageShsOutDil": 115855263, "link": "", "finalLink": "", "calculatedOtherExpenses": 647100000, "calculatedOperatingExpenses": 909200000, "calculatedNetInterest": 0, "calculatedOtherIncome": -104100000, "calculatedIncomeNonControlling": 0, "calculatedEbitda": 778300000}, {"date": "1995-12-31", "symbol": "SREA", "reportedCurrency": "USD", "cik": "0001032208", "fillingDate": "1995-12-31", "acceptedDate": "1995-12-30 19:00:00", "calendarYear": "1995", "period": "FY", "revenue": 1870600000, "costOfRevenue": 555400000, "grossProfit": 1315200000, "grossProfitRatio": 0.7030899177, "researchAndDevelopmentExpenses": 0, "generalAndAdministrativeExpenses": 0, "sellingAndMarketingExpenses": 0, "sellingGeneralAndAdministrativeExpenses": 210200000, "otherExpenses": 624900000, "operatingExpenses": 835100000, "costAndExpenses": 1390500000, "interestIncome": 0, "interestExpense": 0, "depreciationAndAmortization": 263200000, "ebitda": 743300000, "ebitdaratio": 0.3973591361, "operatingIncome": 480100000, "operatingIncomeRatio": 0.2566556185, "totalOtherIncomeExpensesNet": -5900000, "incomeBeforeTax": 367900000, "incomeBeforeTaxRatio": 0.1966748637, "incomeTaxExpense": 134600000, "netIncome": 233400000, "netIncomeRatio": 0.1247728002, "eps": 1.94, "epsdiluted": 1.94, "weightedAverageShsOut": 116340206, "weightedAverageShsOutDil": 116340206, "link": "", "finalLink": "", "calculatedOtherExpenses": 624900000, "calculatedOperatingExpenses": 835100000, "calculatedNetInterest": 0, "calculatedOtherIncome": -112200000, "calculatedIncomeNonControlling": -100000, "calculatedEbitda": 743300000}, {"date": "1994-12-31", "symbol": "SREA", "reportedCurrency": "USD", "cik": "0001032208", "fillingDate": "1994-12-31", "acceptedDate": "1994-12-30 19:00:00", "calendarYear": "1994", "period": "FY", "revenue": 1982000000, "costOfRevenue": 632500000, "grossProfit": 1349500000, "grossProfitRatio": 0.6808779011, "researchAndDevelopmentExpenses": 0, "generalAndAdministrativeExpenses": 0, "sellingAndMarketingExpenses": 0, "sellingGeneralAndAdministrativeExpenses": 0, "otherExpenses": 877500000, "operatingExpenses": 877500000, "costAndExpenses": 1510000000, "interestIncome": 0, "interestExpense": 0, "depreciationAndAmortization": 327100000, "ebitda": 799100000, "ebitdaratio": 0.4031786075, "operatingIncome": 472000000, "operatingIncomeRatio": 0.2381432896, "totalOtherIncomeExpensesNet": -79400000, "incomeBeforeTax": 293600000, "incomeBeforeTaxRatio": 0.1481331988, "incomeTaxExpense": 150100000, "netIncome": 143500000, "netIncomeRatio": 0.0724016145, "eps": 1.17, "epsdiluted": 1.17, "weightedAverageShsOut": 115982906, "weightedAverageShsOutDil": 115982906, "link": "", "finalLink": "", "calculatedOtherExpenses": 877500000, "calculatedOperatingExpenses": 877500000, "calculatedNetInterest": 0, "calculatedOtherIncome": -178400000, "calculatedIncomeNonControlling": 0, "calculatedEbitda": 799100000}, {"date": "1993-12-31", "symbol": "SREA", "reportedCurrency": "USD", "cik": "0001032208", "fillingDate": "1993-12-31", "acceptedDate": "1993-12-30 19:00:00", "calendarYear": "1993", "period": "FY", "revenue": 1980100000, "costOfRevenue": 0, "grossProfit": 1980100000, "grossProfitRatio": 1, "researchAndDevelopmentExpenses": 0, "generalAndAdministrativeExpenses": 0, "sellingAndMarketingExpenses": 0, "sellingGeneralAndAdministrativeExpenses": 0, "otherExpenses": 0, "operatingExpenses": 0, "costAndExpenses": 0, "interestIncome": 0, "interestExpense": 0, "depreciationAndAmortization": 0, "ebitda": 1980100000, "ebitdaratio": 1, "operatingIncome": 1980100000, "operatingIncomeRatio": 1, "totalOtherIncomeExpensesNet": 0, "incomeBeforeTax": 0, "incomeBeforeTaxRatio": 0, "incomeTaxExpense": -218700000, "netIncome": 218700000, "netIncomeRatio": 0.1104489672, "eps": 1.81, "epsdiluted": 1.81, "weightedAverageShsOut": 116077348, "weightedAverageShsOutDil": 116077348, "link": "", "finalLink": "", "calculatedOtherExpenses": 0, "calculatedOperatingExpenses": 0, "calculatedNetInterest": 0, "calculatedOtherIncome": -1980100000, "calculatedIncomeNonControlling": 0, "calculatedEbitda": 1980100000}, {"date": "1992-12-31", "symbol": "SREA", "reportedCurrency": "USD", "cik": "0001032208", "fillingDate": "1992-12-31", "acceptedDate": "1992-12-30 19:00:00", "calendarYear": "1992", "period": "FY", "revenue": 1870900000, "costOfRevenue": 0, "grossProfit": 1870900000, "grossProfitRatio": 1, "researchAndDevelopmentExpenses": 0, "generalAndAdministrativeExpenses": 0, "sellingAndMarketingExpenses": 0, "sellingGeneralAndAdministrativeExpenses": 0, "otherExpenses": 0, "operatingExpenses": 0, "costAndExpenses": 0, "interestIncome": 0, "interestExpense": 0, "depreciationAndAmortization": 0, "ebitda": 1870900000, "ebitdaratio": 1, "operatingIncome": 1870900000, "operatingIncomeRatio": 1, "totalOtherIncomeExpensesNet": 0, "incomeBeforeTax": 0, "incomeBeforeTaxRatio": 0, "incomeTaxExpense": -210700000, "netIncome": 210700000, "netIncomeRatio": 0.1126195948, "eps": 1.77, "epsdiluted": 1.77, "weightedAverageShsOut": 113615819, "weightedAverageShsOutDil": 113615819, "link": "", "finalLink": "", "calculatedOtherExpenses": 0, "calculatedOperatingExpenses": 0, "calculatedNetInterest": 0, "calculatedOtherIncome": -1870900000, "calculatedIncomeNonControlling": 0, "calculatedEbitda": 1870900000}, {"date": "1991-12-31", "symbol": "SREA", "reportedCurrency": "USD", "cik": "0001032208", "fillingDate": "1991-12-31", "acceptedDate": "1991-12-30 19:00:00", "calendarYear": "1991", "period": "FY", "revenue": 1789000000, "costOfRevenue": 0, "grossProfit": 1789000000, "grossProfitRatio": 1, "researchAndDevelopmentExpenses": 0, "generalAndAdministrativeExpenses": 0, "sellingAndMarketingExpenses": 0, "sellingGeneralAndAdministrativeExpenses": 0, "otherExpenses": 0, "operatingExpenses": 0, "costAndExpenses": 0, "interestIncome": 0, "interestExpense": 0, "depreciationAndAmortization": 0, "ebitda": 1789000000, "ebitdaratio": 1, "operatingIncome": 1789000000, "operatingIncomeRatio": 1, "totalOtherIncomeExpensesNet": 0, "incomeBeforeTax": 0, "incomeBeforeTaxRatio": 0, "incomeTaxExpense": -208100000, "netIncome": 208100000, "netIncomeRatio": 0.1163219676, "eps": 1.77, "epsdiluted": 1.77, "weightedAverageShsOut": 111638418, "weightedAverageShsOutDil": 111638418, "link": "", "finalLink": "", "calculatedOtherExpenses": 0, "calculatedOperatingExpenses": 0, "calculatedNetInterest": 0, "calculatedOtherIncome": -1789000000, "calculatedIncomeNonControlling": 0, "calculatedEbitda": 1789000000}, {"date": "1990-12-31", "symbol": "SREA", "reportedCurrency": "USD", "cik": "0001032208", "fillingDate": "1990-12-31", "acceptedDate": "1990-12-30 19:00:00", "calendarYear": "1990", "period": "FY", "revenue": 1771900000, "costOfRevenue": 0, "grossProfit": 1771900000, "grossProfitRatio": 1, "researchAndDevelopmentExpenses": 0, "generalAndAdministrativeExpenses": 0, "sellingAndMarketingExpenses": 0, "sellingGeneralAndAdministrativeExpenses": 0, "otherExpenses": 0, "operatingExpenses": 0, "costAndExpenses": 0, "interestIncome": 0, "interestExpense": 0, "depreciationAndAmortization": 0, "ebitda": 1771900000, "ebitdaratio": 1, "operatingIncome": 1771900000, "operatingIncomeRatio": 1, "totalOtherIncomeExpensesNet": 0, "incomeBeforeTax": 0, "incomeBeforeTaxRatio": 0, "incomeTaxExpense": -207800000, "netIncome": 207800000, "netIncomeRatio": 0.1172752413, "eps": 1.76, "epsdiluted": 1.76, "weightedAverageShsOut": 111875000, "weightedAverageShsOutDil": 111875000, "link": "", "finalLink": "", "calculatedOtherExpenses": 0, "calculatedOperatingExpenses": 0, "calculatedNetInterest": 0, "calculatedOtherIncome": -1771900000, "calculatedIncomeNonControlling": 0, "calculatedEbitda": 1771900000}, {"date": "1989-12-31", "symbol": "SREA", "reportedCurrency": "USD", "cik": "0001032208", "fillingDate": "1989-12-31", "acceptedDate": "1989-12-30 19:00:00", "calendarYear": "1989", "period": "FY", "revenue": 2082500000, "costOfRevenue": 0, "grossProfit": 2082500000, "grossProfitRatio": 1, "researchAndDevelopmentExpenses": 0, "generalAndAdministrativeExpenses": 0, "sellingAndMarketingExpenses": 0, "sellingGeneralAndAdministrativeExpenses": 0, "otherExpenses": 0, "operatingExpenses": 0, "costAndExpenses": 0, "interestIncome": 0, "interestExpense": 0, "depreciationAndAmortization": 0, "ebitda": 2082500000, "ebitdaratio": 1, "operatingIncome": 2082500000, "operatingIncomeRatio": 1, "totalOtherIncomeExpensesNet": 0, "incomeBeforeTax": 0, "incomeBeforeTaxRatio": 0, "incomeTaxExpense": -187100000, "netIncome": 187100000, "netIncomeRatio": 0.0898439376, "eps": 1.58, "epsdiluted": 1.58, "weightedAverageShsOut": 111329114, "weightedAverageShsOutDil": 111329114, "link": "", "finalLink": "", "calculatedOtherExpenses": 0, "calculatedOperatingExpenses": 0, "calculatedNetInterest": 0, "calculatedOtherIncome": -2082500000, "calculatedIncomeNonControlling": 0, "calculatedEbitda": 2082500000}, {"date": "1988-12-31", "symbol": "SREA", "reportedCurrency": "USD", "cik": "0001032208", "fillingDate": "1988-12-31", "acceptedDate": "1988-12-30 19:00:00", "calendarYear": "1988", "period": "FY", "revenue": 2076100000, "costOfRevenue": 0, "grossProfit": 2076100000, "grossProfitRatio": 1, "researchAndDevelopmentExpenses": 0, "generalAndAdministrativeExpenses": 0, "sellingAndMarketingExpenses": 0, "sellingGeneralAndAdministrativeExpenses": 0, "otherExpenses": 0, "operatingExpenses": 0, "costAndExpenses": 0, "interestIncome": 0, "interestExpense": 0, "depreciationAndAmortization": 0, "ebitda": 2076100000, "ebitdaratio": 1, "operatingIncome": 2076100000, "operatingIncomeRatio": 1, "totalOtherIncomeExpensesNet": 0, "incomeBeforeTax": 0, "incomeBeforeTaxRatio": 0, "incomeTaxExpense": -189400000, "netIncome": 189400000, "netIncomeRatio": 0.0912287462, "eps": 1.59, "epsdiluted": 1.59, "weightedAverageShsOut": 111761006, "weightedAverageShsOutDil": 111761006, "link": "", "finalLink": "", "calculatedOtherExpenses": 0, "calculatedOperatingExpenses": 0, "calculatedNetInterest": 0, "calculatedOtherIncome": -2076100000, "calculatedIncomeNonControlling": 0, "calculatedEbitda": 2076100000}, {"date": "1987-12-31", "symbol": "SREA", "reportedCurrency": "USD", "cik": "0001032208", "fillingDate": "1987-12-31", "acceptedDate": "1987-12-30 19:00:00", "calendarYear": "1987", "period": "FY", "revenue": 1555200000, "costOfRevenue": 0, "grossProfit": 1555200000, "grossProfitRatio": 1, "researchAndDevelopmentExpenses": 0, "generalAndAdministrativeExpenses": 0, "sellingAndMarketingExpenses": 0, "sellingGeneralAndAdministrativeExpenses": 0, "otherExpenses": 0, "operatingExpenses": 0, "costAndExpenses": 0, "interestIncome": 0, "interestExpense": 0, "depreciationAndAmortization": 0, "ebitda": 1555200000, "ebitdaratio": 1, "operatingIncome": 1555200000, "operatingIncomeRatio": 1, "totalOtherIncomeExpensesNet": 0, "incomeBeforeTax": 0, "incomeBeforeTaxRatio": 0, "incomeTaxExpense": -179100000, "netIncome": 179100000, "netIncomeRatio": 0.115162037, "eps": 1.48, "epsdiluted": 1.48, "weightedAverageShsOut": 111756757, "weightedAverageShsOutDil": 111756757, "link": "", "finalLink": "", "calculatedOtherExpenses": 0, "calculatedOperatingExpenses": 0, "calculatedNetInterest": 0, "calculatedOtherIncome": -1555200000, "calculatedIncomeNonControlling": 0, "calculatedEbitda": 1555200000}, {"date": "1986-12-31", "symbol": "SREA", "reportedCurrency": "USD", "cik": "0001032208", "fillingDate": "1986-12-31", "acceptedDate": "1986-12-30 19:00:00", "calendarYear": "1986", "period": "FY", "revenue": 1632700000, "costOfRevenue": 0, "grossProfit": 1632700000, "grossProfitRatio": 1, "researchAndDevelopmentExpenses": 0, "generalAndAdministrativeExpenses": 0, "sellingAndMarketingExpenses": 0, "sellingGeneralAndAdministrativeExpenses": 0, "otherExpenses": 0, "operatingExpenses": 0, "costAndExpenses": 0, "interestIncome": 0, "interestExpense": 0, "depreciationAndAmortization": 0, "ebitda": 1632700000, "ebitdaratio": 1, "operatingIncome": 1632700000, "operatingIncomeRatio": 1, "totalOtherIncomeExpensesNet": 0, "incomeBeforeTax": 0, "incomeBeforeTaxRatio": 0, "incomeTaxExpense": -213200000, "netIncome": 213200000, "netIncomeRatio": 0.1305812458, "eps": 1.71, "epsdiluted": 1.71, "weightedAverageShsOut": 124678363, "weightedAverageShsOutDil": 124678363, "link": "", "finalLink": "", "calculatedOtherExpenses": 0, "calculatedOperatingExpenses": 0, "calculatedNetInterest": 0, "calculatedOtherIncome": -1632700000, "calculatedIncomeNonControlling": 0, "calculatedEbitda": 1632700000}, {"date": "1985-12-31", "symbol": "SREA", "reportedCurrency": "USD", "cik": "0001032208", "fillingDate": "1985-12-31", "acceptedDate": "1985-12-30 19:00:00", "calendarYear": "1985", "period": "FY", "revenue": 1738700000, "costOfRevenue": 0, "grossProfit": 1738700000, "grossProfitRatio": 1, "researchAndDevelopmentExpenses": 0, "generalAndAdministrativeExpenses": 0, "sellingAndMarketingExpenses": 0, "sellingGeneralAndAdministrativeExpenses": 0, "otherExpenses": 0, "operatingExpenses": 0, "costAndExpenses": 0, "interestIncome": 0, "interestExpense": 0, "depreciationAndAmortization": 0, "ebitda": 1738700000, "ebitdaratio": 1, "operatingIncome": 1738700000, "operatingIncomeRatio": 1, "totalOtherIncomeExpensesNet": 0, "incomeBeforeTax": 0, "incomeBeforeTaxRatio": 0, "incomeTaxExpense": -202700000, "netIncome": 202700000, "netIncomeRatio": 0.1165813539, "eps": 1.63, "epsdiluted": 1.63, "weightedAverageShsOut": 109754601, "weightedAverageShsOutDil": 109754601, "link": "", "finalLink": "", "calculatedOtherExpenses": 0, "calculatedOperatingExpenses": 0, "calculatedNetInterest": 0, "calculatedOtherIncome": -1738700000, "calculatedIncomeNonControlling": 0, "calculatedEbitda": 1738700000}]}