{"originalCurrency": "USD", "convertedCurrency": "USD", "report": [{"date": "2023-12-31", "symbol": "SRPT", "reportedCurrency": "USD", "cik": "0000873303", "fillingDate": "2024-02-28", "acceptedDate": "2024-02-28 16:01:45", "calendarYear": "2023", "period": "FY", "revenue": 1243336000, "costOfRevenue": 150343000, "grossProfit": 1092993000, "grossProfitRatio": 0.8790809564, "researchAndDevelopmentExpenses": 877387000, "generalAndAdministrativeExpenses": 481871000, "sellingAndMarketingExpenses": 28600000, "sellingGeneralAndAdministrativeExpenses": 481871000, "otherExpenses": 1559000, "operatingExpenses": 1360817000, "costAndExpenses": 1511160000, "interestIncome": 85969000, "interestExpense": 22010000, "depreciationAndAmortization": 58892000, "ebitda": -267824000, "ebitdaratio": -0.2154075809, "operatingIncome": -267824000, "operatingIncomeRatio": -0.2154075809, "totalOtherIncomeExpensesNet": -252274000, "incomeBeforeTax": -520098000, "incomeBeforeTaxRatio": -0.4183084862, "incomeTaxExpense": 15879000, "netIncome": -535977000, "netIncomeRatio": -0.4310797725, "eps": -5.8, "epsdiluted": -5.8, "weightedAverageShsOut": 92398000, "weightedAverageShsOutDil": 92398000, "link": "https://www.sec.gov/Archives/edgar/data/873303/000095017024022036/0000950170-24-022036-index.htm", "finalLink": "https://www.sec.gov/Archives/edgar/data/873303/000095017024022036/srpt-20231231.htm", "calculatedOtherExpenses": 1559000, "calculatedOperatingExpenses": 1360817000, "calculatedNetInterest": 63959000, "calculatedOtherIncome": -316233000, "calculatedIncomeNonControlling": 0, "calculatedEbitda": -208932000}, {"date": "2022-12-31", "symbol": "SRPT", "reportedCurrency": "USD", "cik": "0000873303", "fillingDate": "2023-02-28", "acceptedDate": "2023-02-28 16:04:17", "calendarYear": "2022", "period": "FY", "revenue": 933013000, "costOfRevenue": 139989000, "grossProfit": 793024000, "grossProfitRatio": 0.8499602899, "researchAndDevelopmentExpenses": 877090000, "generalAndAdministrativeExpenses": 451421000, "sellingAndMarketingExpenses": 14600000, "sellingGeneralAndAdministrativeExpenses": 451421000, "otherExpenses": 714000, "operatingExpenses": 1329225000, "costAndExpenses": 1469214000, "interestIncome": 16488000, "interestExpense": 53248000, "depreciationAndAmortization": 62666000, "ebitda": -473535000, "ebitdaratio": -0.5075331212, "operatingIncome": -536201000, "operatingIncomeRatio": -0.5746983161, "totalOtherIncomeExpensesNet": -153762000, "incomeBeforeTax": -689963000, "incomeBeforeTaxRatio": -0.7394998784, "incomeTaxExpense": 13525000, "netIncome": -703488000, "netIncomeRatio": -0.753995925, "eps": -8.03, "epsdiluted": -8.03, "weightedAverageShsOut": 87559000, "weightedAverageShsOutDil": 87559000, "link": "https://www.sec.gov/Archives/edgar/data/873303/000095017023005062/0000950170-23-005062-index.htm", "finalLink": "https://www.sec.gov/Archives/edgar/data/873303/000095017023005062/srpt-20221231.htm", "calculatedOtherExpenses": 714000, "calculatedOperatingExpenses": 1329225000, "calculatedNetInterest": -36760000, "calculatedOtherIncome": -117002000, "calculatedIncomeNonControlling": 0, "calculatedEbitda": -473535000}, {"date": "2021-12-31", "symbol": "SRPT", "reportedCurrency": "USD", "cik": "0000873303", "fillingDate": "2022-03-01", "acceptedDate": "2022-03-01 16:03:23", "calendarYear": "2021", "period": "FY", "revenue": 701887000, "costOfRevenue": 97049000, "grossProfit": 604838000, "grossProfitRatio": 0.8617313043, "researchAndDevelopmentExpenses": 771182000, "generalAndAdministrativeExpenses": 282660000, "sellingAndMarketingExpenses": 7700000, "sellingGeneralAndAdministrativeExpenses": 282660000, "otherExpenses": 706000, "operatingExpenses": 1054548000, "costAndExpenses": 1151597000, "interestIncome": 354000, "interestExpense": 63525000, "depreciationAndAmortization": 37592000, "ebitda": -412118000, "ebitdaratio": -0.587157192, "operatingIncome": -449710000, "operatingIncomeRatio": -0.6407156708, "totalOtherIncomeExpensesNet": 30762000, "incomeBeforeTax": -418948000, "incomeBeforeTaxRatio": -0.5968881031, "incomeTaxExpense": -168000, "netIncome": -418780000, "netIncomeRatio": -0.5966487483, "eps": -5.15, "epsdiluted": -5.15, "weightedAverageShsOut": 81262000, "weightedAverageShsOutDil": 81262000, "link": "https://www.sec.gov/Archives/edgar/data/873303/000095017022002517/0000950170-22-002517-index.htm", "finalLink": "https://www.sec.gov/Archives/edgar/data/873303/000095017022002517/srpt-20211231.htm", "calculatedOtherExpenses": 706000, "calculatedOperatingExpenses": 1054548000, "calculatedNetInterest": -63171000, "calculatedOtherIncome": 93933000, "calculatedIncomeNonControlling": 0, "calculatedEbitda": -412118000}, {"date": "2020-12-31", "symbol": "SRPT", "reportedCurrency": "USD", "cik": "0000873303", "fillingDate": "2021-03-01", "acceptedDate": "2021-03-01 16:02:22", "calendarYear": "2020", "period": "FY", "revenue": 540099000, "costOfRevenue": 63382000, "grossProfit": 476717000, "grossProfitRatio": 0.8826474406, "researchAndDevelopmentExpenses": 722343000, "generalAndAdministrativeExpenses": 317875000, "sellingAndMarketingExpenses": 0, "sellingGeneralAndAdministrativeExpenses": 317875000, "otherExpenses": 662000, "operatingExpenses": 1040880000, "costAndExpenses": 1104262000, "interestIncome": 2970000, "interestExpense": 59947000, "depreciationAndAmortization": 34887000, "ebitda": -529276000, "ebitdaratio": -0.9799610812, "operatingIncome": -564163000, "operatingIncomeRatio": -1.0445547946, "totalOtherIncomeExpensesNet": 11098000, "incomeBeforeTax": -553065000, "incomeBeforeTaxRatio": -1.0240067099, "incomeTaxExpense": 1063000, "netIncome": -554128000, "netIncomeRatio": -1.0259748676, "eps": -7.11, "epsdiluted": -7.11, "weightedAverageShsOut": 77956000, "weightedAverageShsOutDil": 77956000, "link": "https://www.sec.gov/Archives/edgar/data/873303/000156459021009835/0001564590-21-009835-index.htm", "finalLink": "https://www.sec.gov/Archives/edgar/data/873303/000156459021009835/srpt-10k_20201231.htm", "calculatedOtherExpenses": 662000, "calculatedOperatingExpenses": 1040880000, "calculatedNetInterest": -56977000, "calculatedOtherIncome": 68075000, "calculatedIncomeNonControlling": 0, "calculatedEbitda": -529276000}, {"date": "2019-12-31", "symbol": "SRPT", "reportedCurrency": "USD", "cik": "0000873303", "fillingDate": "2020-02-26", "acceptedDate": "2020-02-26 16:04:53", "calendarYear": "2019", "period": "FY", "revenue": 380833000, "costOfRevenue": 56586000, "grossProfit": 324247000, "grossProfitRatio": 0.8514151872, "researchAndDevelopmentExpenses": 560909000, "generalAndAdministrativeExpenses": 284812000, "sellingAndMarketingExpenses": 0, "sellingGeneralAndAdministrativeExpenses": 284812000, "otherExpenses": 849000, "operatingExpenses": 846570000, "costAndExpenses": 903156000, "interestIncome": 7238000, "interestExpense": 30669000, "depreciationAndAmortization": 52899000, "ebitda": -469424000, "ebitdaratio": -1.2326242736, "operatingIncome": -522323000, "operatingIncomeRatio": -1.3715276775, "totalOtherIncomeExpensesNet": -191557000, "incomeBeforeTax": -713880000, "incomeBeforeTaxRatio": -1.8745224285, "incomeTaxExpense": 1195000, "netIncome": -715075000, "netIncomeRatio": -1.8776602868, "eps": -9.71, "epsdiluted": -9.71, "weightedAverageShsOut": 73615000, "weightedAverageShsOutDil": 73615000, "link": "https://www.sec.gov/Archives/edgar/data/873303/000156459020006769/0001564590-20-006769-index.htm", "finalLink": "https://www.sec.gov/Archives/edgar/data/873303/000156459020006769/srpt-10k_20191231.htm", "calculatedOtherExpenses": 849000, "calculatedOperatingExpenses": 846570000, "calculatedNetInterest": -23431000, "calculatedOtherIncome": -168126000, "calculatedIncomeNonControlling": 0, "calculatedEbitda": -469424000}, {"date": "2018-12-31", "symbol": "SRPT", "reportedCurrency": "USD", "cik": "0000873303", "fillingDate": "2019-02-28", "acceptedDate": "2019-02-28 07:07:18", "calendarYear": "2018", "period": "FY", "revenue": 301034000, "costOfRevenue": 34193000, "grossProfit": 266841000, "grossProfitRatio": 0.8864148236, "researchAndDevelopmentExpenses": 401843000, "generalAndAdministrativeExpenses": 209983000, "sellingAndMarketingExpenses": -2222000, "sellingGeneralAndAdministrativeExpenses": 207761000, "otherExpenses": -656000, "operatingExpenses": 610469000, "costAndExpenses": 644662000, "interestIncome": 6810000, "interestExpense": 33709000, "depreciationAndAmortization": 865000, "ebitda": -342763000, "ebitdaratio": -1.1386188935, "operatingIncome": -343628000, "operatingIncomeRatio": -1.1414923231, "totalOtherIncomeExpensesNet": 10139000, "incomeBeforeTax": -362610000, "incomeBeforeTaxRatio": -1.2045483234, "incomeTaxExpense": -692000, "netIncome": -361918000, "netIncomeRatio": -1.2022495798, "eps": -5.46, "epsdiluted": -5.46, "weightedAverageShsOut": 66250000, "weightedAverageShsOutDil": 66250000, "link": "https://www.sec.gov/Archives/edgar/data/873303/000156459019005170/0001564590-19-005170-index.htm", "finalLink": "https://www.sec.gov/Archives/edgar/data/873303/000156459019005170/srpt-10k_20181231.htm", "calculatedOtherExpenses": 865000, "calculatedOperatingExpenses": 610469000, "calculatedNetInterest": -26899000, "calculatedOtherIncome": 7917000, "calculatedIncomeNonControlling": 0, "calculatedEbitda": -342763000}, {"date": "2017-12-31", "symbol": "SRPT", "reportedCurrency": "USD", "cik": "0000873303", "fillingDate": "2018-03-01", "acceptedDate": "2018-03-01 16:11:59", "calendarYear": "2017", "period": "FY", "revenue": 154584000, "costOfRevenue": 7353000, "grossProfit": 147231000, "grossProfitRatio": 0.9524336283, "researchAndDevelopmentExpenses": 166707000, "generalAndAdministrativeExpenses": 119850000, "sellingAndMarketingExpenses": 2832000, "sellingGeneralAndAdministrativeExpenses": 122682000, "otherExpenses": 1982000, "operatingExpenses": 290442000, "costAndExpenses": 297795000, "interestIncome": 1809000, "interestExpense": 5781000, "depreciationAndAmortization": 1053000, "ebitda": -238731000, "ebitdaratio": -1.5443448222, "operatingIncome": -171638000, "operatingIncomeRatio": -1.1103218962, "totalOtherIncomeExpensesNet": 96573000, "incomeBeforeTax": -48628000, "incomeBeforeTaxRatio": -0.3145733064, "incomeTaxExpense": 2060000, "netIncome": -50688000, "netIncomeRatio": -0.3278993945, "eps": -0.86, "epsdiluted": -0.86, "weightedAverageShsOut": 58818000, "weightedAverageShsOutDil": 58818000, "link": "https://www.sec.gov/Archives/edgar/data/873303/000156459018004107/0001564590-18-004107-index.htm", "finalLink": "https://www.sec.gov/Archives/edgar/data/873303/000156459018004107/srpt-10k_20171231.htm", "calculatedOtherExpenses": 29480000, "calculatedOperatingExpenses": 318869000, "calculatedNetInterest": -3972000, "calculatedOtherIncome": 126982000, "calculatedIncomeNonControlling": 0, "calculatedEbitda": -170585000}, {"date": "2016-12-31", "symbol": "SRPT", "reportedCurrency": "USD", "cik": "0000873303", "fillingDate": "2017-02-28", "acceptedDate": "2017-02-28 16:02:54", "calendarYear": "2016", "period": "FY", "revenue": 5421000, "costOfRevenue": 130000, "grossProfit": 5291000, "grossProfitRatio": 0.9760191847, "researchAndDevelopmentExpenses": 188272000, "generalAndAdministrativeExpenses": 81201000, "sellingAndMarketingExpenses": 2548000, "sellingGeneralAndAdministrativeExpenses": 83749000, "otherExpenses": 0, "operatingExpenses": 272021000, "costAndExpenses": 272151000, "interestIncome": 0, "interestExpense": -535000, "depreciationAndAmortization": 5611000, "ebitda": -266730000, "ebitdaratio": -49.2030990592, "operatingIncome": -266730000, "operatingIncomeRatio": -49.2030990592, "totalOtherIncomeExpensesNet": -2548000, "incomeBeforeTax": -267265000, "incomeBeforeTaxRatio": -49.3017893378, "incomeTaxExpense": -7624000, "netIncome": -267265000, "netIncomeRatio": -49.3017893378, "eps": -5.49, "epsdiluted": -5.49, "weightedAverageShsOut": 48682149, "weightedAverageShsOutDil": 48697000, "link": "https://www.sec.gov/Archives/edgar/data/873303/000156459017002842/0001564590-17-002842-index.htm", "finalLink": "https://www.sec.gov/Archives/edgar/data/873303/000156459017002842/srpt-10k_20161231.htm", "calculatedOtherExpenses": 0, "calculatedOperatingExpenses": 272021000, "calculatedNetInterest": 535000, "calculatedOtherIncome": -1070000, "calculatedIncomeNonControlling": 7624000, "calculatedEbitda": -261119000}, {"date": "2015-12-31", "symbol": "SRPT", "reportedCurrency": "USD", "cik": "0000873303", "fillingDate": "2016-02-25", "acceptedDate": "2016-02-25 16:02:46", "calendarYear": "2015", "period": "FY", "revenue": 1253000, "costOfRevenue": 146194000, "grossProfit": -144941000, "grossProfitRatio": -115.675179569, "researchAndDevelopmentExpenses": 146394000, "generalAndAdministrativeExpenses": 75043000, "sellingAndMarketingExpenses": 0, "sellingGeneralAndAdministrativeExpenses": 75043000, "otherExpenses": 0, "operatingExpenses": 221437000, "costAndExpenses": 221437000, "interestIncome": 0, "interestExpense": 0, "depreciationAndAmortization": 5247000, "ebitda": -220184000, "ebitdaratio": -175.7254588986, "operatingIncome": -220184000, "operatingIncomeRatio": -175.7254588986, "totalOtherIncomeExpensesNet": 154000, "incomeBeforeTax": -220030000, "incomeBeforeTaxRatio": -175.6025538707, "incomeTaxExpense": -5247000, "netIncome": -220030000, "netIncomeRatio": -175.6025538707, "eps": -5.2, "epsdiluted": -5.2, "weightedAverageShsOut": 42290000, "weightedAverageShsOutDil": 42290000, "link": "https://www.sec.gov/Archives/edgar/data/873303/000156459016013358/0001564590-16-013358-index.htm", "finalLink": "https://www.sec.gov/Archives/edgar/data/873303/000156459016013358/srpt-10k_20151231.htm", "calculatedOtherExpenses": -146194000, "calculatedOperatingExpenses": 75243000, "calculatedNetInterest": 0, "calculatedOtherIncome": 154000, "calculatedIncomeNonControlling": 5247000, "calculatedEbitda": -214937000}, {"date": "2014-12-31", "symbol": "SRPT", "reportedCurrency": "USD", "cik": "0000873303", "fillingDate": "2015-02-26", "acceptedDate": "2015-02-26 07:06:08", "calendarYear": "2014", "period": "FY", "revenue": 9757000, "costOfRevenue": 94103000, "grossProfit": -84346000, "grossProfitRatio": -8.6446653685, "researchAndDevelopmentExpenses": 94231000, "generalAndAdministrativeExpenses": 49315000, "sellingAndMarketingExpenses": 0, "sellingGeneralAndAdministrativeExpenses": 49315000, "otherExpenses": 0, "operatingExpenses": 143546000, "costAndExpenses": 143546000, "interestIncome": 0, "interestExpense": 0, "depreciationAndAmortization": 3690000, "ebitda": -131010000, "ebitdaratio": -13.4272829763, "operatingIncome": -133789000, "operatingIncomeRatio": -13.7121041304, "totalOtherIncomeExpensesNet": -2779000, "incomeBeforeTax": -135789000, "incomeBeforeTaxRatio": -13.9170851696, "incomeTaxExpense": -1690000, "netIncome": -135789000, "netIncomeRatio": -13.9170851696, "eps": -3.39, "epsdiluted": -3.39, "weightedAverageShsOut": 40026000, "weightedAverageShsOutDil": 40026000, "link": "https://www.sec.gov/Archives/edgar/data/873303/000119312515063997/0001193125-15-063997-index.htm", "finalLink": "https://www.sec.gov/Archives/edgar/data/873303/000119312515063997/d835729d10k.htm", "calculatedOtherExpenses": -94103000, "calculatedOperatingExpenses": 49443000, "calculatedNetInterest": 0, "calculatedOtherIncome": -2000000, "calculatedIncomeNonControlling": 1690000, "calculatedEbitda": -130099000}, {"date": "2013-12-31", "symbol": "SRPT", "reportedCurrency": "USD", "cik": "0000873303", "fillingDate": "2014-03-03", "acceptedDate": "2014-03-03 16:59:00", "calendarYear": "2013", "period": "FY", "revenue": 14219000, "costOfRevenue": 90284000, "grossProfit": -76065000, "grossProfitRatio": -5.3495323159, "researchAndDevelopmentExpenses": 72909000, "generalAndAdministrativeExpenses": 31594000, "sellingAndMarketingExpenses": 0, "sellingGeneralAndAdministrativeExpenses": 31594000, "otherExpenses": 0, "operatingExpenses": 104503000, "costAndExpenses": 104503000, "interestIncome": 0, "interestExpense": 326000, "depreciationAndAmortization": 1277000, "ebitda": -68257000, "ebitdaratio": -4.8004079049, "operatingIncome": -90284000, "operatingIncomeRatio": -6.3495323159, "totalOtherIncomeExpensesNet": -22027000, "incomeBeforeTax": -111985000, "incomeBeforeTaxRatio": -7.8757296575, "incomeTaxExpense": 20424000, "netIncome": -111985000, "netIncomeRatio": -7.8757296575, "eps": -3.31, "epsdiluted": -3.31, "weightedAverageShsOut": 33832326, "weightedAverageShsOutDil": 33850000, "link": "https://www.sec.gov/Archives/edgar/data/873303/000119312514080447/0001193125-14-080447-index.htm", "finalLink": "https://www.sec.gov/Archives/edgar/data/873303/000119312514080447/d628320d10k.htm", "calculatedOtherExpenses": -90284000, "calculatedOperatingExpenses": 14219000, "calculatedNetInterest": -326000, "calculatedOtherIncome": -21375000, "calculatedIncomeNonControlling": -20424000, "calculatedEbitda": -89007000}, {"date": "2012-12-31", "symbol": "SRPT", "reportedCurrency": "USD", "cik": "0000873303", "fillingDate": "2013-03-15", "acceptedDate": "2013-03-15 16:09:36", "calendarYear": "2012", "period": "FY", "revenue": 37329000, "costOfRevenue": 51933000, "grossProfit": -14604000, "grossProfitRatio": -0.3912239814, "researchAndDevelopmentExpenses": 52402000, "generalAndAdministrativeExpenses": 14630000, "sellingAndMarketingExpenses": 0, "sellingGeneralAndAdministrativeExpenses": 14630000, "otherExpenses": 0, "operatingExpenses": 67032000, "costAndExpenses": 67032000, "interestIncome": 0, "interestExpense": 0, "depreciationAndAmortization": 1525000, "ebitda": 63760000, "ebitdaratio": 1.7080553993, "operatingIncome": -29703000, "operatingIncomeRatio": -0.7957084304, "totalOtherIncomeExpensesNet": -91938000, "incomeBeforeTax": -121287000, "incomeBeforeTaxRatio": -3.2491360604, "incomeTaxExpense": 91584000, "netIncome": -121287000, "netIncomeRatio": -3.2491360604, "eps": -5.14, "epsdiluted": -5.14, "weightedAverageShsOut": 23596692, "weightedAverageShsOutDil": 23602000, "link": "https://www.sec.gov/Archives/edgar/data/873303/000119312513109941/0001193125-13-109941-index.htm", "finalLink": "https://www.sec.gov/Archives/edgar/data/873303/000119312513109941/d446380d10k.htm", "calculatedOtherExpenses": -51933000, "calculatedOperatingExpenses": 15099000, "calculatedNetInterest": 0, "calculatedOtherIncome": -91584000, "calculatedIncomeNonControlling": -91584000, "calculatedEbitda": -28178000}, {"date": "2011-12-31", "symbol": "SRPT", "reportedCurrency": "USD", "cik": "0000873303", "fillingDate": "2012-03-13", "acceptedDate": "2012-03-13 16:38:27", "calendarYear": "2011", "period": "FY", "revenue": 46990000, "costOfRevenue": 35927000, "grossProfit": 11063000, "grossProfitRatio": 0.2354330709, "researchAndDevelopmentExpenses": 66862000, "generalAndAdministrativeExpenses": 16055000, "sellingAndMarketingExpenses": 0, "sellingGeneralAndAdministrativeExpenses": 16055000, "otherExpenses": 0, "operatingExpenses": 82917000, "costAndExpenses": 82917000, "interestIncome": 677000, "interestExpense": 90000, "depreciationAndAmortization": 1300000, "ebitda": -68949000, "ebitdaratio": -1.4673121941, "operatingIncome": -35927000, "operatingIncomeRatio": -0.7645669291, "totalOtherIncomeExpensesNet": 33022000, "incomeBeforeTax": -2318000, "incomeBeforeTaxRatio": -0.0493296446, "incomeTaxExpense": -34909000, "netIncome": -2318000, "netIncomeRatio": -0.0493296446, "eps": -0.11, "epsdiluted": -0.11, "weightedAverageShsOut": 21599209, "weightedAverageShsOutDil": 21599209, "link": "https://www.sec.gov/Archives/edgar/data/873303/000119312512112142/0001193125-12-112142-index.htm", "finalLink": "https://www.sec.gov/Archives/edgar/data/873303/000119312512112142/d252735d10k.htm", "calculatedOtherExpenses": -35927000, "calculatedOperatingExpenses": 46990000, "calculatedNetInterest": 587000, "calculatedOtherIncome": 33022000, "calculatedIncomeNonControlling": 34909000, "calculatedEbitda": -34627000}, {"date": "2010-12-31", "symbol": "SRPT", "reportedCurrency": "USD", "cik": "0000873303", "fillingDate": "2011-03-15", "acceptedDate": "2011-03-14 20:56:14", "calendarYear": "2010", "period": "FY", "revenue": 29420000, "costOfRevenue": 27458000, "grossProfit": 1962000, "grossProfitRatio": 0.066689327, "researchAndDevelopmentExpenses": 35972000, "generalAndAdministrativeExpenses": 14382000, "sellingAndMarketingExpenses": 0, "sellingGeneralAndAdministrativeExpenses": 14382000, "otherExpenses": 0, "operatingExpenses": 50354000, "costAndExpenses": 50354000, "interestIncome": 0, "interestExpense": 344000, "depreciationAndAmortization": 1463000, "ebitda": -7969000, "ebitdaratio": -0.2708701564, "operatingIncome": -20934000, "operatingIncomeRatio": -0.7115567641, "totalOtherIncomeExpensesNet": -11502000, "incomeBeforeTax": -23953000, "incomeBeforeTaxRatio": -0.8141740313, "incomeTaxExpense": 11243000, "netIncome": -32177000, "netIncomeRatio": -1.0937117607, "eps": -1.74, "epsdiluted": -1.74, "weightedAverageShsOut": 18539000, "weightedAverageShsOutDil": 18539000, "link": "https://www.sec.gov/Archives/edgar/data/873303/000119312511066190/0001193125-11-066190-index.htm", "finalLink": "https://www.sec.gov/Archives/edgar/data/873303/000119312511066190/d10k.htm", "calculatedOtherExpenses": -27458000, "calculatedOperatingExpenses": 22896000, "calculatedNetInterest": -344000, "calculatedOtherIncome": -2675000, "calculatedIncomeNonControlling": -3019000, "calculatedEbitda": -19471000}, {"date": "2009-12-31", "symbol": "SRPT", "reportedCurrency": "USD", "cik": "0000873303", "fillingDate": "2010-03-16", "acceptedDate": "2010-03-16 16:59:58", "calendarYear": "2009", "period": "FY", "revenue": 17585000, "costOfRevenue": 0, "grossProfit": 17585000, "grossProfitRatio": 1, "researchAndDevelopmentExpenses": 24396000, "generalAndAdministrativeExpenses": 8696000, "sellingAndMarketingExpenses": 0, "sellingGeneralAndAdministrativeExpenses": 8696000, "otherExpenses": 0, "operatingExpenses": 33092000, "costAndExpenses": 33092000, "interestIncome": 0, "interestExpense": 454000, "depreciationAndAmortization": 1379000, "ebitda": -4930000, "ebitdaratio": -0.2803525732, "operatingIncome": -15507000, "operatingIncomeRatio": -0.8818311061, "totalOtherIncomeExpensesNet": -9198000, "incomeBeforeTax": -24705000, "incomeBeforeTaxRatio": -1.4048905317, "incomeTaxExpense": 9652000, "netIncome": -25159000, "netIncomeRatio": -1.4307079898, "eps": -1.62, "epsdiluted": -1.62, "weightedAverageShsOut": 15515031, "weightedAverageShsOutDil": 15515031, "link": "https://www.sec.gov/Archives/edgar/data/873303/000110465910014622/0001104659-10-014622-index.htm", "finalLink": "https://www.sec.gov/Archives/edgar/data/873303/000110465910014622/a09-35851_110k.htm", "calculatedOtherExpenses": 0, "calculatedOperatingExpenses": 33092000, "calculatedNetInterest": -454000, "calculatedOtherIncome": -8744000, "calculatedIncomeNonControlling": -9198000, "calculatedEbitda": -14128000}, {"date": "2008-12-31", "symbol": "SRPT", "reportedCurrency": "USD", "cik": "0000873303", "fillingDate": "2009-03-10", "acceptedDate": "2009-03-10 15:26:07", "calendarYear": "2008", "period": "FY", "revenue": 21258155, "costOfRevenue": 0, "grossProfit": 21258155, "grossProfitRatio": 1, "researchAndDevelopmentExpenses": 29002504, "generalAndAdministrativeExpenses": 9796947, "sellingAndMarketingExpenses": 0, "sellingGeneralAndAdministrativeExpenses": 9796947, "otherExpenses": 0, "operatingExpenses": 38799451, "costAndExpenses": 38799451, "interestIncome": 0, "interestExpense": 0, "depreciationAndAmortization": 1468980, "ebitda": -9317122, "ebitdaratio": -0.4382846018, "operatingIncome": -27457567, "operatingIncomeRatio": -1.2916251199, "totalOtherIncomeExpensesNet": -6755194, "incomeBeforeTax": -23952625, "incomeBeforeTaxRatio": -1.1267499461, "incomeTaxExpense": 6411329, "netIncome": -23952625, "netIncomeRatio": -1.1267499461, "eps": -2.07, "epsdiluted": -2.07, "weightedAverageShsOut": 11581856, "weightedAverageShsOutDil": 11581856, "link": "https://www.sec.gov/Archives/edgar/data/873303/000110465909016044/0001104659-09-016044-index.htm", "finalLink": "https://www.sec.gov/Archives/edgar/data/873303/000110465909016044/a09-1369_110k.htm", "calculatedOtherExpenses": 9916271, "calculatedOperatingExpenses": 48715722, "calculatedNetInterest": 0, "calculatedOtherIncome": 3504942, "calculatedIncomeNonControlling": -6411329, "calculatedEbitda": -25988587}, {"date": "2007-12-31", "symbol": "SRPT", "reportedCurrency": "USD", "cik": "0000873303", "fillingDate": "2008-03-17", "acceptedDate": "2008-03-17 16:32:57", "calendarYear": "2007", "period": "FY", "revenue": 10985191, "costOfRevenue": 0, "grossProfit": 10985191, "grossProfitRatio": 1, "researchAndDevelopmentExpenses": 34760402, "generalAndAdministrativeExpenses": 9332365, "sellingAndMarketingExpenses": 0, "sellingGeneralAndAdministrativeExpenses": 9332365, "otherExpenses": 0, "operatingExpenses": 44092767, "costAndExpenses": 44092767, "interestIncome": 0, "interestExpense": 0, "depreciationAndAmortization": 2013859, "ebitda": -36049592, "ebitdaratio": -3.2816536372, "operatingIncome": -33107576, "operatingIncomeRatio": -3.013837083, "totalOtherIncomeExpensesNet": 4955875, "incomeBeforeTax": -28151701, "incomeBeforeTaxRatio": -2.5626956327, "incomeTaxExpense": -5939851, "netIncome": -27167725, "netIncomeRatio": -2.4731226794, "eps": -3.02, "epsdiluted": -3.02, "weightedAverageShsOut": 8990353, "weightedAverageShsOutDil": 8990353, "link": "https://www.sec.gov/Archives/edgar/data/873303/000110465908018004/0001104659-08-018004-index.htm", "finalLink": "https://www.sec.gov/Archives/edgar/data/873303/000110465908018004/a08-2579_110k.htm", "calculatedOtherExpenses": 0, "calculatedOperatingExpenses": 44092767, "calculatedNetInterest": 0, "calculatedOtherIncome": 4955875, "calculatedIncomeNonControlling": 4955875, "calculatedEbitda": -31093717}, {"date": "2006-12-31", "symbol": "SRPT", "reportedCurrency": "USD", "cik": "0000873303", "fillingDate": "2007-03-16", "acceptedDate": "2007-03-16 16:40:08", "calendarYear": "2006", "period": "FY", "revenue": 115291, "costOfRevenue": 0, "grossProfit": 115291, "grossProfitRatio": 1, "researchAndDevelopmentExpenses": 25345588, "generalAndAdministrativeExpenses": 7752752, "sellingAndMarketingExpenses": 0, "sellingGeneralAndAdministrativeExpenses": 7752752, "otherExpenses": 0, "operatingExpenses": 33098340, "costAndExpenses": 33098340, "interestIncome": 1910037, "interestExpense": 0, "depreciationAndAmortization": 2090375, "ebitda": -30892674, "ebitdaratio": -267.9539079373, "operatingIncome": -32983049, "operatingIncomeRatio": -286.0852017937, "totalOtherIncomeExpensesNet": 1910037, "incomeBeforeTax": -31073012, "incomeBeforeTaxRatio": -269.518106357, "incomeTaxExpense": 0, "netIncome": -31073012, "netIncomeRatio": -269.518106357, "eps": -3.54, "epsdiluted": -3.54, "weightedAverageShsOut": 8776802, "weightedAverageShsOutDil": 8776802, "link": "https://www.sec.gov/Archives/edgar/data/873303/000110465907020052/0001104659-07-020052-index.htm", "finalLink": "https://www.sec.gov/Archives/edgar/data/873303/000110465907020052/a07-5560_110k.htm", "calculatedOtherExpenses": 0, "calculatedOperatingExpenses": 33098340, "calculatedNetInterest": 1910037, "calculatedOtherIncome": 0, "calculatedIncomeNonControlling": 0, "calculatedEbitda": -30892674}, {"date": "2005-12-31", "symbol": "SRPT", "reportedCurrency": "USD", "cik": "0000873303", "fillingDate": "2006-03-16", "acceptedDate": "2006-03-16 12:30:13", "calendarYear": "2005", "period": "FY", "revenue": 4783760, "costOfRevenue": 0, "grossProfit": 4783760, "grossProfitRatio": 1, "researchAndDevelopmentExpenses": 17117750, "generalAndAdministrativeExpenses": 5182369, "sellingAndMarketingExpenses": 0, "sellingGeneralAndAdministrativeExpenses": 5182369, "otherExpenses": 0, "operatingExpenses": 22300119, "costAndExpenses": 22300119, "interestIncome": 840495, "interestExpense": 0, "depreciationAndAmortization": 1997672, "ebitda": -15518687, "ebitdaratio": -3.2440354449, "operatingIncome": -17516359, "operatingIncomeRatio": -3.6616299731, "totalOtherIncomeExpensesNet": 840495, "incomeBeforeTax": -16675864, "incomeBeforeTaxRatio": -3.4859324046, "incomeTaxExpense": 0, "netIncome": -16675864, "netIncomeRatio": -3.4859324046, "eps": -2.24, "epsdiluted": -2.24, "weightedAverageShsOut": 7442516, "weightedAverageShsOutDil": 7442516, "link": "https://www.sec.gov/Archives/edgar/data/873303/000110465906017196/0001104659-06-017196-index.htm", "finalLink": "https://www.sec.gov/Archives/edgar/data/873303/000110465906017196/a06-2021_110k.htm", "calculatedOtherExpenses": 0, "calculatedOperatingExpenses": 22300119, "calculatedNetInterest": 840495, "calculatedOtherIncome": 0, "calculatedIncomeNonControlling": 0, "calculatedEbitda": -15518687}, {"date": "2004-12-31", "symbol": "SRPT", "reportedCurrency": "USD", "cik": "0000873303", "fillingDate": "2005-03-16", "acceptedDate": "2005-03-16 14:56:33", "calendarYear": "2004", "period": "FY", "revenue": 430461, "costOfRevenue": 0, "grossProfit": 430461, "grossProfitRatio": 1, "researchAndDevelopmentExpenses": 20738725, "generalAndAdministrativeExpenses": 4735731, "sellingAndMarketingExpenses": 0, "sellingGeneralAndAdministrativeExpenses": 4735731, "otherExpenses": 0, "operatingExpenses": 25474456, "costAndExpenses": 25474456, "interestIncome": 0, "interestExpense": 0, "depreciationAndAmortization": 1888008, "ebitda": -23155987, "ebitdaratio": -53.7934609639, "operatingIncome": -25043995, "operatingIncomeRatio": -58.1794750279, "totalOtherIncomeExpensesNet": 266301, "incomeBeforeTax": -24777694, "incomeBeforeTaxRatio": -57.5608336179, "incomeTaxExpense": 0, "netIncome": -24777694, "netIncomeRatio": -57.5608336179, "eps": -4.13, "epsdiluted": -4.13, "weightedAverageShsOut": 5999174, "weightedAverageShsOutDil": 5999174, "link": "https://www.sec.gov/Archives/edgar/data/873303/000110465905011420/0001104659-05-011420-index.htm", "finalLink": "https://www.sec.gov/Archives/edgar/data/873303/000110465905011420/a05-1837_110k.htm", "calculatedOtherExpenses": 0, "calculatedOperatingExpenses": 25474456, "calculatedNetInterest": 0, "calculatedOtherIncome": 266301, "calculatedIncomeNonControlling": 0, "calculatedEbitda": -23155987}, {"date": "2003-12-31", "symbol": "SRPT", "reportedCurrency": "USD", "cik": "0000873303", "fillingDate": "2004-03-15", "acceptedDate": "2004-03-15 12:23:59", "calendarYear": "2003", "period": "FY", "revenue": 969866, "costOfRevenue": 0, "grossProfit": 969866, "grossProfitRatio": 1, "researchAndDevelopmentExpenses": 15284396, "generalAndAdministrativeExpenses": 4558948, "sellingAndMarketingExpenses": 0, "sellingGeneralAndAdministrativeExpenses": 4558948, "otherExpenses": 0, "operatingExpenses": 19843344, "costAndExpenses": 19843344, "interestIncome": 491098, "interestExpense": 0, "depreciationAndAmortization": 1484349, "ebitda": -21154881, "ebitdaratio": -21.8121688976, "operatingIncome": -18873478, "operatingIncomeRatio": -19.4598820868, "totalOtherIncomeExpensesNet": 3765752, "incomeBeforeTax": -14616628, "incomeBeforeTaxRatio": -15.0707706013, "incomeTaxExpense": -4256850, "netIncome": -14616628, "netIncomeRatio": -15.0707706013, "eps": -2.94, "epsdiluted": -2.94, "weightedAverageShsOut": 4968099, "weightedAverageShsOutDil": 4968099, "link": "https://www.sec.gov/Archives/edgar/data/873303/000110465904007381/0001104659-04-007381-index.htm", "finalLink": "https://www.sec.gov/Archives/edgar/data/873303/000110465904007381/a04-3283_110k.htm", "calculatedOtherExpenses": 0, "calculatedOperatingExpenses": 19843344, "calculatedNetInterest": 491098, "calculatedOtherIncome": 3765752, "calculatedIncomeNonControlling": 4256850, "calculatedEbitda": -17389129}, {"date": "2002-12-31", "symbol": "SRPT", "reportedCurrency": "USD", "cik": "0000873303", "fillingDate": "2003-03-31", "acceptedDate": "2003-03-31 10:40:56", "calendarYear": "2002", "period": "FY", "revenue": 836784, "costOfRevenue": 0, "grossProfit": 836784, "grossProfitRatio": 1, "researchAndDevelopmentExpenses": 22413892, "generalAndAdministrativeExpenses": 3763941, "sellingAndMarketingExpenses": 0, "sellingGeneralAndAdministrativeExpenses": 3763941, "otherExpenses": 0, "operatingExpenses": 26177833, "costAndExpenses": 26177833, "interestIncome": 0, "interestExpense": 0, "depreciationAndAmortization": 1333335, "ebitda": -19529454, "ebitdaratio": -23.3387038949, "operatingIncome": -25341049, "operatingIncomeRatio": -30.283859395, "totalOtherIncomeExpensesNet": -4478260, "incomeBeforeTax": -29359051, "incomeBeforeTaxRatio": -35.0855788352, "incomeTaxExpense": 4018002, "netIncome": -29359051, "netIncomeRatio": -35.0855788352, "eps": -6.86, "epsdiluted": -6.86, "weightedAverageShsOut": 4281933, "weightedAverageShsOutDil": 4281933, "link": "https://www.sec.gov/Archives/edgar/data/873303/000110465903005410/0001104659-03-005410-index.htm", "finalLink": "https://www.sec.gov/Archives/edgar/data/873303/000110465903005410/j8825_10k.htm", "calculatedOtherExpenses": 0, "calculatedOperatingExpenses": 26177833, "calculatedNetInterest": 0, "calculatedOtherIncome": -4018002, "calculatedIncomeNonControlling": -4018002, "calculatedEbitda": -24007714}, {"date": "2001-12-31", "symbol": "SRPT", "reportedCurrency": "USD", "cik": "0000873303", "fillingDate": "2002-04-01", "acceptedDate": "2002-04-01 00:00:00", "calendarYear": "2001", "period": "FY", "revenue": 706102, "costOfRevenue": 0, "grossProfit": 706102, "grossProfitRatio": 1, "researchAndDevelopmentExpenses": 12750901, "generalAndAdministrativeExpenses": 3357817, "sellingAndMarketingExpenses": 0, "sellingGeneralAndAdministrativeExpenses": 3357817, "otherExpenses": 0, "operatingExpenses": 16108718, "costAndExpenses": 16108718, "interestIncome": 0, "interestExpense": 0, "depreciationAndAmortization": 556472, "ebitda": -2323056, "ebitdaratio": -3.2899722703, "operatingIncome": -15402616, "operatingIncomeRatio": -21.8135850061, "totalOtherIncomeExpensesNet": -12523088, "incomeBeforeTax": -8278441, "incomeBeforeTaxRatio": -11.7241432541, "incomeTaxExpense": 11522558, "netIncome": -26925174, "netIncomeRatio": -38.1321310519, "eps": -7.21, "epsdiluted": -7.21, "weightedAverageShsOut": 3733174, "weightedAverageShsOutDil": 3733174, "link": "https://www.sec.gov/Archives/edgar/data/873303/000110465902001268/0001104659-02-001268-index.htm", "finalLink": "https://www.sec.gov/Archives/edgar/data/873303/000110465902001268/j3110_10k.htm", "calculatedOtherExpenses": 0, "calculatedOperatingExpenses": 16108718, "calculatedNetInterest": 0, "calculatedOtherIncome": 7124175, "calculatedIncomeNonControlling": 7124175, "calculatedEbitda": -14846144}, {"date": "2000-12-31", "symbol": "SRPT", "reportedCurrency": "USD", "cik": "0000873303", "fillingDate": "2001-03-27", "acceptedDate": "2001-03-27 00:00:00", "calendarYear": "2000", "period": "FY", "revenue": 1297338, "costOfRevenue": -416497, "grossProfit": 1713835, "grossProfitRatio": 1.3210396982, "researchAndDevelopmentExpenses": 9268330, "generalAndAdministrativeExpenses": 2270302, "sellingAndMarketingExpenses": 0, "sellingGeneralAndAdministrativeExpenses": 2270302, "otherExpenses": 416497, "operatingExpenses": 11955129, "costAndExpenses": 11538632, "interestIncome": 1001338, "interestExpense": 0, "depreciationAndAmortization": 416497, "ebitda": -9824797, "ebitdaratio": -7.5730434166, "operatingIncome": -10241294, "operatingIncomeRatio": -7.8940831148, "totalOtherIncomeExpensesNet": 1001338, "incomeBeforeTax": -9239956, "incomeBeforeTaxRatio": -7.122242623, "incomeTaxExpense": 0, "netIncome": -9239956, "netIncomeRatio": -7.122242623, "eps": -2.96, "epsdiluted": -2.96, "weightedAverageShsOut": 3120761, "weightedAverageShsOutDil": 3120761, "link": "https://www.sec.gov/Archives/edgar/data/873303/000091205701008483/0000912057-01-008483-index.htm", "finalLink": "https://www.sec.gov/Archives/edgar/data/873303/000091205701008483/a2042175z10-k.htm", "calculatedOtherExpenses": 416497, "calculatedOperatingExpenses": 11955129, "calculatedNetInterest": 1001338, "calculatedOtherIncome": 0, "calculatedIncomeNonControlling": 0, "calculatedEbitda": -9824797}, {"date": "1999-12-31", "symbol": "SRPT", "reportedCurrency": "USD", "cik": "0000873303", "fillingDate": "2000-02-29", "acceptedDate": "2000-02-29 00:00:00", "calendarYear": "1999", "period": "FY", "revenue": 100000, "costOfRevenue": 0, "grossProfit": 100000, "grossProfitRatio": 1, "researchAndDevelopmentExpenses": 6700000, "generalAndAdministrativeExpenses": 1700000, "sellingAndMarketingExpenses": 0, "sellingGeneralAndAdministrativeExpenses": 1700000, "otherExpenses": 0, "operatingExpenses": 8400000, "costAndExpenses": 8400000, "interestIncome": 0, "interestExpense": 0, "depreciationAndAmortization": 300000, "ebitda": -7900000, "ebitdaratio": -79, "operatingIncome": -8300000, "operatingIncomeRatio": -83, "totalOtherIncomeExpensesNet": -100000, "incomeBeforeTax": -8400000, "incomeBeforeTaxRatio": -84, "incomeTaxExpense": 0, "netIncome": -8300000, "netIncomeRatio": -83, "eps": -3.71, "epsdiluted": -3.71, "weightedAverageShsOut": 2240038, "weightedAverageShsOutDil": 2240038, "link": "https://www.sec.gov/Archives/edgar/data/873303/000091205700008981/0000912057-00-008981-index.html", "finalLink": "https://www.sec.gov/Archives/edgar/data/873303/000091205700008981/", "calculatedOtherExpenses": 0, "calculatedOperatingExpenses": 8400000, "calculatedNetInterest": 0, "calculatedOtherIncome": -100000, "calculatedIncomeNonControlling": -100000, "calculatedEbitda": -8000000}, {"date": "1998-12-31", "symbol": "SRPT", "reportedCurrency": "USD", "cik": "0000873303", "fillingDate": "1999-03-30", "acceptedDate": "1999-03-30 00:00:00", "calendarYear": "1998", "period": "FY", "revenue": 200000, "costOfRevenue": -200000, "grossProfit": 400000, "grossProfitRatio": 2, "researchAndDevelopmentExpenses": 6300000, "generalAndAdministrativeExpenses": 1600000, "sellingAndMarketingExpenses": 0, "sellingGeneralAndAdministrativeExpenses": 1600000, "otherExpenses": 200000, "operatingExpenses": 8100000, "costAndExpenses": 7900000, "interestIncome": 0, "interestExpense": 0, "depreciationAndAmortization": 200000, "ebitda": 11500000, "ebitdaratio": 57.5, "operatingIncome": -7700000, "operatingIncomeRatio": -38.5, "totalOtherIncomeExpensesNet": -19000000, "incomeBeforeTax": -26700000, "incomeBeforeTaxRatio": -133.5, "incomeTaxExpense": 19000000, "netIncome": -26700000, "netIncomeRatio": -133.5, "eps": -13.57, "epsdiluted": -13.57, "weightedAverageShsOut": 1966912, "weightedAverageShsOutDil": 1966912, "link": "https://www.sec.gov/Archives/edgar/data/873303/000104746999012324/0001047469-99-012324-index.html", "finalLink": "https://www.sec.gov/Archives/edgar/data/873303/", "calculatedOtherExpenses": 200000, "calculatedOperatingExpenses": 8100000, "calculatedNetInterest": 0, "calculatedOtherIncome": -19000000, "calculatedIncomeNonControlling": -19000000, "calculatedEbitda": -7500000}, {"date": "1997-12-31", "symbol": "SRPT", "reportedCurrency": "USD", "cik": "0000873303", "fillingDate": "1998-03-30", "acceptedDate": "1998-03-30 00:00:00", "calendarYear": "1997", "period": "FY", "revenue": 100000, "costOfRevenue": -500000, "grossProfit": 600000, "grossProfitRatio": 6, "researchAndDevelopmentExpenses": 2700000, "generalAndAdministrativeExpenses": 1300000, "sellingAndMarketingExpenses": 0, "sellingGeneralAndAdministrativeExpenses": 1300000, "otherExpenses": 500000, "operatingExpenses": 4500000, "costAndExpenses": 4000000, "interestIncome": 0, "interestExpense": 0, "depreciationAndAmortization": 500000, "ebitda": -3800000, "ebitdaratio": -38, "operatingIncome": -3900000, "operatingIncomeRatio": -39, "totalOtherIncomeExpensesNet": 400000, "incomeBeforeTax": -3500000, "incomeBeforeTaxRatio": -35, "incomeTaxExpense": -300000, "netIncome": -3600000, "netIncomeRatio": -36, "eps": -2.14, "epsdiluted": -2.14, "weightedAverageShsOut": 1679830, "weightedAverageShsOutDil": 1679830, "link": "https://www.sec.gov/Archives/edgar/data/873303/000104746998012513/0001047469-98-012513-index.html", "finalLink": "https://www.sec.gov/Archives/edgar/data/873303/", "calculatedOtherExpenses": 500000, "calculatedOperatingExpenses": 4500000, "calculatedNetInterest": 0, "calculatedOtherIncome": 400000, "calculatedIncomeNonControlling": 400000, "calculatedEbitda": -3400000}, {"date": "1996-12-31", "symbol": "SRPT", "reportedCurrency": "USD", "cik": "0000873303", "fillingDate": "1996-12-31", "acceptedDate": "1996-12-30 19:00:00", "calendarYear": "1996", "period": "FY", "revenue": 100000, "costOfRevenue": -500000, "grossProfit": 600000, "grossProfitRatio": 6, "researchAndDevelopmentExpenses": 1700000, "generalAndAdministrativeExpenses": 600000, "sellingAndMarketingExpenses": 0, "sellingGeneralAndAdministrativeExpenses": 600000, "otherExpenses": 500000, "operatingExpenses": 2800000, "costAndExpenses": 2300000, "interestIncome": 0, "interestExpense": 0, "depreciationAndAmortization": 500000, "ebitda": -1900000, "ebitdaratio": -19, "operatingIncome": -2200000, "operatingIncomeRatio": -22, "totalOtherIncomeExpensesNet": 200000, "incomeBeforeTax": -2000000, "incomeBeforeTaxRatio": -20, "incomeTaxExpense": -100000, "netIncome": -2100000, "netIncomeRatio": -21, "eps": -1.5, "epsdiluted": -1.5, "weightedAverageShsOut": 1400003, "weightedAverageShsOutDil": 1400003, "link": "", "finalLink": "", "calculatedOtherExpenses": 500000, "calculatedOperatingExpenses": 2800000, "calculatedNetInterest": 0, "calculatedOtherIncome": 200000, "calculatedIncomeNonControlling": 200000, "calculatedEbitda": -1700000}, {"date": "1995-12-31", "symbol": "SRPT", "reportedCurrency": "USD", "cik": "0000873303", "fillingDate": "1995-12-31", "acceptedDate": "1995-12-30 19:00:00", "calendarYear": "1995", "period": "FY", "revenue": 100000, "costOfRevenue": 0, "grossProfit": 100000, "grossProfitRatio": 1, "researchAndDevelopmentExpenses": 2100000, "generalAndAdministrativeExpenses": 600000, "sellingAndMarketingExpenses": 0, "sellingGeneralAndAdministrativeExpenses": 600000, "otherExpenses": 0, "operatingExpenses": 2700000, "costAndExpenses": 2700000, "interestIncome": 0, "interestExpense": 0, "depreciationAndAmortization": 500000, "ebitda": -2100000, "ebitdaratio": -21, "operatingIncome": -2600000, "operatingIncomeRatio": -26, "totalOtherIncomeExpensesNet": 0, "incomeBeforeTax": -2600000, "incomeBeforeTaxRatio": -26, "incomeTaxExpense": 0, "netIncome": -2600000, "netIncomeRatio": -26, "eps": -2.17, "epsdiluted": -2.17, "weightedAverageShsOut": 1200000, "weightedAverageShsOutDil": 1200000, "link": "", "finalLink": "", "calculatedOtherExpenses": 0, "calculatedOperatingExpenses": 2700000, "calculatedNetInterest": 0, "calculatedOtherIncome": 0, "calculatedIncomeNonControlling": 0, "calculatedEbitda": -2100000}]}