{"originalCurrency": "USD", "convertedCurrency": "USD", "report": [{"date": "2023-12-31", "symbol": "SSB", "reportedCurrency": "USD", "cik": "0000764038", "fillingDate": "2024-03-04", "acceptedDate": "2024-03-04 06:04:07", "calendarYear": "2023", "period": "FY", "revenue": 1700638000, "costOfRevenue": -243768000, "grossProfit": 1944406000, "grossProfitRatio": 1.1433391468, "researchAndDevelopmentExpenses": 0, "generalAndAdministrativeExpenses": 671967000, "sellingAndMarketingExpenses": 9474000, "sellingGeneralAndAdministrativeExpenses": 681441000, "otherExpenses": 0, "operatingExpenses": 28021000, "costAndExpenses": 28021000, "interestIncome": 1944406000, "interestExpense": 491798000, "depreciationAndAmortization": 58826000, "ebitda": 630852000, "ebitdaratio": 0.3709501963, "operatingIncome": 630852000, "operatingIncomeRatio": 0.3709501963, "totalOtherIncomeExpensesNet": 0, "incomeBeforeTax": 630852000, "incomeBeforeTaxRatio": 0.3709501963, "incomeTaxExpense": 136544000, "netIncome": 494308000, "netIncomeRatio": 0.2906603287, "eps": 6.46, "epsdiluted": 6.46, "weightedAverageShsOut": 76480000, "weightedAverageShsOutDil": 76480000, "link": "https://www.sec.gov/Archives/edgar/data/764038/000155837024002302/0001558370-24-002302-index.htm", "finalLink": "https://www.sec.gov/Archives/edgar/data/764038/000155837024002302/ssb-20231231x10k.htm", "calculatedOtherExpenses": 632113000, "calculatedOperatingExpenses": 1313554000, "calculatedNetInterest": 1452608000, "calculatedOtherIncome": -1452608000, "calculatedIncomeNonControlling": 0, "calculatedEbitda": 689678000}, {"date": "2022-12-31", "symbol": "SSB", "reportedCurrency": "USD", "cik": "0000764038", "fillingDate": "2023-02-24", "acceptedDate": "2023-02-24 14:52:05", "calendarYear": "2022", "period": "FY", "revenue": 1563063000, "costOfRevenue": 0, "grossProfit": 1563063000, "grossProfitRatio": 1, "researchAndDevelopmentExpenses": 0, "generalAndAdministrativeExpenses": 597870000, "sellingAndMarketingExpenses": 8888000, "sellingGeneralAndAdministrativeExpenses": 606758000, "otherExpenses": -582539000, "operatingExpenses": 24219000, "costAndExpenses": 24219000, "interestIncome": 1397025000, "interestExpense": 61354000, "depreciationAndAmortization": 33205000, "ebitda": 727921000, "ebitdaratio": 0.4657016384, "operatingIncome": 694716000, "operatingIncomeRatio": 0.4444580929, "totalOtherIncomeExpensesNet": -61354000, "incomeBeforeTax": 633362000, "incomeBeforeTaxRatio": 0.4052056763, "incomeTaxExpense": 137313000, "netIncome": 496049000, "netIncomeRatio": 0.3173570099, "eps": 6.65, "epsdiluted": 6.6, "weightedAverageShsOut": 74551000, "weightedAverageShsOutDil": 75181000, "link": "https://www.sec.gov/Archives/edgar/data/764038/000155837023002028/0001558370-23-002028-index.htm", "finalLink": "https://www.sec.gov/Archives/edgar/data/764038/000155837023002028/ssb-20221231x10k.htm", "calculatedOtherExpenses": 261589000, "calculatedOperatingExpenses": 868347000, "calculatedNetInterest": 1335671000, "calculatedOtherIncome": -1397025000, "calculatedIncomeNonControlling": 0, "calculatedEbitda": 727921000}, {"date": "2021-12-31", "symbol": "SSB", "reportedCurrency": "USD", "cik": "0000764038", "fillingDate": "2022-02-25", "acceptedDate": "2022-02-25 10:21:12", "calendarYear": "2021", "period": "FY", "revenue": 1552700000, "costOfRevenue": 0, "grossProfit": 1552700000, "grossProfitRatio": 1, "researchAndDevelopmentExpenses": 0, "generalAndAdministrativeExpenses": 670765000, "sellingAndMarketingExpenses": 7959000, "sellingGeneralAndAdministrativeExpenses": 678724000, "otherExpenses": -1461872000, "operatingExpenses": -783148000, "costAndExpenses": -783148000, "interestIncome": 1084847000, "interestExpense": 51629000, "depreciationAndAmortization": 35192000, "ebitda": 639471000, "ebitdaratio": 0.4118445289, "operatingIncome": 604279000, "operatingIncomeRatio": 0.3891794938, "totalOtherIncomeExpensesNet": -134151000, "incomeBeforeTax": 604279000, "incomeBeforeTaxRatio": 0.3891794938, "incomeTaxExpense": 128736000, "netIncome": 475543000, "netIncomeRatio": 0.3062684356, "eps": 6.76, "epsdiluted": 6.71, "weightedAverageShsOut": 70393000, "weightedAverageShsOutDil": 70889000, "link": "https://www.sec.gov/Archives/edgar/data/764038/000155837022002075/0001558370-22-002075-index.htm", "finalLink": "https://www.sec.gov/Archives/edgar/data/764038/000155837022002075/ssb-20211231x10k.htm", "calculatedOtherExpenses": 269697000, "calculatedOperatingExpenses": 948421000, "calculatedNetInterest": 1033218000, "calculatedOtherIncome": -1033218000, "calculatedIncomeNonControlling": 0, "calculatedEbitda": 639471000}, {"date": "2020-12-31", "symbol": "SSB", "reportedCurrency": "USD", "cik": "0000764038", "fillingDate": "2021-02-26", "acceptedDate": "2021-02-26 14:17:57", "calendarYear": "2020", "period": "FY", "revenue": 901616000, "costOfRevenue": 0, "grossProfit": 901616000, "grossProfitRatio": 1, "researchAndDevelopmentExpenses": 0, "generalAndAdministrativeExpenses": 511179000, "sellingAndMarketingExpenses": 4092000, "sellingGeneralAndAdministrativeExpenses": 515271000, "otherExpenses": -1548904000, "operatingExpenses": -1033633000, "costAndExpenses": -1033633000, "interestIncome": 910028000, "interestExpense": 83563000, "depreciationAndAmortization": 46367000, "ebitda": 150339000, "ebitdaratio": 0.1667439353, "operatingIncome": 103972000, "operatingIncomeRatio": 0.1153173857, "totalOtherIncomeExpensesNet": -127179000, "incomeBeforeTax": 103972000, "incomeBeforeTaxRatio": 0.1153173857, "incomeTaxExpense": -16660000, "netIncome": 120632000, "netIncomeRatio": 0.1337953186, "eps": 2.2, "epsdiluted": 2.19, "weightedAverageShsOut": 54756000, "weightedAverageShsOutDil": 55063000, "link": "https://www.sec.gov/Archives/edgar/data/764038/000155837021001976/0001558370-21-001976-index.htm", "finalLink": "https://www.sec.gov/Archives/edgar/data/764038/000155837021001976/ssb-20201231x10k.htm", "calculatedOtherExpenses": 282373000, "calculatedOperatingExpenses": 797644000, "calculatedNetInterest": 826465000, "calculatedOtherIncome": -826465000, "calculatedIncomeNonControlling": 0, "calculatedEbitda": 150339000}, {"date": "2019-12-31", "symbol": "SSB", "reportedCurrency": "USD", "cik": "0000764038", "fillingDate": "2020-02-21", "acceptedDate": "2020-02-21 09:30:56", "calendarYear": "2019", "period": "FY", "revenue": 635063000, "costOfRevenue": 0, "grossProfit": 635063000, "grossProfitRatio": 1, "researchAndDevelopmentExpenses": 0, "generalAndAdministrativeExpenses": 299558000, "sellingAndMarketingExpenses": 4309000, "sellingGeneralAndAdministrativeExpenses": 303867000, "otherExpenses": -721282000, "operatingExpenses": -417415000, "costAndExpenses": -417415000, "interestIncome": 590827000, "interestExpense": 86552000, "depreciationAndAmortization": 13084000, "ebitda": 243509000, "ebitdaratio": 0.383440698, "operatingIncome": 230425000, "operatingIncomeRatio": 0.3628380176, "totalOtherIncomeExpensesNet": -34949000, "incomeBeforeTax": 230425000, "incomeBeforeTaxRatio": 0.3628380176, "incomeTaxExpense": 43942000, "netIncome": 186483000, "netIncomeRatio": 0.2936448825, "eps": 5.4, "epsdiluted": 5.36, "weightedAverageShsOut": 34561000, "weightedAverageShsOutDil": 34797000, "link": "https://www.sec.gov/Archives/edgar/data/764038/000155837020001131/0001558370-20-001131-index.htm", "finalLink": "https://www.sec.gov/Archives/edgar/data/764038/000155837020001131/ssb-20191231x10ka6f6de.htm", "calculatedOtherExpenses": 100771000, "calculatedOperatingExpenses": 404638000, "calculatedNetInterest": 504275000, "calculatedOtherIncome": -504275000, "calculatedIncomeNonControlling": 0, "calculatedEbitda": 243509000}, {"date": "2018-12-31", "symbol": "SSB", "reportedCurrency": "USD", "cik": "0000764038", "fillingDate": "2019-02-22", "acceptedDate": "2019-02-22 14:52:49", "calendarYear": "2018", "period": "FY", "revenue": 645182000, "costOfRevenue": 0, "grossProfit": 645182000, "grossProfitRatio": 1, "researchAndDevelopmentExpenses": 0, "generalAndAdministrativeExpenses": 291828000, "sellingAndMarketingExpenses": 4221000, "sellingGeneralAndAdministrativeExpenses": 296049000, "otherExpenses": -676527000, "operatingExpenses": -376907000, "costAndExpenses": -376907000, "interestIncome": 567208000, "interestExpense": 53992000, "depreciationAndAmortization": 14209000, "ebitda": 313943000, "ebitdaratio": 0.4865960303, "operatingIncome": 278247000, "operatingIncomeRatio": 0.4312690063, "totalOtherIncomeExpensesNet": -53992000, "incomeBeforeTax": 224255000, "incomeBeforeTaxRatio": 0.3475840926, "incomeTaxExpense": 45384000, "netIncome": 178871000, "netIncomeRatio": 0.2772411506, "eps": 4.9, "epsdiluted": 4.86, "weightedAverageShsOut": 36530000, "weightedAverageShsOutDil": 36776000, "link": "https://www.sec.gov/Archives/edgar/data/764038/000155837019000905/0001558370-19-000905-index.htm", "finalLink": "https://www.sec.gov/Archives/edgar/data/764038/000155837019000905/ssb-20181231x10k.htm", "calculatedOtherExpenses": 70886000, "calculatedOperatingExpenses": 366935000, "calculatedNetInterest": 513216000, "calculatedOtherIncome": -567208000, "calculatedIncomeNonControlling": 0, "calculatedEbitda": 292456000}, {"date": "2017-12-31", "symbol": "SSB", "reportedCurrency": "USD", "cik": "0000764038", "fillingDate": "2018-02-23", "acceptedDate": "2018-02-23 12:06:38", "calendarYear": "2017", "period": "FY", "revenue": 537125000, "costOfRevenue": 0, "grossProfit": 537125000, "grossProfitRatio": 1, "researchAndDevelopmentExpenses": 0, "generalAndAdministrativeExpenses": 237843000, "sellingAndMarketingExpenses": 3963000, "sellingGeneralAndAdministrativeExpenses": 241806000, "otherExpenses": 0, "operatingExpenses": 9938000, "costAndExpenses": 12528000, "interestIncome": 426000000, "interestExpense": 17014000, "depreciationAndAmortization": 10353000, "ebitda": 214523000, "ebitdaratio": 0.3993912032, "operatingIncome": 204170000, "operatingIncomeRatio": 0.3801163603, "totalOtherIncomeExpensesNet": -35365000, "incomeBeforeTax": 168805000, "incomeBeforeTaxRatio": 0.3142750756, "incomeTaxExpense": 81251000, "netIncome": 87554000, "netIncomeRatio": 0.1630048871, "eps": 2.95, "epsdiluted": 2.93, "weightedAverageShsOut": 29686000, "weightedAverageShsOutDil": 29922000, "link": "https://www.sec.gov/Archives/edgar/data/764038/000155837018001012/0001558370-18-001012-index.htm", "finalLink": "https://www.sec.gov/Archives/edgar/data/764038/000155837018001012/ssb-20171231x10k.htm", "calculatedOtherExpenses": 91149000, "calculatedOperatingExpenses": 332955000, "calculatedNetInterest": 408986000, "calculatedOtherIncome": -444351000, "calculatedIncomeNonControlling": 0, "calculatedEbitda": 214523000}, {"date": "2016-12-31", "symbol": "SSB", "reportedCurrency": "USD", "cik": "0000764038", "fillingDate": "2017-02-24", "acceptedDate": "2017-02-24 14:24:31", "calendarYear": "2016", "period": "FY", "revenue": 441531000, "costOfRevenue": 0, "grossProfit": 441531000, "grossProfitRatio": 1, "researchAndDevelopmentExpenses": 0, "generalAndAdministrativeExpenses": 202435000, "sellingAndMarketingExpenses": 3092000, "sellingGeneralAndAdministrativeExpenses": 205527000, "otherExpenses": 0, "operatingExpenses": 9794000, "costAndExpenses": 12280000, "interestIncome": 333163000, "interestExpense": 8317000, "depreciationAndAmortization": 7577000, "ebitda": 183941000, "ebitdaratio": 0.4165981551, "operatingIncome": 176364000, "operatingIncomeRatio": 0.3994374121, "totalOtherIncomeExpensesNet": -22322000, "incomeBeforeTax": 154042000, "incomeBeforeTaxRatio": 0.3488815055, "incomeTaxExpense": 52760000, "netIncome": 101282000, "netIncomeRatio": 0.229388197, "eps": 4.22, "epsdiluted": 4.18, "weightedAverageShsOut": 23998000, "weightedAverageShsOutDil": 24219000, "link": "https://www.sec.gov/Archives/edgar/data/764038/000155837017000989/0001558370-17-000989-index.htm", "finalLink": "https://www.sec.gov/Archives/edgar/data/764038/000155837017000989/ssb-20161231x10k.htm", "calculatedOtherExpenses": 59640000, "calculatedOperatingExpenses": 265167000, "calculatedNetInterest": 324846000, "calculatedOtherIncome": -347168000, "calculatedIncomeNonControlling": 0, "calculatedEbitda": 183941000}, {"date": "2015-12-31", "symbol": "SSB", "reportedCurrency": "USD", "cik": "0000764038", "fillingDate": "2016-02-24", "acceptedDate": "2016-02-24 17:13:27", "calendarYear": "2015", "period": "FY", "revenue": 437464000, "costOfRevenue": 0, "grossProfit": 437464000, "grossProfitRatio": 1, "researchAndDevelopmentExpenses": 0, "generalAndAdministrativeExpenses": 197304000, "sellingAndMarketingExpenses": 3838000, "sellingGeneralAndAdministrativeExpenses": 201142000, "otherExpenses": 0, "operatingExpenses": 9371000, "costAndExpenses": 12802000, "interestIncome": 338101000, "interestExpense": 10328000, "depreciationAndAmortization": 8324000, "ebitda": 182173000, "ebitdaratio": 0.4164296948, "operatingIncome": 173849000, "operatingIncomeRatio": 0.3974018434, "totalOtherIncomeExpensesNet": -23474000, "incomeBeforeTax": 150375000, "incomeBeforeTaxRatio": 0.3437425708, "incomeTaxExpense": 50902000, "netIncome": 99473000, "netIncomeRatio": 0.2273855677, "eps": 4.15, "epsdiluted": 4.11, "weightedAverageShsOut": 23966000, "weightedAverageShsOutDil": 24224000, "link": "https://www.sec.gov/Archives/edgar/data/764038/000155837016003460/0001558370-16-003460-index.htm", "finalLink": "https://www.sec.gov/Archives/edgar/data/764038/000155837016003460/ssb-20151231x10k.htm", "calculatedOtherExpenses": 62473000, "calculatedOperatingExpenses": 263615000, "calculatedNetInterest": 327773000, "calculatedOtherIncome": -351247000, "calculatedIncomeNonControlling": 0, "calculatedEbitda": 182173000}, {"date": "2014-12-31", "symbol": "SSB", "reportedCurrency": "USD", "cik": "0000764038", "fillingDate": "2015-02-27", "acceptedDate": "2015-02-27 14:55:09", "calendarYear": "2014", "period": "FY", "revenue": 414466000, "costOfRevenue": 0, "grossProfit": 414466000, "grossProfitRatio": 1, "researchAndDevelopmentExpenses": 0, "generalAndAdministrativeExpenses": 186645000, "sellingAndMarketingExpenses": 4156000, "sellingGeneralAndAdministrativeExpenses": 190801000, "otherExpenses": 0, "operatingExpenses": 9116000, "costAndExpenses": 11172000, "interestIncome": 342022000, "interestExpense": 15662000, "depreciationAndAmortization": 8320000, "ebitda": 148270000, "ebitdaratio": 0.357737426, "operatingIncome": 139950000, "operatingIncomeRatio": 0.337663403, "totalOtherIncomeExpensesNet": -28522000, "incomeBeforeTax": 111428000, "incomeBeforeTaxRatio": 0.2688471431, "incomeTaxExpense": 35991000, "netIncome": 75437000, "netIncomeRatio": 0.1820101046, "eps": 3.11, "epsdiluted": 3.08, "weightedAverageShsOut": 23897000, "weightedAverageShsOutDil": 24154000, "link": "https://www.sec.gov/Archives/edgar/data/764038/000104746915001398/0001047469-15-001398-index.htm", "finalLink": "https://www.sec.gov/Archives/edgar/data/764038/000104746915001398/a2223162z10-k.htm", "calculatedOtherExpenses": 83715000, "calculatedOperatingExpenses": 274516000, "calculatedNetInterest": 326360000, "calculatedOtherIncome": -354882000, "calculatedIncomeNonControlling": 0, "calculatedEbitda": 148270000}, {"date": "2013-12-31", "symbol": "SSB", "reportedCurrency": "USD", "cik": "0000764038", "fillingDate": "2014-02-28", "acceptedDate": "2014-02-28 16:02:19", "calendarYear": "2013", "period": "FY", "revenue": 325195000, "costOfRevenue": 0, "grossProfit": 325195000, "grossProfitRatio": 1, "researchAndDevelopmentExpenses": 0, "generalAndAdministrativeExpenses": 141464000, "sellingAndMarketingExpenses": 3941000, "sellingGeneralAndAdministrativeExpenses": 145405000, "otherExpenses": 0, "operatingExpenses": 8278000, "costAndExpenses": 10557000, "interestIncome": 286255000, "interestExpense": 13002000, "depreciationAndAmortization": 6081000, "ebitda": 105071000, "ebitdaratio": 0.3231015237, "operatingIncome": 98990000, "operatingIncomeRatio": 0.3044019742, "totalOtherIncomeExpensesNet": -24416000, "incomeBeforeTax": 74574000, "incomeBeforeTaxRatio": 0.229320869, "incomeTaxExpense": 25355000, "netIncome": 49219000, "netIncomeRatio": 0.1513522656, "eps": 2.41, "epsdiluted": 2.38, "weightedAverageShsOut": 19866000, "weightedAverageShsOutDil": 20077000, "link": "https://www.sec.gov/Archives/edgar/data/764038/000104746914001576/0001047469-14-001576-index.htm", "finalLink": "https://www.sec.gov/Archives/edgar/data/764038/000104746914001576/a2218515z10-k.htm", "calculatedOtherExpenses": 80800000, "calculatedOperatingExpenses": 226205000, "calculatedNetInterest": 273253000, "calculatedOtherIncome": -297669000, "calculatedIncomeNonControlling": 0, "calculatedEbitda": 105071000}, {"date": "2012-12-31", "symbol": "SSB", "reportedCurrency": "USD", "cik": "0000764038", "fillingDate": "2013-03-04", "acceptedDate": "2013-03-04 13:00:45", "calendarYear": "2012", "period": "FY", "revenue": 204058000, "costOfRevenue": 0, "grossProfit": 204058000, "grossProfitRatio": 1, "researchAndDevelopmentExpenses": 0, "generalAndAdministrativeExpenses": 94611000, "sellingAndMarketingExpenses": 2735000, "sellingGeneralAndAdministrativeExpenses": 97346000, "otherExpenses": 0, "operatingExpenses": 5416000, "costAndExpenses": 7106000, "interestIncome": 187488000, "interestExpense": 11094000, "depreciationAndAmortization": 2172000, "ebitda": 68346000, "ebitdaratio": 0.3349341854, "operatingIncome": 66174000, "operatingIncomeRatio": 0.3242901528, "totalOtherIncomeExpensesNet": -21014000, "incomeBeforeTax": 45160000, "incomeBeforeTaxRatio": 0.2213096277, "incomeTaxExpense": 15128000, "netIncome": 30032000, "netIncomeRatio": 0.1471738427, "eps": 2.04, "epsdiluted": 2.03, "weightedAverageShsOut": 14698000, "weightedAverageShsOutDil": 14796000, "link": "https://www.sec.gov/Archives/edgar/data/764038/000104746913002125/0001047469-13-002125-index.htm", "finalLink": "https://www.sec.gov/Archives/edgar/data/764038/000104746913002125/a2213199z10-k.htm", "calculatedOtherExpenses": 40538000, "calculatedOperatingExpenses": 137884000, "calculatedNetInterest": 176394000, "calculatedOtherIncome": -197408000, "calculatedIncomeNonControlling": 0, "calculatedEbitda": 68346000}, {"date": "2011-12-31", "symbol": "SSB", "reportedCurrency": "USD", "cik": "0000764038", "fillingDate": "2012-03-09", "acceptedDate": "2012-03-09 15:52:50", "calendarYear": "2011", "period": "FY", "revenue": 190157000, "costOfRevenue": 0, "grossProfit": 190157000, "grossProfitRatio": 1, "researchAndDevelopmentExpenses": 0, "generalAndAdministrativeExpenses": 73510000, "sellingAndMarketingExpenses": 2729000, "sellingGeneralAndAdministrativeExpenses": 76239000, "otherExpenses": -16414000, "operatingExpenses": 4202000, "costAndExpenses": 4202000, "interestIncome": 171718000, "interestExpense": 20266000, "depreciationAndAmortization": 10767000, "ebitda": 64390000, "ebitdaratio": 0.338614934, "operatingIncome": 53623000, "operatingIncomeRatio": 0.2819933003, "totalOtherIncomeExpensesNet": -20266000, "incomeBeforeTax": 33357000, "incomeBeforeTaxRatio": 0.1754182071, "incomeTaxExpense": 10762000, "netIncome": 22595000, "netIncomeRatio": 0.1188228674, "eps": 1.65, "epsdiluted": 1.63, "weightedAverageShsOut": 13677000, "weightedAverageShsOutDil": 13751000, "link": "https://www.sec.gov/Archives/edgar/data/764038/000104746912002369/0001047469-12-002369-index.htm", "finalLink": "https://www.sec.gov/Archives/edgar/data/764038/000104746912002369/a2207729z10-k.htm", "calculatedOtherExpenses": 60295000, "calculatedOperatingExpenses": 136534000, "calculatedNetInterest": 151452000, "calculatedOtherIncome": -171718000, "calculatedIncomeNonControlling": 0, "calculatedEbitda": 64390000}, {"date": "2010-12-31", "symbol": "SSB", "reportedCurrency": "USD", "cik": "0000764038", "fillingDate": "2011-03-16", "acceptedDate": "2011-03-16 14:54:57", "calendarYear": "2010", "period": "FY", "revenue": 169041000, "costOfRevenue": 0, "grossProfit": 169041000, "grossProfitRatio": 1, "researchAndDevelopmentExpenses": 0, "generalAndAdministrativeExpenses": 69267000, "sellingAndMarketingExpenses": 3618000, "sellingGeneralAndAdministrativeExpenses": 72885000, "otherExpenses": -91311000, "operatingExpenses": 5664000, "costAndExpenses": 5664000, "interestIncome": 155354000, "interestExpense": 32737000, "depreciationAndAmortization": 9290000, "ebitda": 122855000, "ebitdaratio": 0.7267763442, "operatingIncome": 113565000, "operatingIncomeRatio": 0.6718192628, "totalOtherIncomeExpensesNet": -32737000, "incomeBeforeTax": 80828000, "incomeBeforeTaxRatio": 0.478156187, "incomeTaxExpense": 28946000, "netIncome": 51882000, "netIncomeRatio": 0.3069196231, "eps": 4.11, "epsdiluted": 4.08, "weightedAverageShsOut": 12618000, "weightedAverageShsOutDil": 12720000, "link": "https://www.sec.gov/Archives/edgar/data/764038/000104746911002215/0001047469-11-002215-index.htm", "finalLink": "https://www.sec.gov/Archives/edgar/data/764038/000104746911002215/a2202624z10-k.htm", "calculatedOtherExpenses": -17409000, "calculatedOperatingExpenses": 55476000, "calculatedNetInterest": 122617000, "calculatedOtherIncome": -155354000, "calculatedIncomeNonControlling": 0, "calculatedEbitda": 122855000}, {"date": "2009-12-31", "symbol": "SSB", "reportedCurrency": "USD", "cik": "0000764038", "fillingDate": "2010-03-12", "acceptedDate": "2010-03-12 16:01:24", "calendarYear": "2009", "period": "FY", "revenue": 135841000, "costOfRevenue": 0, "grossProfit": 135841000, "grossProfitRatio": 1, "researchAndDevelopmentExpenses": 0, "generalAndAdministrativeExpenses": 46236000, "sellingAndMarketingExpenses": 2497000, "sellingGeneralAndAdministrativeExpenses": 48733000, "otherExpenses": 5005000, "operatingExpenses": 4279000, "costAndExpenses": 4279000, "interestIncome": 141798000, "interestExpense": 37208000, "depreciationAndAmortization": 6874000, "ebitda": 64560000, "ebitdaratio": 0.475261519, "operatingIncome": 57686000, "operatingIncomeRatio": 0.4246582401, "totalOtherIncomeExpensesNet": -37208000, "incomeBeforeTax": 20478000, "incomeBeforeTaxRatio": 0.1507497736, "incomeTaxExpense": 6883000, "netIncome": 13595000, "netIncomeRatio": 0.1000802409, "eps": 0.74, "epsdiluted": 0.74, "weightedAverageShsOut": 12061000, "weightedAverageShsOutDil": 12109000, "link": "https://www.sec.gov/Archives/edgar/data/764038/000104746910002139/0001047469-10-002139-index.htm", "finalLink": "https://www.sec.gov/Archives/edgar/data/764038/000104746910002139/a2197210z10-k.htm", "calculatedOtherExpenses": 29422000, "calculatedOperatingExpenses": 78155000, "calculatedNetInterest": 104590000, "calculatedOtherIncome": -141798000, "calculatedIncomeNonControlling": 0, "calculatedEbitda": 64560000}, {"date": "2008-12-31", "symbol": "SSB", "reportedCurrency": "USD", "cik": "0000764038", "fillingDate": "2009-03-16", "acceptedDate": "2009-03-16 15:37:56", "calendarYear": "2008", "period": "FY", "revenue": 114826000, "costOfRevenue": 0, "grossProfit": 114826000, "grossProfitRatio": 1, "researchAndDevelopmentExpenses": 0, "generalAndAdministrativeExpenses": 42554000, "sellingAndMarketingExpenses": 3870000, "sellingGeneralAndAdministrativeExpenses": 46424000, "otherExpenses": 0, "operatingExpenses": 6113000, "costAndExpenses": 6113000, "interestIncome": 156075000, "interestExpense": 60298000, "depreciationAndAmortization": 4999000, "ebitda": 89591000, "ebitdaratio": 0.7802326999, "operatingIncome": 84592000, "operatingIncomeRatio": 0.7366972637, "totalOtherIncomeExpensesNet": -60298000, "incomeBeforeTax": 24294000, "incomeBeforeTaxRatio": 0.211572292, "incomeTaxExpense": 8509000, "netIncome": 15785000, "netIncomeRatio": 0.1374688659, "eps": 1.53, "epsdiluted": 1.52, "weightedAverageShsOut": 10301000, "weightedAverageShsOutDil": 10394000, "link": "https://www.sec.gov/Archives/edgar/data/764038/000104746909002740/0001047469-09-002740-index.htm", "finalLink": "https://www.sec.gov/Archives/edgar/data/764038/000104746909002740/a2191491z10-k.htm", "calculatedOtherExpenses": -16190000, "calculatedOperatingExpenses": 30234000, "calculatedNetInterest": 95777000, "calculatedOtherIncome": -156075000, "calculatedIncomeNonControlling": 0, "calculatedEbitda": 89591000}, {"date": "2007-12-31", "symbol": "SSB", "reportedCurrency": "USD", "cik": "0000764038", "fillingDate": "2008-03-17", "acceptedDate": "2008-03-17 16:15:59", "calendarYear": "2007", "period": "FY", "revenue": 110436000, "costOfRevenue": 0, "grossProfit": 110436000, "grossProfitRatio": 1, "researchAndDevelopmentExpenses": 0, "generalAndAdministrativeExpenses": 41712000, "sellingAndMarketingExpenses": 3143000, "sellingGeneralAndAdministrativeExpenses": 44855000, "otherExpenses": 0, "operatingExpenses": 5215000, "costAndExpenses": 5215000, "interestIncome": 149199000, "interestExpense": 68522000, "depreciationAndAmortization": 4324000, "ebitda": 105096000, "ebitdaratio": 0.9516462023, "operatingIncome": 100772000, "operatingIncomeRatio": 0.9124923032, "totalOtherIncomeExpensesNet": -68522000, "incomeBeforeTax": 32250000, "incomeBeforeTaxRatio": 0.2920243399, "incomeTaxExpense": 10685000, "netIncome": 21565000, "netIncomeRatio": 0.1952714694, "eps": 2.33, "epsdiluted": 2.32, "weightedAverageShsOut": 9275000, "weightedAverageShsOutDil": 9305000, "link": "https://www.sec.gov/Archives/edgar/data/764038/000104746908002934/0001047469-08-002934-index.htm", "finalLink": "https://www.sec.gov/Archives/edgar/data/764038/000104746908002934/a2183742z10-k.htm", "calculatedOtherExpenses": -35191000, "calculatedOperatingExpenses": 9664000, "calculatedNetInterest": 80677000, "calculatedOtherIncome": -149199000, "calculatedIncomeNonControlling": 0, "calculatedEbitda": 105096000}, {"date": "2006-12-31", "symbol": "SSB", "reportedCurrency": "USD", "cik": "0000764038", "fillingDate": "2007-03-16", "acceptedDate": "2007-03-15 21:10:14", "calendarYear": "2006", "period": "FY", "revenue": 104075000, "costOfRevenue": 0, "grossProfit": 104075000, "grossProfitRatio": 1, "researchAndDevelopmentExpenses": 0, "generalAndAdministrativeExpenses": 40394000, "sellingAndMarketingExpenses": 0, "sellingGeneralAndAdministrativeExpenses": 40394000, "otherExpenses": -60099000, "operatingExpenses": -19705000, "costAndExpenses": -19705000, "interestIncome": 131647000, "interestExpense": 54281000, "depreciationAndAmortization": 3171000, "ebitda": 87541000, "ebitdaratio": 0.8411337977, "operatingIncome": 84370000, "operatingIncomeRatio": 0.8106653855, "totalOtherIncomeExpensesNet": -54281000, "incomeBeforeTax": 30089000, "incomeBeforeTaxRatio": 0.2891088158, "incomeTaxExpense": 10284000, "netIncome": 19805000, "netIncomeRatio": 0.19029546, "eps": 2.07, "epsdiluted": 2.05, "weightedAverageShsOut": 9583065, "weightedAverageShsOutDil": 9672209, "link": "https://www.sec.gov/Archives/edgar/data/764038/000115752307002717/0001157523-07-002717-index.htm", "finalLink": "https://www.sec.gov/Archives/edgar/data/764038/000115752307002717/a5354941.htm", "calculatedOtherExpenses": -20689000, "calculatedOperatingExpenses": 19705000, "calculatedNetInterest": 77366000, "calculatedOtherIncome": -131647000, "calculatedIncomeNonControlling": 0, "calculatedEbitda": 87541000}, {"date": "2005-12-31", "symbol": "SSB", "reportedCurrency": "USD", "cik": "0000764038", "fillingDate": "2006-03-16", "acceptedDate": "2006-03-16 16:35:58", "calendarYear": "2005", "period": "FY", "revenue": 89438000, "costOfRevenue": 0, "grossProfit": 89438000, "grossProfitRatio": 1, "researchAndDevelopmentExpenses": 0, "generalAndAdministrativeExpenses": 34074000, "sellingAndMarketingExpenses": 0, "sellingGeneralAndAdministrativeExpenses": 34074000, "otherExpenses": -70324000, "operatingExpenses": -36250000, "costAndExpenses": -36250000, "interestIncome": 94293000, "interestExpense": 28710000, "depreciationAndAmortization": 3366000, "ebitda": 56554000, "ebitdaratio": 0.6323263043, "operatingIncome": 53188000, "operatingIncomeRatio": 0.5946912945, "totalOtherIncomeExpensesNet": -28710000, "incomeBeforeTax": 24478000, "incomeBeforeTaxRatio": 0.2736867998, "incomeTaxExpense": 7823000, "netIncome": 16655000, "netIncomeRatio": 0.1862183859, "eps": 1.95, "epsdiluted": 1.93, "weightedAverageShsOut": 8539000, "weightedAverageShsOutDil": 8622000, "link": "https://www.sec.gov/Archives/edgar/data/764038/000115752306002762/0001157523-06-002762-index.htm", "finalLink": "https://www.sec.gov/Archives/edgar/data/764038/000115752306002762/a5101842.htm", "calculatedOtherExpenses": 2176000, "calculatedOperatingExpenses": 36250000, "calculatedNetInterest": 65583000, "calculatedOtherIncome": -94293000, "calculatedIncomeNonControlling": 0, "calculatedEbitda": 56554000}, {"date": "2004-12-31", "symbol": "SSB", "reportedCurrency": "USD", "cik": "0000764038", "fillingDate": "2005-03-15", "acceptedDate": "2005-03-14 20:26:48", "calendarYear": "2004", "period": "FY", "revenue": 75916000, "costOfRevenue": 0, "grossProfit": 75916000, "grossProfitRatio": 1, "researchAndDevelopmentExpenses": 0, "generalAndAdministrativeExpenses": 27762000, "sellingAndMarketingExpenses": 0, "sellingGeneralAndAdministrativeExpenses": 27762000, "otherExpenses": -68582000, "operatingExpenses": -40820000, "costAndExpenses": -40820000, "interestIncome": 67908000, "interestExpense": 14643000, "depreciationAndAmortization": 3229000, "ebitda": 38325000, "ebitdaratio": 0.5048342905, "operatingIncome": 35096000, "operatingIncomeRatio": 0.4623004373, "totalOtherIncomeExpensesNet": -14643000, "incomeBeforeTax": 20453000, "incomeBeforeTaxRatio": 0.2694161968, "incomeTaxExpense": 6437000, "netIncome": 14016000, "netIncomeRatio": 0.184625112, "eps": 1.66, "epsdiluted": 1.64, "weightedAverageShsOut": 8457931, "weightedAverageShsOutDil": 8556279, "link": "https://www.sec.gov/Archives/edgar/data/764038/000107261305000668/0001072613-05-000668-index.htm", "finalLink": "https://www.sec.gov/Archives/edgar/data/764038/000107261305000668/form10-k_13343.txt", "calculatedOtherExpenses": 13058000, "calculatedOperatingExpenses": 40820000, "calculatedNetInterest": 53265000, "calculatedOtherIncome": -67908000, "calculatedIncomeNonControlling": 0, "calculatedEbitda": 38325000}, {"date": "2003-12-31", "symbol": "SSB", "reportedCurrency": "USD", "cik": "0000764038", "fillingDate": "2004-03-12", "acceptedDate": "2004-03-12 10:09:17", "calendarYear": "2003", "period": "FY", "revenue": 73147000, "costOfRevenue": 0, "grossProfit": 73147000, "grossProfitRatio": 1, "researchAndDevelopmentExpenses": 0, "generalAndAdministrativeExpenses": 28670000, "sellingAndMarketingExpenses": 0, "sellingGeneralAndAdministrativeExpenses": 28670000, "otherExpenses": -65108000, "operatingExpenses": -36438000, "costAndExpenses": -36438000, "interestIncome": 64854000, "interestExpense": 14622000, "depreciationAndAmortization": 3552000, "ebitda": 40261000, "ebitdaratio": 0.5504121837, "operatingIncome": 36709000, "operatingIncomeRatio": 0.5018524341, "totalOtherIncomeExpensesNet": -14622000, "incomeBeforeTax": 22087000, "incomeBeforeTaxRatio": 0.3019536003, "incomeTaxExpense": 7301000, "netIncome": 14786000, "netIncomeRatio": 0.2021408944, "eps": 1.74, "epsdiluted": 1.73, "weightedAverageShsOut": 8483770, "weightedAverageShsOutDil": 8530385, "link": "https://www.sec.gov/Archives/edgar/data/764038/000107261304000586/0001072613-04-000586-index.htm", "finalLink": "https://www.sec.gov/Archives/edgar/data/764038/000107261304000586/form10-k_12549.txt", "calculatedOtherExpenses": 7768000, "calculatedOperatingExpenses": 36438000, "calculatedNetInterest": 50232000, "calculatedOtherIncome": -64854000, "calculatedIncomeNonControlling": 0, "calculatedEbitda": 40261000}, {"date": "2002-12-31", "symbol": "SSB", "reportedCurrency": "USD", "cik": "0000764038", "fillingDate": "2003-03-21", "acceptedDate": "2003-03-21 12:54:15", "calendarYear": "2002", "period": "FY", "revenue": 66420000, "costOfRevenue": 0, "grossProfit": 66420000, "grossProfitRatio": 1, "researchAndDevelopmentExpenses": 0, "generalAndAdministrativeExpenses": 24136000, "sellingAndMarketingExpenses": 0, "sellingGeneralAndAdministrativeExpenses": 24136000, "otherExpenses": -51182000, "operatingExpenses": -27046000, "costAndExpenses": -27046000, "interestIncome": 67487000, "interestExpense": 18748000, "depreciationAndAmortization": 2967000, "ebitda": 42341000, "ebitdaratio": 0.6374736525, "operatingIncome": 39374000, "operatingIncomeRatio": 0.5928033725, "totalOtherIncomeExpensesNet": -18748000, "incomeBeforeTax": 20626000, "incomeBeforeTaxRatio": 0.3105389943, "incomeTaxExpense": 6792000, "netIncome": 13834000, "netIncomeRatio": 0.2082806384, "eps": 1.63, "epsdiluted": 1.62, "weightedAverageShsOut": 8473325, "weightedAverageShsOutDil": 8520662, "link": "https://www.sec.gov/Archives/edgar/data/764038/000107261303000484/0001072613-03-000484-index.htm", "finalLink": "https://www.sec.gov/Archives/edgar/data/764038/000107261303000484/form10-k_11810.txt", "calculatedOtherExpenses": 2910000, "calculatedOperatingExpenses": 27046000, "calculatedNetInterest": 48739000, "calculatedOtherIncome": -67487000, "calculatedIncomeNonControlling": 0, "calculatedEbitda": 42341000}, {"date": "2001-12-31", "symbol": "SSB", "reportedCurrency": "USD", "cik": "0000764038", "fillingDate": "2002-03-29", "acceptedDate": "2002-03-29 00:00:00", "calendarYear": "2001", "period": "FY", "revenue": 58180000, "costOfRevenue": 0, "grossProfit": 58180000, "grossProfitRatio": 1, "researchAndDevelopmentExpenses": 0, "generalAndAdministrativeExpenses": 19757000, "sellingAndMarketingExpenses": 0, "sellingGeneralAndAdministrativeExpenses": 19757000, "otherExpenses": -29222000, "operatingExpenses": -9465000, "costAndExpenses": -9465000, "interestIncome": 74472000, "interestExpense": 29972000, "depreciationAndAmortization": 2439000, "ebitda": 51154000, "ebitdaratio": 0.8792368512, "operatingIncome": 48715000, "operatingIncomeRatio": 0.8373152286, "totalOtherIncomeExpensesNet": -29972000, "incomeBeforeTax": 18743000, "incomeBeforeTaxRatio": 0.3221553799, "incomeTaxExpense": 6486000, "netIncome": 12257000, "netIncomeRatio": 0.2106737711, "eps": 1.44, "epsdiluted": 1.44, "weightedAverageShsOut": 8498958, "weightedAverageShsOutDil": 8498958, "link": "https://www.sec.gov/Archives/edgar/data/764038/000107261302000529/0001072613-02-000529-index.htm", "finalLink": "https://www.sec.gov/Archives/edgar/data/764038/000107261302000529/form10-k_11135.txt", "calculatedOtherExpenses": -10292000, "calculatedOperatingExpenses": 9465000, "calculatedNetInterest": 44500000, "calculatedOtherIncome": -74472000, "calculatedIncomeNonControlling": 0, "calculatedEbitda": 51154000}, {"date": "2000-12-31", "symbol": "SSB", "reportedCurrency": "USD", "cik": "0000764038", "fillingDate": "2001-03-30", "acceptedDate": "2001-03-30 00:00:00", "calendarYear": "2000", "period": "FY", "revenue": 51585000, "costOfRevenue": 0, "grossProfit": 51585000, "grossProfitRatio": 1, "researchAndDevelopmentExpenses": 0, "generalAndAdministrativeExpenses": 17304000, "sellingAndMarketingExpenses": 835000, "sellingGeneralAndAdministrativeExpenses": 18139000, "otherExpenses": -20841000, "operatingExpenses": -2702000, "costAndExpenses": -2702000, "interestIncome": 73846000, "interestExpense": 33232000, "depreciationAndAmortization": 2554000, "ebitda": 51437000, "ebitdaratio": 0.9971309489, "operatingIncome": 48883000, "operatingIncomeRatio": 0.9476204323, "totalOtherIncomeExpensesNet": -33232000, "incomeBeforeTax": 15651000, "incomeBeforeTaxRatio": 0.3034021518, "incomeTaxExpense": 5118000, "netIncome": 10533000, "netIncomeRatio": 0.2041872637, "eps": 1.24, "epsdiluted": 1.23, "weightedAverageShsOut": 8515930, "weightedAverageShsOutDil": 8573084, "link": "https://www.sec.gov/Archives/edgar/data/764038/000095014401004342/0000950144-01-004342-index.htm", "finalLink": "https://www.sec.gov/Archives/edgar/data/764038/000095014401004342/g68004e10-k405.txt", "calculatedOtherExpenses": -15437000, "calculatedOperatingExpenses": 2702000, "calculatedNetInterest": 40614000, "calculatedOtherIncome": -73846000, "calculatedIncomeNonControlling": 0, "calculatedEbitda": 51437000}, {"date": "1999-12-31", "symbol": "SSB", "reportedCurrency": "USD", "cik": "0000764038", "fillingDate": "2000-03-30", "acceptedDate": "2000-03-30 00:00:00", "calendarYear": "1999", "period": "FY", "revenue": 46400000, "costOfRevenue": 0, "grossProfit": 46400000, "grossProfitRatio": 1, "researchAndDevelopmentExpenses": 0, "generalAndAdministrativeExpenses": 16800000, "sellingAndMarketingExpenses": 800000, "sellingGeneralAndAdministrativeExpenses": 17600000, "otherExpenses": -29200000, "operatingExpenses": -11600000, "costAndExpenses": -11600000, "interestIncome": 60600000, "interestExpense": 23900000, "depreciationAndAmortization": 2100000, "ebitda": 36900000, "ebitdaratio": 0.7952586207, "operatingIncome": 34800000, "operatingIncomeRatio": 0.75, "totalOtherIncomeExpensesNet": -23900000, "incomeBeforeTax": 10900000, "incomeBeforeTaxRatio": 0.2349137931, "incomeTaxExpense": 3000000, "netIncome": 7900000, "netIncomeRatio": 0.1702586207, "eps": 0.94, "epsdiluted": 0.93, "weightedAverageShsOut": 8404145, "weightedAverageShsOutDil": 8478518, "link": "https://www.sec.gov/Archives/edgar/data/764038/000095014400004120/0000950144-00-004120-index.htm", "finalLink": "https://www.sec.gov/Archives/edgar/data/764038/000095014400004120/", "calculatedOtherExpenses": -6000000, "calculatedOperatingExpenses": 11600000, "calculatedNetInterest": 36700000, "calculatedOtherIncome": -60600000, "calculatedIncomeNonControlling": 0, "calculatedEbitda": 36900000}, {"date": "1998-12-31", "symbol": "SSB", "reportedCurrency": "USD", "cik": "0000764038", "fillingDate": "1999-03-31", "acceptedDate": "1999-03-31 00:00:00", "calendarYear": "1998", "period": "FY", "revenue": 34500000, "costOfRevenue": 0, "grossProfit": 34500000, "grossProfitRatio": 1, "researchAndDevelopmentExpenses": 0, "generalAndAdministrativeExpenses": 12300000, "sellingAndMarketingExpenses": 0, "sellingGeneralAndAdministrativeExpenses": 12300000, "otherExpenses": -16300000, "operatingExpenses": -4000000, "costAndExpenses": -4000000, "interestIncome": 46200000, "interestExpense": 19600000, "depreciationAndAmortization": 1900000, "ebitda": 32400000, "ebitdaratio": 0.9391304348, "operatingIncome": 30500000, "operatingIncomeRatio": 0.884057971, "totalOtherIncomeExpensesNet": -19600000, "incomeBeforeTax": 10900000, "incomeBeforeTaxRatio": 0.315942029, "incomeTaxExpense": 3400000, "netIncome": 7500000, "netIncomeRatio": 0.2173913043, "eps": 1.02, "epsdiluted": 1, "weightedAverageShsOut": 8117601, "weightedAverageShsOutDil": 8318864, "link": "https://www.sec.gov/Archives/edgar/data/764038/000095014499003641/0000950144-99-003641-index.htm", "finalLink": "https://www.sec.gov/Archives/edgar/data/764038/000095014499003641/", "calculatedOtherExpenses": -8300000, "calculatedOperatingExpenses": 4000000, "calculatedNetInterest": 26600000, "calculatedOtherIncome": -46200000, "calculatedIncomeNonControlling": 0, "calculatedEbitda": 32400000}, {"date": "1997-12-31", "symbol": "SSB", "reportedCurrency": "USD", "cik": "0000764038", "fillingDate": "1998-03-31", "acceptedDate": "1998-03-31 00:00:00", "calendarYear": "1997", "period": "FY", "revenue": 30100000, "costOfRevenue": 0, "grossProfit": 30100000, "grossProfitRatio": 1, "researchAndDevelopmentExpenses": 0, "generalAndAdministrativeExpenses": 10500000, "sellingAndMarketingExpenses": 0, "sellingGeneralAndAdministrativeExpenses": 10500000, "otherExpenses": -13800000, "operatingExpenses": -3300000, "costAndExpenses": -3300000, "interestIncome": 41200000, "interestExpense": 17400000, "depreciationAndAmortization": 1900000, "ebitda": 28700000, "ebitdaratio": 0.9534883721, "operatingIncome": 26800000, "operatingIncomeRatio": 0.8903654485, "totalOtherIncomeExpensesNet": -17400000, "incomeBeforeTax": 9400000, "incomeBeforeTaxRatio": 0.3122923588, "incomeTaxExpense": 2900000, "netIncome": 6500000, "netIncomeRatio": 0.2159468439, "eps": 0.78, "epsdiluted": 0.76, "weightedAverageShsOut": 8279516, "weightedAverageShsOutDil": 8279516, "link": "https://www.sec.gov/Archives/edgar/data/764038/000095014498003862/0000950144-98-003862-index.htm", "finalLink": "https://www.sec.gov/Archives/edgar/data/764038/000095014498003862/", "calculatedOtherExpenses": -7200000, "calculatedOperatingExpenses": 3300000, "calculatedNetInterest": 23800000, "calculatedOtherIncome": -41200000, "calculatedIncomeNonControlling": 0, "calculatedEbitda": 28700000}, {"date": "1996-12-31", "symbol": "SSB", "reportedCurrency": "USD", "cik": "0000764038", "fillingDate": "1997-03-28", "acceptedDate": "1997-03-28 00:00:00", "calendarYear": "1996", "period": "FY", "revenue": 25600000, "costOfRevenue": 0, "grossProfit": 25600000, "grossProfitRatio": 1, "researchAndDevelopmentExpenses": 0, "generalAndAdministrativeExpenses": 9000000, "sellingAndMarketingExpenses": 0, "sellingGeneralAndAdministrativeExpenses": 9000000, "otherExpenses": -12700000, "operatingExpenses": -3700000, "costAndExpenses": -3700000, "interestIncome": 34300000, "interestExpense": 14000000, "depreciationAndAmortization": 2000000, "ebitda": 23900000, "ebitdaratio": 0.93359375, "operatingIncome": 21900000, "operatingIncomeRatio": 0.85546875, "totalOtherIncomeExpensesNet": -14000000, "incomeBeforeTax": 7900000, "incomeBeforeTaxRatio": 0.30859375, "incomeTaxExpense": 2400000, "netIncome": 5500000, "netIncomeRatio": 0.21484375, "eps": 0.71, "epsdiluted": 0.71, "weightedAverageShsOut": 7706308, "weightedAverageShsOutDil": 7706308, "link": "https://www.sec.gov/Archives/edgar/data/764038/000094852097000025/0000948520-97-000025-index.htm", "finalLink": "https://www.sec.gov/Archives/edgar/data/764038/0000948520-97-000025.txt", "calculatedOtherExpenses": -5300000, "calculatedOperatingExpenses": 3700000, "calculatedNetInterest": 20300000, "calculatedOtherIncome": -34300000, "calculatedIncomeNonControlling": 0, "calculatedEbitda": 23900000}, {"date": "1995-12-31", "symbol": "SSB", "reportedCurrency": "USD", "cik": "0000764038", "fillingDate": "1996-03-29", "acceptedDate": "1996-03-29 00:00:00", "calendarYear": "1995", "period": "FY", "revenue": 4893000, "costOfRevenue": 0, "grossProfit": 4893000, "grossProfitRatio": 1, "researchAndDevelopmentExpenses": 0, "generalAndAdministrativeExpenses": 7732000, "sellingAndMarketingExpenses": 0, "sellingGeneralAndAdministrativeExpenses": 7732000, "otherExpenses": 6442000, "operatingExpenses": 14174000, "costAndExpenses": 14174000, "interestIncome": 30183000, "interestExpense": 12525000, "depreciationAndAmortization": 1430000, "ebitda": 20497000, "ebitdaratio": 4.1890455753, "operatingIncome": 19067000, "operatingIncomeRatio": 3.8967913346, "totalOtherIncomeExpensesNet": -12525000, "incomeBeforeTax": 6542000, "incomeBeforeTaxRatio": 1.337012058, "incomeTaxExpense": 1902000, "netIncome": 4640000, "netIncomeRatio": 0.9482934805, "eps": 0.78, "epsdiluted": 0.78, "weightedAverageShsOut": 5980557, "weightedAverageShsOutDil": 5980557, "link": "https://www.sec.gov/Archives/edgar/data/764038/000094852096000018/0000948520-96-000018-index.htm", "finalLink": "https://www.sec.gov/Archives/edgar/data/764038/0000948520-96-000018.txt", "calculatedOtherExpenses": -21906000, "calculatedOperatingExpenses": -14174000, "calculatedNetInterest": 17658000, "calculatedOtherIncome": -30183000, "calculatedIncomeNonControlling": 0, "calculatedEbitda": 20497000}]}