{"originalCurrency": "USD", "convertedCurrency": "USD", "report": [{"date": "2023-12-31", "symbol": "STAG", "reportedCurrency": "USD", "cik": "0001479094", "fillingDate": "2024-02-13", "acceptedDate": "2024-02-13 16:13:53", "calendarYear": "2023", "period": "FY", "revenue": 707835000, "costOfRevenue": 418043000, "grossProfit": 289792000, "grossProfitRatio": 0.4094061469, "researchAndDevelopmentExpenses": 0, "generalAndAdministrativeExpenses": 47491000, "sellingAndMarketingExpenses": 0, "sellingGeneralAndAdministrativeExpenses": 47491000, "otherExpenses": -52184000, "operatingExpenses": 52184000, "costAndExpenses": 470227000, "interestIncome": 68000, "interestExpense": 128681999, "depreciationAndAmortization": 278447000, "ebitda": 516054999, "ebitdaratio": 0.7290611498, "operatingIncome": 237608000, "operatingIncomeRatio": 0.3356827509, "totalOtherIncomeExpensesNet": -40407000, "incomeBeforeTax": 197201000, "incomeBeforeTaxRatio": 0.2785974132, "incomeTaxExpense": 4567999, "netIncome": 192845000, "netIncomeRatio": 0.2724434367, "eps": 1.07, "epsdiluted": 1.07, "weightedAverageShsOut": 180221000, "weightedAverageShsOutDil": 180555000, "link": "https://www.sec.gov/Archives/edgar/data/1479094/000147909424000007/0001479094-24-000007-index.htm", "finalLink": "https://www.sec.gov/Archives/edgar/data/1479094/000147909424000007/stag-20231231.htm", "calculatedOtherExpenses": 4693000, "calculatedOperatingExpenses": 52184000, "calculatedNetInterest": -128613999, "calculatedOtherIncome": 88206999, "calculatedIncomeNonControlling": -211999, "calculatedEbitda": 516055000}, {"date": "2022-12-31", "symbol": "STAG", "reportedCurrency": "USD", "cik": "0001479094", "fillingDate": "2023-02-15", "acceptedDate": "2023-02-15 16:11:25", "calendarYear": "2022", "period": "FY", "revenue": 654377000, "costOfRevenue": 125701000, "grossProfit": 528676000, "grossProfitRatio": 0.8079073684, "researchAndDevelopmentExpenses": 0, "generalAndAdministrativeExpenses": 46958000, "sellingAndMarketingExpenses": 0, "sellingGeneralAndAdministrativeExpenses": 46958000, "otherExpenses": 272072000, "operatingExpenses": 319030000, "costAndExpenses": 444731000, "interestIncome": 103000, "interestExpense": 78018000, "depreciationAndAmortization": 275040000, "ebitda": 480426000, "ebitdaratio": 0.7341731143, "operatingIncome": 205386000, "operatingIncomeRatio": 0.3138649433, "totalOtherIncomeExpensesNet": -23152000, "incomeBeforeTax": 182234000, "incomeBeforeTaxRatio": 0.2784847267, "incomeTaxExpense": 78018000, "netIncome": 104216000, "netIncomeRatio": 0.1592598762, "eps": 0.58, "epsdiluted": 0.58, "weightedAverageShsOut": 178753000, "weightedAverageShsOutDil": 178940000, "link": "https://www.sec.gov/Archives/edgar/data/1479094/000147909423000005/0001479094-23-000005-index.htm", "finalLink": "https://www.sec.gov/Archives/edgar/data/1479094/000147909423000005/stag-20221231.htm", "calculatedOtherExpenses": 276332000, "calculatedOperatingExpenses": 323290000, "calculatedNetInterest": -77915000, "calculatedOtherIncome": 54763000, "calculatedIncomeNonControlling": 0, "calculatedEbitda": 480426000}, {"date": "2021-12-31", "symbol": "STAG", "reportedCurrency": "USD", "cik": "0001479094", "fillingDate": "2022-02-16", "acceptedDate": "2022-02-16 16:11:35", "calendarYear": "2021", "period": "FY", "revenue": 562159000, "costOfRevenue": 107986000, "grossProfit": 454173000, "grossProfitRatio": 0.8079084387, "researchAndDevelopmentExpenses": 0, "generalAndAdministrativeExpenses": 48629000, "sellingAndMarketingExpenses": 0, "sellingGeneralAndAdministrativeExpenses": 48629000, "otherExpenses": 238699000, "operatingExpenses": 287328000, "costAndExpenses": 395314000, "interestIncome": 121000, "interestExpense": 63484000, "depreciationAndAmortization": 238699000, "ebitda": 402787000, "ebitdaratio": 0.7165001361, "operatingIncome": 164088000, "operatingIncomeRatio": 0.2918889496, "totalOtherIncomeExpensesNet": 32344000, "incomeBeforeTax": 196432000, "incomeBeforeTaxRatio": 0.3494242732, "incomeTaxExpense": 64704000, "netIncome": 131728000, "netIncomeRatio": 0.2343251642, "eps": 0.81, "epsdiluted": 0.8, "weightedAverageShsOut": 163442000, "weightedAverageShsOutDil": 164090000, "link": "https://www.sec.gov/Archives/edgar/data/1479094/000147909422000006/0001479094-22-000006-index.htm", "finalLink": "https://www.sec.gov/Archives/edgar/data/1479094/000147909422000006/stag-20211231.htm", "calculatedOtherExpenses": 241456000, "calculatedOperatingExpenses": 290085000, "calculatedNetInterest": -63363000, "calculatedOtherIncome": 95707000, "calculatedIncomeNonControlling": 0, "calculatedEbitda": 402787000}, {"date": "2020-12-31", "symbol": "STAG", "reportedCurrency": "USD", "cik": "0001479094", "fillingDate": "2021-02-10", "acceptedDate": "2021-02-10 16:08:24", "calendarYear": "2020", "period": "FY", "revenue": 483411000, "costOfRevenue": 89359000, "grossProfit": 394052000, "grossProfitRatio": 0.815149014, "researchAndDevelopmentExpenses": 0, "generalAndAdministrativeExpenses": 40072000, "sellingAndMarketingExpenses": 0, "sellingGeneralAndAdministrativeExpenses": 40072000, "otherExpenses": 214738000, "operatingExpenses": 254810000, "costAndExpenses": 344169000, "interestIncome": 446000, "interestExpense": 62343000, "depreciationAndAmortization": 214738000, "ebitda": 352397000, "ebitdaratio": 0.7289801018, "operatingIncome": 137659000, "operatingIncomeRatio": 0.2847659652, "totalOtherIncomeExpensesNet": 69136000, "incomeBeforeTax": 206795000, "incomeBeforeTaxRatio": 0.4277829838, "incomeTaxExpense": 64962000, "netIncome": 141833000, "netIncomeRatio": 0.2934004398, "eps": 0.95, "epsdiluted": 0.95, "weightedAverageShsOut": 148791000, "weightedAverageShsOutDil": 149215000, "link": "https://www.sec.gov/Archives/edgar/data/1479094/000147909421000007/0001479094-21-000007-index.htm", "finalLink": "https://www.sec.gov/Archives/edgar/data/1479094/000147909421000007/stag-20201231.htm", "calculatedOtherExpenses": 216321000, "calculatedOperatingExpenses": 256393000, "calculatedNetInterest": -61897000, "calculatedOtherIncome": 131033000, "calculatedIncomeNonControlling": 0, "calculatedEbitda": 352397000}, {"date": "2019-12-31", "symbol": "STAG", "reportedCurrency": "USD", "cik": "0001479094", "fillingDate": "2020-02-12", "acceptedDate": "2020-02-12 16:12:02", "calendarYear": "2019", "period": "FY", "revenue": 405950000, "costOfRevenue": 75179000, "grossProfit": 330771000, "grossProfitRatio": 0.8148072423, "researchAndDevelopmentExpenses": 0, "generalAndAdministrativeExpenses": 35946000, "sellingAndMarketingExpenses": 0, "sellingGeneralAndAdministrativeExpenses": 35946000, "otherExpenses": 185450000, "operatingExpenses": 221396000, "costAndExpenses": 296575000, "interestIncome": 87000, "interestExpense": 54647000, "depreciationAndAmortization": 185450000, "ebitda": 293127000, "ebitdaratio": 0.7220766104, "operatingIncome": 107677000, "operatingIncomeRatio": 0.2652469516, "totalOtherIncomeExpensesNet": -57012000, "incomeBeforeTax": 50665000, "incomeBeforeTaxRatio": 0.1248060106, "incomeTaxExpense": 54246000, "netIncome": -3581000, "netIncomeRatio": -0.0088212834, "eps": -0.0286, "epsdiluted": -0.0285, "weightedAverageShsOut": 125389000, "weightedAverageShsOutDil": 125678000, "link": "https://www.sec.gov/Archives/edgar/data/1479094/000147909420000006/0001479094-20-000006-index.htm", "finalLink": "https://www.sec.gov/Archives/edgar/data/1479094/000147909420000006/stag-123119x10k.htm", "calculatedOtherExpenses": 187148000, "calculatedOperatingExpenses": 223094000, "calculatedNetInterest": -54560000, "calculatedOtherIncome": -2452000, "calculatedIncomeNonControlling": 0, "calculatedEbitda": 293127000}, {"date": "2018-12-31", "symbol": "STAG", "reportedCurrency": "USD", "cik": "0001479094", "fillingDate": "2019-02-13", "acceptedDate": "2019-02-13 16:22:54", "calendarYear": "2018", "period": "FY", "revenue": 350993000, "costOfRevenue": 69021000, "grossProfit": 281972000, "grossProfitRatio": 0.8033550527, "researchAndDevelopmentExpenses": 0, "generalAndAdministrativeExpenses": 34052000, "sellingAndMarketingExpenses": 0, "sellingGeneralAndAdministrativeExpenses": 34052000, "otherExpenses": -1277000, "operatingExpenses": 201669000, "costAndExpenses": 270690000, "interestIncome": 20000, "interestExpense": 48817000, "depreciationAndAmortization": 167617000, "ebitda": 246663000, "ebitdaratio": 0.7027576049, "operatingIncome": 80303000, "operatingIncomeRatio": 0.2287880385, "totalOtherIncomeExpensesNet": 64739000, "incomeBeforeTax": 96245000, "incomeBeforeTaxRatio": 0.2742077477, "incomeTaxExpense": 64759000, "netIncome": 92926000, "netIncomeRatio": 0.2647517187, "eps": 0.9, "epsdiluted": 0.9, "weightedAverageShsOut": 103401000, "weightedAverageShsOutDil": 103807000, "link": "https://www.sec.gov/Archives/edgar/data/1479094/000147909419000006/0001479094-19-000006-index.htm", "finalLink": "https://www.sec.gov/Archives/edgar/data/1479094/000147909419000006/stag-123118x10k.htm", "calculatedOtherExpenses": 167617000, "calculatedOperatingExpenses": 201669000, "calculatedNetInterest": -48797000, "calculatedOtherIncome": 64739000, "calculatedIncomeNonControlling": -61440000, "calculatedEbitda": 247920000}, {"date": "2017-12-31", "symbol": "STAG", "reportedCurrency": "USD", "cik": "0001479094", "fillingDate": "2018-02-15", "acceptedDate": "2018-02-15 16:07:35", "calendarYear": "2017", "period": "FY", "revenue": 301087000, "costOfRevenue": 57701000, "grossProfit": 243386000, "grossProfitRatio": 0.8083577172, "researchAndDevelopmentExpenses": 0, "generalAndAdministrativeExpenses": 33349000, "sellingAndMarketingExpenses": 0, "sellingGeneralAndAdministrativeExpenses": 33349000, "otherExpenses": -1786000, "operatingExpenses": 184230000, "costAndExpenses": 241931000, "interestIncome": 12000, "interestExpense": 42469000, "depreciationAndAmortization": 150881000, "ebitda": 208263000, "ebitdaratio": 0.6917037268, "operatingIncome": 57382000, "operatingIncomeRatio": 0.1905827884, "totalOtherIncomeExpensesNet": 15501000, "incomeBeforeTax": 32200000, "incomeBeforeTaxRatio": 0.1069458329, "incomeTaxExpense": 41624000, "netIncome": 31259000, "netIncomeRatio": 0.1038204904, "eps": 0.24, "epsdiluted": 0.23, "weightedAverageShsOut": 89537714, "weightedAverageShsOutDil": 90003559, "link": "https://www.sec.gov/Archives/edgar/data/1479094/000147909418000009/0001479094-18-000009-index.htm", "finalLink": "https://www.sec.gov/Archives/edgar/data/1479094/000147909418000009/stag-123117x10k.htm", "calculatedOtherExpenses": 152655000, "calculatedOperatingExpenses": 186004000, "calculatedNetInterest": -42457000, "calculatedOtherIncome": 17275000, "calculatedIncomeNonControlling": -40683000, "calculatedEbitda": 208263000}, {"date": "2016-12-31", "symbol": "STAG", "reportedCurrency": "USD", "cik": "0001479094", "fillingDate": "2017-02-16", "acceptedDate": "2017-02-16 16:04:24", "calendarYear": "2016", "period": "FY", "revenue": 250243000, "costOfRevenue": 48904000, "grossProfit": 201339000, "grossProfitRatio": 0.8045739541, "researchAndDevelopmentExpenses": 0, "generalAndAdministrativeExpenses": 33395000, "sellingAndMarketingExpenses": 0, "sellingGeneralAndAdministrativeExpenses": 33395000, "otherExpenses": -1149000, "operatingExpenses": 158839000, "costAndExpenses": 207743000, "interestIncome": 10000, "interestExpense": 42923000, "depreciationAndAmortization": 125444000, "ebitda": 166805000, "ebitdaratio": 0.6665720919, "operatingIncome": 41361000, "operatingIncomeRatio": 0.1652833446, "totalOtherIncomeExpensesNet": 36001000, "incomeBeforeTax": 35588000, "incomeBeforeTaxRatio": 0.1422137682, "incomeTaxExpense": 42843000, "netIncome": 34519000, "netIncomeRatio": 0.1379419205, "eps": 0.29, "epsdiluted": 0.29, "weightedAverageShsOut": 70637185, "weightedAverageShsOutDil": 70852548, "link": "https://www.sec.gov/Archives/edgar/data/1479094/000147909417000005/0001479094-17-000005-index.htm", "finalLink": "https://www.sec.gov/Archives/edgar/data/1479094/000147909417000005/stag-123116x10k.htm", "calculatedOtherExpenses": 126583000, "calculatedOperatingExpenses": 159978000, "calculatedNetInterest": -42913000, "calculatedOtherIncome": 37140000, "calculatedIncomeNonControlling": -41774000, "calculatedEbitda": 166805000}, {"date": "2015-12-31", "symbol": "STAG", "reportedCurrency": "USD", "cik": "0001479094", "fillingDate": "2016-02-25", "acceptedDate": "2016-02-25 16:46:03", "calendarYear": "2015", "period": "FY", "revenue": 218633000, "costOfRevenue": 42627000, "grossProfit": 176006000, "grossProfitRatio": 0.8050294329, "researchAndDevelopmentExpenses": 0, "generalAndAdministrativeExpenses": 28750000, "sellingAndMarketingExpenses": 0, "sellingGeneralAndAdministrativeExpenses": 28750000, "otherExpenses": -1048000, "operatingExpenses": 141295000, "costAndExpenses": 183922000, "interestIncome": 9000, "interestExpense": 36098000, "depreciationAndAmortization": 112545000, "ebitda": 146217000, "ebitdaratio": 0.6687782723, "operatingIncome": 33672000, "operatingIncomeRatio": 0.154011517, "totalOtherIncomeExpensesNet": -30091000, "incomeBeforeTax": -31469000, "incomeBeforeTaxRatio": -0.1439352705, "incomeTaxExpense": 32984000, "netIncome": -29403000, "netIncomeRatio": -0.1344856449, "eps": -0.44, "epsdiluted": -0.44, "weightedAverageShsOut": 66307972, "weightedAverageShsOutDil": 66307972, "link": "https://www.sec.gov/Archives/edgar/data/1479094/000147909416000006/0001479094-16-000006-index.htm", "finalLink": "https://www.sec.gov/Archives/edgar/data/1479094/000147909416000006/stag-123115x10k.htm", "calculatedOtherExpenses": 113584000, "calculatedOperatingExpenses": 142334000, "calculatedNetInterest": -36089000, "calculatedOtherIncome": -29052000, "calculatedIncomeNonControlling": -35050000, "calculatedEbitda": 146217000}, {"date": "2014-12-31", "symbol": "STAG", "reportedCurrency": "USD", "cik": "0001479094", "fillingDate": "2015-02-23", "acceptedDate": "2015-02-23 17:12:58", "calendarYear": "2014", "period": "FY", "revenue": 173816000, "costOfRevenue": 33388000, "grossProfit": 140428000, "grossProfitRatio": 0.8079118148, "researchAndDevelopmentExpenses": 0, "generalAndAdministrativeExpenses": 26396000, "sellingAndMarketingExpenses": 0, "sellingGeneralAndAdministrativeExpenses": 26396000, "otherExpenses": -803000, "operatingExpenses": 114453000, "costAndExpenses": 147841000, "interestIncome": 15000, "interestExpense": 25109000, "depreciationAndAmortization": 88057000, "ebitda": 113244000, "ebitdaratio": 0.6515165462, "operatingIncome": 25187000, "operatingIncomeRatio": 0.1449061076, "totalOtherIncomeExpensesNet": -5920000, "incomeBeforeTax": -5039000, "incomeBeforeTaxRatio": -0.0289904267, "incomeTaxExpense": 23292000, "netIncome": -4025000, "netIncomeRatio": -0.0231566714, "eps": -0.0757, "epsdiluted": -0.0744, "weightedAverageShsOut": 53164285, "weightedAverageShsOutDil": 54086345, "link": "https://www.sec.gov/Archives/edgar/data/1479094/000155837015000135/0001558370-15-000135-index.htm", "finalLink": "https://www.sec.gov/Archives/edgar/data/1479094/000155837015000135/stag-20141231x10k.htm", "calculatedOtherExpenses": 88845000, "calculatedOperatingExpenses": 115241000, "calculatedNetInterest": -25094000, "calculatedOtherIncome": -5132000, "calculatedIncomeNonControlling": -24306000, "calculatedEbitda": 113244000}, {"date": "2013-12-31", "symbol": "STAG", "reportedCurrency": "USD", "cik": "0001479094", "fillingDate": "2014-02-26", "acceptedDate": "2014-02-26 16:45:39", "calendarYear": "2013", "period": "FY", "revenue": 133893000, "costOfRevenue": 24010000, "grossProfit": 109883000, "grossProfitRatio": 0.8206777053, "researchAndDevelopmentExpenses": 0, "generalAndAdministrativeExpenses": 17840000, "sellingAndMarketingExpenses": 0, "sellingGeneralAndAdministrativeExpenses": 17840000, "otherExpenses": -621000, "operatingExpenses": 85396000, "costAndExpenses": 109406000, "interestIncome": 13000, "interestExpense": 20319000, "depreciationAndAmortization": 67556000, "ebitda": 91435000, "ebitdaratio": 0.6828960439, "operatingIncome": 23879000, "operatingIncomeRatio": 0.1783439015, "totalOtherIncomeExpensesNet": -4075000, "incomeBeforeTax": 106000, "incomeBeforeTaxRatio": 0.0007916769, "incomeTaxExpense": 14282000, "netIncome": 5522000, "netIncomeRatio": 0.0412418872, "eps": -0.1, "epsdiluted": -0.1, "weightedAverageShsOut": 42364125, "weightedAverageShsOutDil": 42364125, "link": "https://www.sec.gov/Archives/edgar/data/1479094/000104746914001398/0001047469-14-001398-index.htm", "finalLink": "https://www.sec.gov/Archives/edgar/data/1479094/000104746914001398/a2218367z10-k.htm", "calculatedOtherExpenses": 68164000, "calculatedOperatingExpenses": 86004000, "calculatedNetInterest": -20306000, "calculatedOtherIncome": -3467000, "calculatedIncomeNonControlling": -19698000, "calculatedEbitda": 91435000}, {"date": "2012-12-31", "symbol": "STAG", "reportedCurrency": "USD", "cik": "0001479094", "fillingDate": "2013-03-06", "acceptedDate": "2013-03-06 16:39:29", "calendarYear": "2012", "period": "FY", "revenue": 85487000, "costOfRevenue": 12888000, "grossProfit": 72599000, "grossProfitRatio": 0.8492402354, "researchAndDevelopmentExpenses": 0, "generalAndAdministrativeExpenses": 14549000, "sellingAndMarketingExpenses": 0, "sellingGeneralAndAdministrativeExpenses": 14549000, "otherExpenses": -339000, "operatingExpenses": 57824000, "costAndExpenses": 70712000, "interestIncome": 19000, "interestExpense": 16110000, "depreciationAndAmortization": 43275000, "ebitda": 57730000, "ebitdaratio": 0.6753073567, "operatingIncome": 14455000, "operatingIncomeRatio": 0.1690900371, "totalOtherIncomeExpensesNet": -5961000, "incomeBeforeTax": -7277000, "incomeBeforeTaxRatio": -0.0851240539, "incomeTaxExpense": 14973000, "netIncome": -6479000, "netIncomeRatio": -0.0757893013, "eps": -0.26, "epsdiluted": -0.26, "weightedAverageShsOut": 25046664, "weightedAverageShsOutDil": 25046664, "link": "https://www.sec.gov/Archives/edgar/data/1479094/000104746913002284/0001047469-13-002284-index.htm", "finalLink": "https://www.sec.gov/Archives/edgar/data/1479094/000104746913002284/a2213224z10-k.htm", "calculatedOtherExpenses": 43595000, "calculatedOperatingExpenses": 58144000, "calculatedNetInterest": -16091000, "calculatedOtherIncome": -5641000, "calculatedIncomeNonControlling": -15771000, "calculatedEbitda": 57730000}, {"date": "2011-12-31", "symbol": "STAG", "reportedCurrency": "USD", "cik": "0001479094", "fillingDate": "2012-03-09", "acceptedDate": "2012-03-09 16:04:00", "calendarYear": "2011", "period": "FY", "revenue": 44058000, "costOfRevenue": 5462000, "grossProfit": 38596000, "grossProfitRatio": 0.8760270552, "researchAndDevelopmentExpenses": 0, "generalAndAdministrativeExpenses": 8687000, "sellingAndMarketingExpenses": -3193000, "sellingGeneralAndAdministrativeExpenses": 5494000, "otherExpenses": 0, "operatingExpenses": 28217000, "costAndExpenses": 33679000, "interestIncome": 17000, "interestExpense": 15579000, "depreciationAndAmortization": 21408000, "ebitda": 34318000, "ebitdaratio": 0.778927777, "operatingIncome": 12910000, "operatingIncomeRatio": 0.2930228335, "totalOtherIncomeExpensesNet": -1768000, "incomeBeforeTax": 11142000, "incomeBeforeTaxRatio": 0.2528939126, "incomeTaxExpense": 15687000, "netIncome": -4545000, "netIncomeRatio": -0.1031594716, "eps": -0.29, "epsdiluted": -0.29, "weightedAverageShsOut": 15901560, "weightedAverageShsOutDil": 15901560, "link": "https://www.sec.gov/Archives/edgar/data/1479094/000104746912002371/0001047469-12-002371-index.htm", "finalLink": "https://www.sec.gov/Archives/edgar/data/1479094/000104746912002371/a2207750z10-k.htm", "calculatedOtherExpenses": 20192000, "calculatedOperatingExpenses": 25686000, "calculatedNetInterest": -15562000, "calculatedOtherIncome": 13794000, "calculatedIncomeNonControlling": 0, "calculatedEbitda": 34318000}, {"date": "2010-12-31", "symbol": "STAG", "reportedCurrency": "USD", "cik": "0001479094", "fillingDate": "2010-12-31", "acceptedDate": "2010-12-30 19:00:00", "calendarYear": "2010", "period": "FY", "revenue": 60446000, "costOfRevenue": 9361000, "grossProfit": 51085000, "grossProfitRatio": 0.8451345002, "researchAndDevelopmentExpenses": 0, "generalAndAdministrativeExpenses": 0, "sellingAndMarketingExpenses": 0, "sellingGeneralAndAdministrativeExpenses": 9094000, "otherExpenses": 0, "operatingExpenses": 35236000, "costAndExpenses": 44597000, "interestIncome": 16000, "interestExpense": 14853000, "depreciationAndAmortization": 9599000, "ebitda": 42005000, "ebitdaratio": 0.6949177779, "operatingIncome": 32406000, "operatingIncomeRatio": 0.5361148794, "totalOtherIncomeExpensesNet": -14000, "incomeBeforeTax": 32392000, "incomeBeforeTaxRatio": 0.5358832677, "incomeTaxExpense": 31754000, "netIncome": 638000, "netIncomeRatio": 0.0105548754, "eps": -0.21, "epsdiluted": -0.21, "weightedAverageShsOut": 13750000, "weightedAverageShsOutDil": 14031250, "link": null, "finalLink": null, "calculatedOtherExpenses": 9585000, "calculatedOperatingExpenses": 18679000, "calculatedNetInterest": -14837000, "calculatedOtherIncome": 14823000, "calculatedIncomeNonControlling": 0, "calculatedEbitda": 42005000}, {"date": "2009-12-31", "symbol": "STAG", "reportedCurrency": "USD", "cik": "0001479094", "fillingDate": "2009-12-31", "acceptedDate": "2009-12-30 19:00:00", "calendarYear": "2009", "period": "FY", "revenue": 30166000, "costOfRevenue": 5342000, "grossProfit": 24824000, "grossProfitRatio": 0.8229132136, "researchAndDevelopmentExpenses": 0, "generalAndAdministrativeExpenses": 0, "sellingAndMarketingExpenses": 0, "sellingGeneralAndAdministrativeExpenses": 1078000, "otherExpenses": 0, "operatingExpenses": 14402000, "costAndExpenses": 19744000, "interestIncome": 66000, "interestExpense": 14328000, "depreciationAndAmortization": 10992000, "ebitda": 23134000, "ebitdaratio": 0.766889876, "operatingIncome": 12142000, "operatingIncomeRatio": 0.4025061327, "totalOtherIncomeExpensesNet": -1720000, "incomeBeforeTax": 10422000, "incomeBeforeTaxRatio": 0.3454882981, "incomeTaxExpense": 15982000, "netIncome": -5560000, "netIncomeRatio": -0.1843134655, "eps": -0.4, "epsdiluted": -0.4, "weightedAverageShsOut": 13750000, "weightedAverageShsOutDil": 14031250, "link": null, "finalLink": null, "calculatedOtherExpenses": 11604000, "calculatedOperatingExpenses": 12682000, "calculatedNetInterest": -14262000, "calculatedOtherIncome": 12542000, "calculatedIncomeNonControlling": 0, "calculatedEbitda": 23134000}, {"date": "2008-12-31", "symbol": "STAG", "reportedCurrency": "USD", "cik": "0001479094", "fillingDate": "2008-12-31", "acceptedDate": "2008-12-30 19:00:00", "calendarYear": "2008", "period": "FY", "revenue": 31270000, "costOfRevenue": 3009000, "grossProfit": 28261000, "grossProfitRatio": 0.9037735849, "researchAndDevelopmentExpenses": 0, "generalAndAdministrativeExpenses": 0, "sellingAndMarketingExpenses": 0, "sellingGeneralAndAdministrativeExpenses": 1112000, "otherExpenses": 0, "operatingExpenses": 16024000, "costAndExpenses": 19033000, "interestIncome": 140000, "interestExpense": 15058000, "depreciationAndAmortization": 12056000, "ebitda": 29348000, "ebitdaratio": 0.9385353374, "operatingIncome": 17292000, "operatingIncomeRatio": 0.5529900863, "totalOtherIncomeExpensesNet": -5003000, "incomeBeforeTax": 12289000, "incomeBeforeTaxRatio": 0.3929964823, "incomeTaxExpense": 19973000, "netIncome": -7684000, "netIncomeRatio": -0.2457307323, "eps": -0.56, "epsdiluted": -0.55, "weightedAverageShsOut": 13750000, "weightedAverageShsOutDil": 14031250, "link": null, "finalLink": null, "calculatedOtherExpenses": 9857000, "calculatedOperatingExpenses": 10969000, "calculatedNetInterest": -14918000, "calculatedOtherIncome": 9915000, "calculatedIncomeNonControlling": 0, "calculatedEbitda": 29348000}, {"date": "2007-12-31", "symbol": "STAG", "reportedCurrency": "USD", "cik": "0001479094", "fillingDate": "2007-12-31", "acceptedDate": "2007-12-30 19:00:00", "calendarYear": "2007", "period": "FY", "revenue": 12400000, "costOfRevenue": 1400000, "grossProfit": 11000000, "grossProfitRatio": 0.8870967742, "researchAndDevelopmentExpenses": 0, "generalAndAdministrativeExpenses": 600000, "sellingAndMarketingExpenses": 0, "sellingGeneralAndAdministrativeExpenses": 600000, "otherExpenses": 4700000, "operatingExpenses": 5300000, "costAndExpenses": 6700000, "interestIncome": 0, "interestExpense": -7600000, "depreciationAndAmortization": -15300000, "ebitda": -9600000, "ebitdaratio": -0.7741935484, "operatingIncome": 5700000, "operatingIncomeRatio": 0.4596774194, "totalOtherIncomeExpensesNet": -7600000, "incomeBeforeTax": -1900000, "incomeBeforeTaxRatio": -0.1532258065, "incomeTaxExpense": 100000, "netIncome": -2000000, "netIncomeRatio": -0.1612903226, "eps": -0.0926, "epsdiluted": -0.0926, "weightedAverageShsOut": 21600000, "weightedAverageShsOutDil": 21600000, "link": "", "finalLink": "", "calculatedOtherExpenses": 4700000, "calculatedOperatingExpenses": 5300000, "calculatedNetInterest": 7600000, "calculatedOtherIncome": -15200000, "calculatedIncomeNonControlling": 0, "calculatedEbitda": -9600000}]}