{"originalCurrency": "USD", "convertedCurrency": "USD", "report": [{"date": "2024-03-31", "symbol": "STE", "reportedCurrency": "USD", "cik": "0001757898", "fillingDate": "2024-05-08", "acceptedDate": "2024-05-08 16:49:47", "calendarYear": "2024", "period": "FY", "revenue": 5138701000, "costOfRevenue": 2654121000, "grossProfit": 2484580000, "grossProfitRatio": 0.4835035158, "researchAndDevelopmentExpenses": 103679000, "generalAndAdministrativeExpenses": 0, "sellingAndMarketingExpenses": 0, "sellingGeneralAndAdministrativeExpenses": 1252318000, "otherExpenses": -266420000, "operatingExpenses": 1622417000, "costAndExpenses": 4276537999, "interestIncome": 0, "interestExpense": 0, "depreciationAndAmortization": 266420000, "ebitda": 1157227000, "ebitdaratio": 0.2251983527, "operatingIncome": 862163000, "operatingIncomeRatio": 0.1677783938, "totalOtherIncomeExpensesNet": -159353000, "incomeBeforeTax": 702810000, "incomeBeforeTaxRatio": 0.1367680276, "incomeTaxExpense": 149530000, "netIncome": 378239000, "netIncomeRatio": 0.0736059561, "eps": 3.83, "epsdiluted": 3.81, "weightedAverageShsOut": 98787000, "weightedAverageShsOutDil": 99359000, "link": "https://www.sec.gov/Archives/edgar/data/1757898/000175789824000005/0001757898-24-000005-index.htm", "finalLink": "https://www.sec.gov/Archives/edgar/data/1757898/000175789824000005/ste03312024ex991do.htm", "calculatedOtherExpenses": 266420000, "calculatedOperatingExpenses": 1622417000, "calculatedNetInterest": 0, "calculatedOtherIncome": -159353000, "calculatedIncomeNonControlling": 175041000, "calculatedEbitda": 1128583000}, {"date": "2023-03-31", "symbol": "STE", "reportedCurrency": "USD", "cik": "0001757898", "fillingDate": "2023-05-10", "acceptedDate": "2023-05-10 16:36:57", "calendarYear": "2023", "period": "FY", "revenue": 4957839000, "costOfRevenue": 2798147000, "grossProfit": 2159692000, "grossProfitRatio": 0.4356115638, "researchAndDevelopmentExpenses": 101581000, "generalAndAdministrativeExpenses": 1277208000, "sellingAndMarketingExpenses": 21668000, "sellingGeneralAndAdministrativeExpenses": 1298876000, "otherExpenses": -110837000, "operatingExpenses": 1400457000, "costAndExpenses": 4198604000, "interestIncome": 107989000, "interestExpense": 109620000, "depreciationAndAmortization": 982100000, "ebitda": 1250285000, "ebitdaratio": 0.2521834614, "operatingIncome": 268185000, "operatingIncomeRatio": 0.054093124, "totalOtherIncomeExpensesNet": -601887000, "incomeBeforeTax": 157348000, "incomeBeforeTaxRatio": 0.0317372145, "incomeTaxExpense": 51535000, "netIncome": 107030000, "netIncomeRatio": 0.0215880346, "eps": 1.07, "epsdiluted": 1.07, "weightedAverageShsOut": 99706000, "weightedAverageShsOutDil": 100246000, "link": "https://www.sec.gov/Archives/edgar/data/1757898/000175789823000004/0001757898-23-000004-index.htm", "finalLink": "https://www.sec.gov/Archives/edgar/data/1757898/000175789823000004/ste03312023ex991.htm", "calculatedOtherExpenses": 491050000, "calculatedOperatingExpenses": 1891507000, "calculatedNetInterest": -1631000, "calculatedOtherIncome": -109206000, "calculatedIncomeNonControlling": -1217000, "calculatedEbitda": 1250285000}, {"date": "2022-03-31", "symbol": "STE", "reportedCurrency": "USD", "cik": "0001757898", "fillingDate": "2022-05-31", "acceptedDate": "2022-05-31 09:26:06", "calendarYear": "2022", "period": "FY", "revenue": 4585064000, "costOfRevenue": 2568702000, "grossProfit": 2016362000, "grossProfitRatio": 0.4397674711, "researchAndDevelopmentExpenses": 87944000, "generalAndAdministrativeExpenses": 1487153000, "sellingAndMarketingExpenses": 15599000, "sellingGeneralAndAdministrativeExpenses": 1502752000, "otherExpenses": -111115000, "operatingExpenses": 1590696000, "costAndExpenses": 4159398000, "interestIncome": 6284000, "interestExpense": 89593000, "depreciationAndAmortization": 553104000, "ebitda": 425714000, "ebitdaratio": 0.0928479951, "operatingIncome": 425618000, "operatingIncomeRatio": 0.0928270576, "totalOtherIncomeExpensesNet": -111163000, "incomeBeforeTax": 314503000, "incomeBeforeTaxRatio": 0.0685929357, "incomeTaxExpense": 71633000, "netIncome": 243888000, "netIncomeRatio": 0.053191842, "eps": 2.5, "epsdiluted": 2.48, "weightedAverageShsOut": 97535000, "weightedAverageShsOutDil": 98326000, "link": "https://www.sec.gov/Archives/edgar/data/1757898/000175789822000011/0001757898-22-000011-index.htm", "finalLink": "https://www.sec.gov/Archives/edgar/data/1757898/000175789822000011/ste-20220331.htm", "calculatedOtherExpenses": 48000, "calculatedOperatingExpenses": 1590744000, "calculatedNetInterest": -83309000, "calculatedOtherIncome": -27806000, "calculatedIncomeNonControlling": -1018000, "calculatedEbitda": 978722000}, {"date": "2021-03-31", "symbol": "STE", "reportedCurrency": "USD", "cik": "0001757898", "fillingDate": "2021-05-28", "acceptedDate": "2021-05-28 07:46:11", "calendarYear": "2021", "period": "FY", "revenue": 3107519000, "costOfRevenue": 1764419000, "grossProfit": 1343100000, "grossProfitRatio": 0.4322097467, "researchAndDevelopmentExpenses": 66326000, "generalAndAdministrativeExpenses": 724525000, "sellingAndMarketingExpenses": 6795000, "sellingGeneralAndAdministrativeExpenses": 731320000, "otherExpenses": -30835000, "operatingExpenses": 797646000, "costAndExpenses": 2562065000, "interestIncome": 6345000, "interestExpense": 37180000, "depreciationAndAmortization": 219237000, "ebitda": 542540000, "ebitdaratio": 0.1745894394, "operatingIncome": 323303000, "operatingIncomeRatio": 0.1040389455, "totalOtherIncomeExpensesNet": -27921000, "incomeBeforeTax": 517533000, "incomeBeforeTaxRatio": 0.1665421837, "incomeTaxExpense": 120663000, "netIncome": 397400000, "netIncomeRatio": 0.1278833693, "eps": 4.66, "epsdiluted": 4.63, "weightedAverageShsOut": 85203000, "weightedAverageShsOutDil": 85898000, "link": "https://www.sec.gov/Archives/edgar/data/1757898/000175789821000017/0001757898-21-000017-index.htm", "finalLink": "https://www.sec.gov/Archives/edgar/data/1757898/000175789821000017/ste-20210331.htm", "calculatedOtherExpenses": 222151000, "calculatedOperatingExpenses": 1019797000, "calculatedNetInterest": -30835000, "calculatedOtherIncome": 225065000, "calculatedIncomeNonControlling": -530000, "calculatedEbitda": 542540000}, {"date": "2020-03-31", "symbol": "STE", "reportedCurrency": "USD", "cik": "0001757898", "fillingDate": "2020-05-29", "acceptedDate": "2020-05-29 08:54:05", "calendarYear": "2020", "period": "FY", "revenue": 3030895000, "costOfRevenue": 1710972000, "grossProfit": 1319923000, "grossProfitRatio": 0.4354895171, "researchAndDevelopmentExpenses": 65546000, "generalAndAdministrativeExpenses": 704079000, "sellingAndMarketingExpenses": 12652000, "sellingGeneralAndAdministrativeExpenses": 716731000, "otherExpenses": -38292000, "operatingExpenses": 782277000, "costAndExpenses": 2493249000, "interestIncome": 1987000, "interestExpense": 40279000, "depreciationAndAmortization": 197235000, "ebitda": 538319000, "ebitdaratio": 0.1776105738, "operatingIncome": 341084000, "operatingIncomeRatio": 0.1125357361, "totalOtherIncomeExpensesNet": -38965000, "incomeBeforeTax": 498681000, "incomeBeforeTaxRatio": 0.1645325886, "incomeTaxExpense": 90876000, "netIncome": 407659000, "netIncomeRatio": 0.1345011952, "eps": 4.81, "epsdiluted": 4.76, "weightedAverageShsOut": 84778000, "weightedAverageShsOutDil": 85641000, "link": "https://www.sec.gov/Archives/edgar/data/1757898/000175789820000012/0001757898-20-000012-index.htm", "finalLink": "https://www.sec.gov/Archives/edgar/data/1757898/000175789820000012/ste03312020.htm", "calculatedOtherExpenses": 196562000, "calculatedOperatingExpenses": 978839000, "calculatedNetInterest": -38292000, "calculatedOtherIncome": 195889000, "calculatedIncomeNonControlling": 146000, "calculatedEbitda": 538319000}, {"date": "2019-03-31", "symbol": "STE", "reportedCurrency": "USD", "cik": "0001757898", "fillingDate": "2019-05-30", "acceptedDate": "2019-05-30 09:25:06", "calendarYear": "2019", "period": "FY", "revenue": 2782170000, "costOfRevenue": 1606743000, "grossProfit": 1175427000, "grossProfitRatio": 0.4224856856, "researchAndDevelopmentExpenses": 63038000, "generalAndAdministrativeExpenses": 659246000, "sellingAndMarketingExpenses": 10691000, "sellingGeneralAndAdministrativeExpenses": 669937000, "otherExpenses": -41995000, "operatingExpenses": 732975000, "costAndExpenses": 2339718000, "interestIncome": 3020000, "interestExpense": 45015000, "depreciationAndAmortization": 225921000, "ebitda": 473439000, "ebitdaratio": 0.1701689688, "operatingIncome": 411465000, "operatingIncomeRatio": 0.1478935507, "totalOtherIncomeExpensesNet": -72982000, "incomeBeforeTax": 369470000, "incomeBeforeTaxRatio": 0.1327992179, "incomeTaxExpense": 64394000, "netIncome": 304051000, "netIncomeRatio": 0.1092855577, "eps": 3.59, "epsdiluted": 3.56, "weightedAverageShsOut": 84577000, "weightedAverageShsOutDil": 85468000, "link": "https://www.sec.gov/Archives/edgar/data/1757898/000175789819000005/0001757898-19-000005-index.htm", "finalLink": "https://www.sec.gov/Archives/edgar/data/1757898/000175789819000005/ste3312019.htm", "calculatedOtherExpenses": 30987000, "calculatedOperatingExpenses": 763962000, "calculatedNetInterest": -41995000, "calculatedOtherIncome": 0, "calculatedIncomeNonControlling": 1025000, "calculatedEbitda": 637386000}, {"date": "2018-03-31", "symbol": "STE", "reportedCurrency": "USD", "cik": "0001757898", "fillingDate": "2018-03-31", "acceptedDate": "2018-03-31 00:00:00", "calendarYear": "2018", "period": "FY", "revenue": 2619996000, "costOfRevenue": 1525773000, "grossProfit": 1094223000, "grossProfitRatio": 0.417643004, "researchAndDevelopmentExpenses": 60782000, "generalAndAdministrativeExpenses": 618998000, "sellingAndMarketingExpenses": 10886000, "sellingGeneralAndAdministrativeExpenses": 629884000, "otherExpenses": -48472000, "operatingExpenses": 690666000, "costAndExpenses": 2216439000, "interestIncome": 2157000, "interestExpense": 50629000, "depreciationAndAmortization": 178332000, "ebitda": 403660000, "ebitdaratio": 0.1540689375, "operatingIncome": 403454000, "operatingIncomeRatio": 0.1539903114, "totalOtherIncomeExpensesNet": -48575000, "incomeBeforeTax": 354982000, "incomeBeforeTaxRatio": 0.1354895198, "incomeTaxExpense": 63360000, "netIncome": 290915000, "netIncomeRatio": 0.1110364291, "eps": 3.42, "epsdiluted": 3.39, "weightedAverageShsOut": 85028000, "weightedAverageShsOutDil": 85713000, "link": null, "finalLink": null, "calculatedOtherExpenses": 103000, "calculatedOperatingExpenses": 690769000, "calculatedNetInterest": -48472000, "calculatedOtherIncome": 0, "calculatedIncomeNonControlling": 707000, "calculatedEbitda": 581786000}, {"date": "2017-03-31", "symbol": "STE", "reportedCurrency": "USD", "cik": "0001757898", "fillingDate": "2017-03-31", "acceptedDate": "2017-03-31 00:00:00", "calendarYear": "2017", "period": "FY", "revenue": 2612756000, "costOfRevenue": 1587124000, "grossProfit": 1025632000, "grossProfitRatio": 0.3925479455, "researchAndDevelopmentExpenses": 59397000, "generalAndAdministrativeExpenses": 667447000, "sellingAndMarketingExpenses": 12622000, "sellingGeneralAndAdministrativeExpenses": 680069000, "otherExpenses": -42949000, "operatingExpenses": 739466000, "costAndExpenses": 2326590000, "interestIncome": 1571000, "interestExpense": 44520000, "depreciationAndAmortization": 188142000, "ebitda": 344737000, "ebitdaratio": 0.1319438172, "operatingIncome": 227595000, "operatingIncomeRatio": 0.0871091675, "totalOtherIncomeExpensesNet": -101520000, "incomeBeforeTax": 184646000, "incomeBeforeTaxRatio": 0.0706709697, "incomeTaxExpense": 74015000, "netIncome": 109965000, "netIncomeRatio": 0.0420877418, "eps": 1.29, "epsdiluted": 1.28, "weightedAverageShsOut": 85473000, "weightedAverageShsOutDil": 86094000, "link": null, "finalLink": null, "calculatedOtherExpenses": 58571000, "calculatedOperatingExpenses": 798037000, "calculatedNetInterest": -42949000, "calculatedOtherIncome": 0, "calculatedIncomeNonControlling": 666000, "calculatedEbitda": 415737000}, {"date": "2016-03-31", "symbol": "STE", "reportedCurrency": "USD", "cik": "0001757898", "fillingDate": "2016-03-31", "acceptedDate": "2016-03-31 00:00:00", "calendarYear": "2016", "period": "FY", "revenue": 2238764000, "costOfRevenue": 1343283000, "grossProfit": 895481000, "grossProfitRatio": 0.3999890118, "researchAndDevelopmentExpenses": 56664000, "generalAndAdministrativeExpenses": 615925000, "sellingAndMarketingExpenses": 10785000, "sellingGeneralAndAdministrativeExpenses": 626710000, "otherExpenses": -41043000, "operatingExpenses": 683374000, "costAndExpenses": 2026657000, "interestIncome": 1665000, "interestExpense": 42708000, "depreciationAndAmortization": 143740000, "ebitda": 211287000, "ebitdaratio": 0.0943766292, "operatingIncome": 212927000, "operatingIncomeRatio": 0.0951091763, "totalOtherIncomeExpensesNet": -40223000, "incomeBeforeTax": 171884000, "incomeBeforeTaxRatio": 0.0767762926, "incomeTaxExpense": 60299000, "netIncome": 110763000, "netIncomeRatio": 0.0494750675, "eps": 1.57, "epsdiluted": 1.56, "weightedAverageShsOut": 70698000, "weightedAverageShsOutDil": 71184000, "link": null, "finalLink": null, "calculatedOtherExpenses": -820000, "calculatedOperatingExpenses": 682554000, "calculatedNetInterest": -41043000, "calculatedOtherIncome": 0, "calculatedIncomeNonControlling": 822000, "calculatedEbitda": 356667000}, {"date": "2015-03-31", "symbol": "STE", "reportedCurrency": "USD", "cik": "0001757898", "fillingDate": "2015-03-31", "acceptedDate": "2015-03-31 00:00:00", "calendarYear": "2015", "period": "FY", "revenue": 1850263000, "costOfRevenue": 1075962000, "grossProfit": 774301000, "grossProfitRatio": 0.4184815888, "researchAndDevelopmentExpenses": 54139000, "generalAndAdministrativeExpenses": 483610000, "sellingAndMarketingExpenses": 9732000, "sellingGeneralAndAdministrativeExpenses": 493342000, "otherExpenses": -18391000, "operatingExpenses": 547481000, "costAndExpenses": 1623443000, "interestIncome": 796000, "interestExpense": 19187000, "depreciationAndAmortization": 91541000, "ebitda": 226429000, "ebitdaratio": 0.1223766567, "operatingIncome": 227211000, "operatingIncomeRatio": 0.1227992993, "totalOtherIncomeExpensesNet": -18000000, "incomeBeforeTax": 208820000, "incomeBeforeTaxRatio": 0.1128596313, "incomeTaxExpense": 73756000, "netIncome": 135064000, "netIncomeRatio": 0.0729971901, "eps": 2.27, "epsdiluted": 2.25, "weightedAverageShsOut": 59413000, "weightedAverageShsOutDil": 60045000, "link": null, "finalLink": null, "calculatedOtherExpenses": -391000, "calculatedOperatingExpenses": 547090000, "calculatedNetInterest": -18391000, "calculatedOtherIncome": 0, "calculatedIncomeNonControlling": 0, "calculatedEbitda": 318752000}, {"date": "2014-03-31", "symbol": "STE", "reportedCurrency": "USD", "cik": "0001757898", "fillingDate": "2014-03-31", "acceptedDate": "2014-03-31 00:00:00", "calendarYear": "2014", "period": "FY", "revenue": 1622252000, "costOfRevenue": 972630000, "grossProfit": 649622000, "grossProfitRatio": 0.4004445672, "researchAndDevelopmentExpenses": 48641000, "generalAndAdministrativeExpenses": 372364000, "sellingAndMarketingExpenses": 8606000, "sellingGeneralAndAdministrativeExpenses": 380970000, "otherExpenses": -18431000, "operatingExpenses": 429611000, "costAndExpenses": 1402241000, "interestIncome": 339000, "interestExpense": 18770000, "depreciationAndAmortization": 75649000, "ebitda": 233215000, "ebitdaratio": 0.1437600324, "operatingIncome": 206807000, "operatingIncomeRatio": 0.1274814271, "totalOtherIncomeExpensesNet": -31635000, "incomeBeforeTax": 188376000, "incomeBeforeTaxRatio": 0.1161200603, "incomeTaxExpense": 58934000, "netIncome": 129442000, "netIncomeRatio": 0.079791549, "eps": 2.2, "epsdiluted": 2.17, "weightedAverageShsOut": 58966000, "weightedAverageShsOutDil": 59745000, "link": null, "finalLink": null, "calculatedOtherExpenses": 13204000, "calculatedOperatingExpenses": 442815000, "calculatedNetInterest": -18431000, "calculatedOtherIncome": 0, "calculatedIncomeNonControlling": 0, "calculatedEbitda": 282456000}, {"date": "2013-03-31", "symbol": "STE", "reportedCurrency": "USD", "cik": "0001757898", "fillingDate": "2013-03-31", "acceptedDate": "2013-03-31 00:00:00", "calendarYear": "2013", "period": "FY", "revenue": 1501902000, "costOfRevenue": 880639000, "grossProfit": 621263000, "grossProfitRatio": 0.4136508241, "researchAndDevelopmentExpenses": 41305000, "generalAndAdministrativeExpenses": 347596000, "sellingAndMarketingExpenses": 6880000, "sellingGeneralAndAdministrativeExpenses": 354476000, "otherExpenses": -15731000, "operatingExpenses": 395781000, "costAndExpenses": 1276420000, "interestIncome": -56000, "interestExpense": 15731000, "depreciationAndAmortization": 69035000, "ebitda": 208135000, "ebitdaratio": 0.138580946, "operatingIncome": 242829000, "operatingIncomeRatio": 0.1616809885, "totalOtherIncomeExpensesNet": 1616000, "incomeBeforeTax": 227098000, "incomeBeforeTaxRatio": 0.1512069363, "incomeTaxExpense": 67121000, "netIncome": 159977000, "netIncomeRatio": 0.1065162707, "eps": 2.74, "epsdiluted": 2.72, "weightedAverageShsOut": 58305000, "weightedAverageShsOutDil": 58844000, "link": null, "finalLink": null, "calculatedOtherExpenses": -17347000, "calculatedOperatingExpenses": 378434000, "calculatedNetInterest": -15787000, "calculatedOtherIncome": 56000, "calculatedIncomeNonControlling": 0, "calculatedEbitda": 311864000}, {"date": "2012-03-31", "symbol": "STE", "reportedCurrency": "USD", "cik": "0001757898", "fillingDate": "2012-03-31", "acceptedDate": "2012-03-31 00:00:00", "calendarYear": "2012", "period": "FY", "revenue": 1391504000, "costOfRevenue": 823039000, "grossProfit": 568465000, "grossProfitRatio": 0.4085255953, "researchAndDevelopmentExpenses": 35953000, "generalAndAdministrativeExpenses": 0, "sellingAndMarketingExpenses": 0, "sellingGeneralAndAdministrativeExpenses": 309552000, "otherExpenses": 0, "operatingExpenses": 345505000, "costAndExpenses": 1168544000, "interestIncome": 857000, "interestExpense": 12065000, "depreciationAndAmortization": 62906000, "ebitda": 234812000, "ebitdaratio": 0.1687469098, "operatingIncome": 222316000, "operatingIncomeRatio": 0.1597666985, "totalOtherIncomeExpensesNet": -11852000, "incomeBeforeTax": 211108000, "incomeBeforeTaxRatio": 0.1517121043, "incomeTaxExpense": 74993000, "netIncome": 136115000, "netIncomeRatio": 0.0978186193, "eps": 2.33, "epsdiluted": 2.31, "weightedAverageShsOut": 58367000, "weightedAverageShsOutDil": 58963000, "link": null, "finalLink": null, "calculatedOtherExpenses": 644000, "calculatedOperatingExpenses": 346149000, "calculatedNetInterest": -11208000, "calculatedOtherIncome": 0, "calculatedIncomeNonControlling": 0, "calculatedEbitda": 285222000}, {"date": "2011-03-31", "symbol": "STE", "reportedCurrency": "USD", "cik": "0001757898", "fillingDate": "2011-03-31", "acceptedDate": "2011-03-31 00:00:00", "calendarYear": "2011", "period": "FY", "revenue": 1207448000, "costOfRevenue": 761286000, "grossProfit": 446162000, "grossProfitRatio": 0.3695082521, "researchAndDevelopmentExpenses": 34280000, "generalAndAdministrativeExpenses": 0, "sellingAndMarketingExpenses": 0, "sellingGeneralAndAdministrativeExpenses": 325468000, "otherExpenses": 0, "operatingExpenses": 359748000, "costAndExpenses": 1121034000, "interestIncome": 607000, "interestExpense": 12000000, "depreciationAndAmortization": 54389000, "ebitda": 99009000, "ebitdaratio": 0.0819985623, "operatingIncome": 85212000, "operatingIncomeRatio": 0.0705719832, "totalOtherIncomeExpensesNet": -12595000, "incomeBeforeTax": 73819000, "incomeBeforeTaxRatio": 0.0611363802, "incomeTaxExpense": 22554000, "netIncome": 51265000, "netIncomeRatio": 0.0424573149, "eps": 0.86, "epsdiluted": 0.85, "weightedAverageShsOut": 59306000, "weightedAverageShsOutDil": 60148000, "link": null, "finalLink": null, "calculatedOtherExpenses": 1202000, "calculatedOperatingExpenses": 360950000, "calculatedNetInterest": -11393000, "calculatedOtherIncome": 0, "calculatedIncomeNonControlling": 0, "calculatedEbitda": 139601000}, {"date": "2010-03-31", "symbol": "STE", "reportedCurrency": "USD", "cik": "0001757898", "fillingDate": "2010-03-31", "acceptedDate": "2010-03-31 00:00:00", "calendarYear": "2010", "period": "FY", "revenue": 1257733000, "costOfRevenue": 718551000, "grossProfit": 539182000, "grossProfitRatio": 0.4286935303, "researchAndDevelopmentExpenses": 34008000, "generalAndAdministrativeExpenses": 0, "sellingAndMarketingExpenses": 0, "sellingGeneralAndAdministrativeExpenses": 296614000, "otherExpenses": 0, "operatingExpenses": 330622000, "costAndExpenses": 1049173000, "interestIncome": 1275000, "interestExpense": 13171000, "depreciationAndAmortization": 56218000, "ebitda": 213408000, "ebitdaratio": 0.169676712, "operatingIncome": 203712000, "operatingIncomeRatio": 0.1619676036, "totalOtherIncomeExpensesNet": -4848000, "incomeBeforeTax": 191816000, "incomeBeforeTaxRatio": 0.1525093164, "incomeTaxExpense": 63349000, "netIncome": 128467000, "netIncomeRatio": 0.1021417105, "eps": 2.18, "epsdiluted": 2.16, "weightedAverageShsOut": 58826000, "weightedAverageShsOutDil": 59423000, "link": null, "finalLink": null, "calculatedOtherExpenses": 4848000, "calculatedOperatingExpenses": 335470000, "calculatedNetInterest": -11896000, "calculatedOtherIncome": 0, "calculatedIncomeNonControlling": 0, "calculatedEbitda": 259930000}, {"date": "2009-03-31", "symbol": "STE", "reportedCurrency": "USD", "cik": "0001757898", "fillingDate": "2009-03-31", "acceptedDate": "2009-03-31 00:00:00", "calendarYear": "2009", "period": "FY", "revenue": 1298525000, "costOfRevenue": 771783000, "grossProfit": 526742000, "grossProfitRatio": 0.4056464065, "researchAndDevelopmentExpenses": 32760000, "generalAndAdministrativeExpenses": 0, "sellingAndMarketingExpenses": 0, "sellingGeneralAndAdministrativeExpenses": 314983000, "otherExpenses": 0, "operatingExpenses": 347743000, "costAndExpenses": 1119526000, "interestIncome": 1603000, "interestExpense": 10563000, "depreciationAndAmortization": 58773000, "ebitda": 239375000, "ebitdaratio": 0.1843437747, "operatingIncome": 175445000, "operatingIncomeRatio": 0.1351109913, "totalOtherIncomeExpensesNet": -3554000, "incomeBeforeTax": 166485000, "incomeBeforeTaxRatio": 0.1282108546, "incomeTaxExpense": 55800000, "netIncome": 110685000, "netIncomeRatio": 0.0852390212, "eps": 1.88, "epsdiluted": 1.86, "weightedAverageShsOut": 58778000, "weightedAverageShsOutDil": 59448000, "link": null, "finalLink": null, "calculatedOtherExpenses": 3554000, "calculatedOperatingExpenses": 351297000, "calculatedNetInterest": -8960000, "calculatedOtherIncome": 0, "calculatedIncomeNonControlling": 0, "calculatedEbitda": 234218000}, {"date": "2008-03-31", "symbol": "STE", "reportedCurrency": "USD", "cik": "0001757898", "fillingDate": "2008-03-31", "acceptedDate": "2008-03-31 00:00:00", "calendarYear": "2008", "period": "FY", "revenue": 1265090000, "costOfRevenue": 741133000, "grossProfit": 523957000, "grossProfitRatio": 0.4141657906, "researchAndDevelopmentExpenses": 36916000, "generalAndAdministrativeExpenses": 0, "sellingAndMarketingExpenses": 0, "sellingGeneralAndAdministrativeExpenses": 348035000, "otherExpenses": 0, "operatingExpenses": 384951000, "costAndExpenses": 1126084000, "interestIncome": 0, "interestExpense": 34668000, "depreciationAndAmortization": 62778000, "ebitda": 217245000, "ebitdaratio": 0.1717229604, "operatingIncome": 123545000, "operatingIncomeRatio": 0.0976570837, "totalOtherIncomeExpensesNet": -15461000, "incomeBeforeTax": 119799000, "incomeBeforeTaxRatio": 0.0946960295, "incomeTaxExpense": 42693000, "netIncome": 77106000, "netIncomeRatio": 0.0609490234, "eps": 1.22, "epsdiluted": 1.2, "weightedAverageShsOut": 63201639, "weightedAverageShsOutDil": 64255000, "link": null, "finalLink": null, "calculatedOtherExpenses": 15461000, "calculatedOperatingExpenses": 400412000, "calculatedNetInterest": -34668000, "calculatedOtherIncome": 30922000, "calculatedIncomeNonControlling": 0, "calculatedEbitda": 186323000}, {"date": "2007-03-31", "symbol": "STE", "reportedCurrency": "USD", "cik": "0001757898", "fillingDate": "2007-03-31", "acceptedDate": "2007-03-31 00:00:00", "calendarYear": "2007", "period": "FY", "revenue": 1197407000, "costOfRevenue": 692600000, "grossProfit": 504807000, "grossProfitRatio": 0.4215834716, "researchAndDevelopmentExpenses": 33626000, "generalAndAdministrativeExpenses": 0, "sellingAndMarketingExpenses": 0, "sellingGeneralAndAdministrativeExpenses": 326896000, "otherExpenses": 0, "operatingExpenses": 360522000, "costAndExpenses": 1053122000, "interestIncome": 0, "interestExpense": 16881000, "depreciationAndAmortization": 60257000, "ebitda": 211126000, "ebitdaratio": 0.17631933, "operatingIncome": 137701000, "operatingIncomeRatio": 0.1149993277, "totalOtherIncomeExpensesNet": -6584000, "incomeBeforeTax": 132930000, "incomeBeforeTaxRatio": 0.1110148847, "incomeTaxExpense": 51833000, "netIncome": 82155000, "netIncomeRatio": 0.0686107564, "eps": 1.26, "epsdiluted": 1.25, "weightedAverageShsOut": 65202381, "weightedAverageShsOutDil": 65724000, "link": null, "finalLink": null, "calculatedOtherExpenses": 6584000, "calculatedOperatingExpenses": 367106000, "calculatedNetInterest": -16881000, "calculatedOtherIncome": 12110000, "calculatedIncomeNonControlling": -1058000, "calculatedEbitda": 197958000}, {"date": "2006-03-31", "symbol": "STE", "reportedCurrency": "USD", "cik": "0001757898", "fillingDate": "2006-03-31", "acceptedDate": "2006-03-31 00:00:00", "calendarYear": "2006", "period": "FY", "revenue": 1160285000, "costOfRevenue": 676100000, "grossProfit": 484185000, "grossProfitRatio": 0.4172983362, "researchAndDevelopmentExpenses": 33597000, "generalAndAdministrativeExpenses": 0, "sellingAndMarketingExpenses": 0, "sellingGeneralAndAdministrativeExpenses": 315582000, "otherExpenses": 0, "operatingExpenses": 349179000, "costAndExpenses": 1025279000, "interestIncome": 0, "interestExpense": 44853000, "depreciationAndAmortization": 57919000, "ebitda": 218233000, "ebitdaratio": 0.1880856858, "operatingIncome": 109698000, "operatingIncomeRatio": 0.0945440129, "totalOtherIncomeExpensesNet": -25308000, "incomeBeforeTax": 108118000, "incomeBeforeTaxRatio": 0.0931822785, "incomeTaxExpense": 45172000, "netIncome": 70289000, "netIncomeRatio": 0.0605790819, "eps": 1.03, "epsdiluted": 1.02, "weightedAverageShsOut": 68241748, "weightedAverageShsOutDil": 68910784, "link": null, "finalLink": null, "calculatedOtherExpenses": 25308000, "calculatedOperatingExpenses": 374487000, "calculatedNetInterest": -44853000, "calculatedOtherIncome": 43273000, "calculatedIncomeNonControlling": -7343000, "calculatedEbitda": 167617000}, {"date": "2005-03-31", "symbol": "STE", "reportedCurrency": "USD", "cik": "0001757898", "fillingDate": "2005-03-31", "acceptedDate": "2005-03-31 00:00:00", "calendarYear": "2005", "period": "FY", "revenue": 1119745000, "costOfRevenue": 648094000, "grossProfit": 471651000, "grossProfitRatio": 0.4212128654, "researchAndDevelopmentExpenses": 35547000, "generalAndAdministrativeExpenses": 0, "sellingAndMarketingExpenses": 0, "sellingGeneralAndAdministrativeExpenses": 291111000, "otherExpenses": 0, "operatingExpenses": 326658000, "costAndExpenses": 974752000, "interestIncome": 0, "interestExpense": 3052000, "depreciationAndAmortization": 51192000, "ebitda": 196185000, "ebitdaratio": 0.175205069, "operatingIncome": 144993000, "operatingIncomeRatio": 0.1294875172, "totalOtherIncomeExpensesNet": -3052000, "incomeBeforeTax": 141941000, "incomeBeforeTaxRatio": 0.1267618967, "incomeTaxExpense": 55961000, "netIncome": 85980000, "netIncomeRatio": 0.0767853395, "eps": 1.24, "epsdiluted": 1.23, "weightedAverageShsOut": 69338710, "weightedAverageShsOutDil": 69902439, "link": null, "finalLink": null, "calculatedOtherExpenses": 0, "calculatedOperatingExpenses": 326658000, "calculatedNetInterest": -3052000, "calculatedOtherIncome": 0, "calculatedIncomeNonControlling": 0, "calculatedEbitda": 196185000}, {"date": "2004-03-31", "symbol": "STE", "reportedCurrency": "USD", "cik": "0001757898", "fillingDate": "2004-03-31", "acceptedDate": "2004-03-31 00:00:00", "calendarYear": "2004", "period": "FY", "revenue": 1087012000, "costOfRevenue": 629113000, "grossProfit": 457899000, "grossProfitRatio": 0.4212455796, "researchAndDevelopmentExpenses": 28454000, "generalAndAdministrativeExpenses": 0, "sellingAndMarketingExpenses": 0, "sellingGeneralAndAdministrativeExpenses": 289089000, "otherExpenses": 0, "operatingExpenses": 317543000, "costAndExpenses": 946656000, "interestIncome": 0, "interestExpense": 2272000, "depreciationAndAmortization": 48683000, "ebitda": 189039000, "ebitdaratio": 0.1739070038, "operatingIncome": 140356000, "operatingIncomeRatio": 0.1291209297, "totalOtherIncomeExpensesNet": -2272000, "incomeBeforeTax": 138084000, "incomeBeforeTaxRatio": 0.1270307963, "incomeTaxExpense": 43841000, "netIncome": 94243000, "netIncomeRatio": 0.0866991349, "eps": 1.36, "epsdiluted": 1.33, "weightedAverageShsOut": 69296324, "weightedAverageShsOutDil": 70859398, "link": null, "finalLink": null, "calculatedOtherExpenses": 0, "calculatedOperatingExpenses": 317543000, "calculatedNetInterest": -2272000, "calculatedOtherIncome": 0, "calculatedIncomeNonControlling": 0, "calculatedEbitda": 189039000}, {"date": "2003-03-31", "symbol": "STE", "reportedCurrency": "USD", "cik": "0001757898", "fillingDate": "2003-03-31", "acceptedDate": "2003-03-31 00:00:00", "calendarYear": "2003", "period": "FY", "revenue": 972087000, "costOfRevenue": 563266000, "grossProfit": 408821000, "grossProfitRatio": 0.4205600939, "researchAndDevelopmentExpenses": 25525000, "generalAndAdministrativeExpenses": 0, "sellingAndMarketingExpenses": 0, "sellingGeneralAndAdministrativeExpenses": 257527000, "otherExpenses": 0, "operatingExpenses": 283052000, "costAndExpenses": 846318000, "interestIncome": 0, "interestExpense": 1651000, "depreciationAndAmortization": 46515000, "ebitda": 172284000, "ebitdaratio": 0.1772310503, "operatingIncome": 125769000, "operatingIncomeRatio": 0.129380395, "totalOtherIncomeExpensesNet": -1651000, "incomeBeforeTax": 124118000, "incomeBeforeTaxRatio": 0.1276819873, "incomeTaxExpense": 44682000, "netIncome": 79436000, "netIncomeRatio": 0.0817169657, "eps": 1.14, "epsdiluted": 1.12, "weightedAverageShsOut": 69680702, "weightedAverageShsOutDil": 70925000, "link": null, "finalLink": null, "calculatedOtherExpenses": 0, "calculatedOperatingExpenses": 283052000, "calculatedNetInterest": -1651000, "calculatedOtherIncome": 0, "calculatedIncomeNonControlling": 0, "calculatedEbitda": 172284000}, {"date": "2002-03-31", "symbol": "STE", "reportedCurrency": "USD", "cik": "0001757898", "fillingDate": "2002-03-31", "acceptedDate": "2002-03-31 00:00:00", "calendarYear": "2002", "period": "FY", "revenue": 866697000, "costOfRevenue": 511496000, "grossProfit": 355201000, "grossProfitRatio": 0.4098329635, "researchAndDevelopmentExpenses": 21706000, "generalAndAdministrativeExpenses": 0, "sellingAndMarketingExpenses": 0, "sellingGeneralAndAdministrativeExpenses": 252882000, "otherExpenses": 0, "operatingExpenses": 274588000, "costAndExpenses": 786084000, "interestIncome": 0, "interestExpense": 7276000, "depreciationAndAmortization": 46884000, "ebitda": 127497000, "ebitdaratio": 0.1471067743, "operatingIncome": 80613000, "operatingIncomeRatio": 0.0930117446, "totalOtherIncomeExpensesNet": -7276000, "incomeBeforeTax": 73337000, "incomeBeforeTaxRatio": 0.0846166538, "incomeTaxExpense": 27135000, "netIncome": 46202000, "netIncomeRatio": 0.0533081342, "eps": 0.67, "epsdiluted": 0.65, "weightedAverageShsOut": 68958209, "weightedAverageShsOutDil": 71080000, "link": null, "finalLink": null, "calculatedOtherExpenses": 0, "calculatedOperatingExpenses": 274588000, "calculatedNetInterest": -7276000, "calculatedOtherIncome": 0, "calculatedIncomeNonControlling": 0, "calculatedEbitda": 127497000}, {"date": "2001-03-31", "symbol": "STE", "reportedCurrency": "USD", "cik": "0001757898", "fillingDate": "2001-03-31", "acceptedDate": "2001-03-31 00:00:00", "calendarYear": "2001", "period": "FY", "revenue": 800087000, "costOfRevenue": 425576000, "grossProfit": 374511000, "grossProfitRatio": 0.4680878454, "researchAndDevelopmentExpenses": 23975000, "generalAndAdministrativeExpenses": 0, "sellingAndMarketingExpenses": 0, "sellingGeneralAndAdministrativeExpenses": 279791000, "otherExpenses": 0, "operatingExpenses": 303766000, "costAndExpenses": 729342000, "interestIncome": 0, "interestExpense": 64988000, "depreciationAndAmortization": 46571000, "ebitda": 117316000, "ebitdaratio": 0.1466290541, "operatingIncome": 24174000, "operatingIncomeRatio": 0.0302142142, "totalOtherIncomeExpensesNet": -18417000, "incomeBeforeTax": 5757000, "incomeBeforeTaxRatio": 0.0071954675, "incomeTaxExpense": 4440000, "netIncome": 1317000, "netIncomeRatio": 0.001646071, "eps": 0.02, "epsdiluted": 0.02, "weightedAverageShsOut": 65850000, "weightedAverageShsOutDil": 65850000, "link": null, "finalLink": null, "calculatedOtherExpenses": 46571000, "calculatedOperatingExpenses": 350337000, "calculatedNetInterest": -64988000, "calculatedOtherIncome": 46571000, "calculatedIncomeNonControlling": 0, "calculatedEbitda": 70745000}, {"date": "2000-03-31", "symbol": "STE", "reportedCurrency": "USD", "cik": "0001757898", "fillingDate": "2000-03-31", "acceptedDate": "2000-03-31 00:00:00", "calendarYear": "2000", "period": "FY", "revenue": 760626000, "costOfRevenue": 405529000, "grossProfit": 355097000, "grossProfitRatio": 0.4668483591, "researchAndDevelopmentExpenses": 24169000, "generalAndAdministrativeExpenses": 0, "sellingAndMarketingExpenses": 0, "sellingGeneralAndAdministrativeExpenses": 261550000, "otherExpenses": 39672000, "operatingExpenses": 325391000, "costAndExpenses": 730920000, "interestIncome": 0, "interestExpense": 12794000, "depreciationAndAmortization": 39672000, "ebitda": 69378000, "ebitdaratio": 0.0912117125, "operatingIncome": 29706000, "operatingIncomeRatio": 0.0390546734, "totalOtherIncomeExpensesNet": -12794000, "incomeBeforeTax": 16912000, "incomeBeforeTaxRatio": 0.0222343175, "incomeTaxExpense": 6427000, "netIncome": 10485000, "netIncomeRatio": 0.0137846984, "eps": 0.16, "epsdiluted": 0.15, "weightedAverageShsOut": 65531250, "weightedAverageShsOutDil": 69900000, "link": null, "finalLink": null, "calculatedOtherExpenses": 39672000, "calculatedOperatingExpenses": 325391000, "calculatedNetInterest": -12794000, "calculatedOtherIncome": 0, "calculatedIncomeNonControlling": 0, "calculatedEbitda": 69378000}, {"date": "1999-03-31", "symbol": "STE", "reportedCurrency": "USD", "cik": "0001757898", "fillingDate": "1999-03-31", "acceptedDate": "1999-03-31 00:00:00", "calendarYear": "1999", "period": "FY", "revenue": 797600000, "costOfRevenue": 395700000, "grossProfit": 401900000, "grossProfitRatio": 0.50388666, "researchAndDevelopmentExpenses": 24800000, "generalAndAdministrativeExpenses": 0, "sellingAndMarketingExpenses": 0, "sellingGeneralAndAdministrativeExpenses": 207400000, "otherExpenses": 33300000, "operatingExpenses": 265500000, "costAndExpenses": 661200000, "interestIncome": 0, "interestExpense": 7600000, "depreciationAndAmortization": 33300000, "ebitda": 168100000, "ebitdaratio": 0.2107572718, "operatingIncome": 136400000, "operatingIncomeRatio": 0.1710130391, "totalOtherIncomeExpensesNet": 1600000, "incomeBeforeTax": 127200000, "incomeBeforeTaxRatio": 0.1594784353, "incomeTaxExpense": 42300000, "netIncome": 84900000, "netIncomeRatio": 0.106444333, "eps": 1.24, "epsdiluted": 1.2, "weightedAverageShsOut": 68467742, "weightedAverageShsOutDil": 70750000, "link": null, "finalLink": null, "calculatedOtherExpenses": 33300000, "calculatedOperatingExpenses": 265500000, "calculatedNetInterest": -7600000, "calculatedOtherIncome": -1600000, "calculatedIncomeNonControlling": 0, "calculatedEbitda": 169700000}, {"date": "1998-03-31", "symbol": "STE", "reportedCurrency": "USD", "cik": "0001757898", "fillingDate": "1998-03-31", "acceptedDate": "1998-03-31 00:00:00", "calendarYear": "1998", "period": "FY", "revenue": 719656000, "costOfRevenue": 395098000, "grossProfit": 324558000, "grossProfitRatio": 0.4509904732, "researchAndDevelopmentExpenses": 23914000, "generalAndAdministrativeExpenses": 0, "sellingAndMarketingExpenses": 0, "sellingGeneralAndAdministrativeExpenses": 188030000, "otherExpenses": 0, "operatingExpenses": 211944000, "costAndExpenses": 607042000, "interestIncome": 0, "interestExpense": 5259000, "depreciationAndAmortization": 24202000, "ebitda": 136816000, "ebitdaratio": 0.190113054, "operatingIncome": 112614000, "operatingIncomeRatio": 0.1564830975, "totalOtherIncomeExpensesNet": -5259000, "incomeBeforeTax": 107355000, "incomeBeforeTaxRatio": 0.1491754394, "incomeTaxExpense": 41859000, "netIncome": 65496000, "netIncomeRatio": 0.0910101493, "eps": 0.48, "epsdiluted": 0.47, "weightedAverageShsOut": 135772000, "weightedAverageShsOutDil": 140280000, "link": null, "finalLink": null, "calculatedOtherExpenses": 0, "calculatedOperatingExpenses": 211944000, "calculatedNetInterest": -5259000, "calculatedOtherIncome": 0, "calculatedIncomeNonControlling": 0, "calculatedEbitda": 136816000}, {"date": "1997-03-31", "symbol": "STE", "reportedCurrency": "USD", "cik": "0001757898", "fillingDate": "1997-03-31", "acceptedDate": "1997-03-31 00:00:00", "calendarYear": "1997", "period": "FY", "revenue": 587900000, "costOfRevenue": 339500000, "grossProfit": 248400000, "grossProfitRatio": 0.4225208369, "researchAndDevelopmentExpenses": 22000000, "generalAndAdministrativeExpenses": 0, "sellingAndMarketingExpenses": 0, "sellingGeneralAndAdministrativeExpenses": 125500000, "otherExpenses": 16500000, "operatingExpenses": 164000000, "costAndExpenses": 503500000, "interestIncome": 0, "interestExpense": 175600000, "depreciationAndAmortization": 16500000, "ebitda": 187200000, "ebitdaratio": 0.3184215003, "operatingIncome": 84400000, "operatingIncomeRatio": 0.1435618302, "totalOtherIncomeExpensesNet": -86300000, "incomeBeforeTax": -4900000, "incomeBeforeTaxRatio": -0.0083347508, "incomeTaxExpense": 25700000, "netIncome": -30600000, "netIncomeRatio": -0.0520496683, "eps": -0.45, "epsdiluted": -0.45, "weightedAverageShsOut": 67968000, "weightedAverageShsOutDil": 67968000, "link": null, "finalLink": null, "calculatedOtherExpenses": 16500000, "calculatedOperatingExpenses": 164000000, "calculatedNetInterest": -175600000, "calculatedOtherIncome": 86300000, "calculatedIncomeNonControlling": 0, "calculatedEbitda": 100900000}, {"date": "1996-03-31", "symbol": "STE", "reportedCurrency": "USD", "cik": "0001757898", "fillingDate": "1996-03-31", "acceptedDate": "1996-03-31 00:00:00", "calendarYear": "1996", "period": "FY", "revenue": 91200000, "costOfRevenue": 32100000, "grossProfit": 59100000, "grossProfitRatio": 0.6480263158, "researchAndDevelopmentExpenses": 8300000, "generalAndAdministrativeExpenses": 0, "sellingAndMarketingExpenses": 0, "sellingGeneralAndAdministrativeExpenses": 28700000, "otherExpenses": 1800000, "operatingExpenses": 38800000, "costAndExpenses": 70900000, "interestIncome": 0, "interestExpense": -1500000, "depreciationAndAmortization": 1800000, "ebitda": 21300000, "ebitdaratio": 0.2335526316, "operatingIncome": 20300000, "operatingIncomeRatio": 0.2225877193, "totalOtherIncomeExpensesNet": 800000, "incomeBeforeTax": 21000000, "incomeBeforeTaxRatio": 0.2302631579, "incomeTaxExpense": 8200000, "netIncome": 12800000, "netIncomeRatio": 0.1403508772, "eps": 0.3, "epsdiluted": 0.3, "weightedAverageShsOut": 35888000, "weightedAverageShsOutDil": 35888000, "link": null, "finalLink": null, "calculatedOtherExpenses": 1800000, "calculatedOperatingExpenses": 38800000, "calculatedNetInterest": 1500000, "calculatedOtherIncome": -800000, "calculatedIncomeNonControlling": 0, "calculatedEbitda": 22100000}, {"date": "1995-03-31", "symbol": "STE", "reportedCurrency": "USD", "cik": "0001757898", "fillingDate": "1995-03-31", "acceptedDate": "1995-03-31 00:00:00", "calendarYear": "1995", "period": "FY", "revenue": 64300000, "costOfRevenue": 22700000, "grossProfit": 41600000, "grossProfitRatio": 0.6469673406, "researchAndDevelopmentExpenses": 6700000, "generalAndAdministrativeExpenses": 0, "sellingAndMarketingExpenses": 0, "sellingGeneralAndAdministrativeExpenses": 20600000, "otherExpenses": 1200000, "operatingExpenses": 28500000, "costAndExpenses": 51200000, "interestIncome": 0, "interestExpense": -1300000, "depreciationAndAmortization": 1200000, "ebitda": 13700000, "ebitdaratio": 0.2130637636, "operatingIncome": 13100000, "operatingIncomeRatio": 0.2037325039, "totalOtherIncomeExpensesNet": 600000, "incomeBeforeTax": 13800000, "incomeBeforeTaxRatio": 0.2146189736, "incomeTaxExpense": 5100000, "netIncome": 8700000, "netIncomeRatio": 0.1353032659, "eps": -0.14, "epsdiluted": -0.14, "weightedAverageShsOut": 35044000, "weightedAverageShsOutDil": 35044000, "link": null, "finalLink": null, "calculatedOtherExpenses": 1200000, "calculatedOperatingExpenses": 28500000, "calculatedNetInterest": 1300000, "calculatedOtherIncome": -600000, "calculatedIncomeNonControlling": 0, "calculatedEbitda": 14300000}, {"date": "1994-03-31", "symbol": "STE", "reportedCurrency": "USD", "cik": "0001757898", "fillingDate": "1994-03-31", "acceptedDate": "1994-03-31 00:00:00", "calendarYear": "1994", "period": "FY", "revenue": 45800000, "costOfRevenue": 17200000, "grossProfit": 28600000, "grossProfitRatio": 0.6244541485, "researchAndDevelopmentExpenses": 0, "generalAndAdministrativeExpenses": 0, "sellingAndMarketingExpenses": 0, "sellingGeneralAndAdministrativeExpenses": 19900000, "otherExpenses": 700000, "operatingExpenses": 20600000, "costAndExpenses": 37800000, "interestIncome": 0, "interestExpense": -2300000, "depreciationAndAmortization": 700000, "ebitda": 8100000, "ebitdaratio": 0.1768558952, "operatingIncome": 8000000, "operatingIncomeRatio": 0.1746724891, "totalOtherIncomeExpensesNet": 600000, "incomeBeforeTax": 8500000, "incomeBeforeTaxRatio": 0.1855895197, "incomeTaxExpense": 3400000, "netIncome": 6300000, "netIncomeRatio": 0.1375545852, "eps": 0.08, "epsdiluted": 0.075, "weightedAverageShsOut": 34740000, "weightedAverageShsOutDil": 34740000, "link": null, "finalLink": null, "calculatedOtherExpenses": 700000, "calculatedOperatingExpenses": 20600000, "calculatedNetInterest": 2300000, "calculatedOtherIncome": -1800000, "calculatedIncomeNonControlling": -1200000, "calculatedEbitda": 8700000}, {"date": "1993-03-31", "symbol": "STE", "reportedCurrency": "USD", "cik": "0001757898", "fillingDate": "1993-03-31", "acceptedDate": "1993-03-31 00:00:00", "calendarYear": "1993", "period": "FY", "revenue": 26700000, "costOfRevenue": 10700000, "grossProfit": 16000000, "grossProfitRatio": 0.5992509363, "researchAndDevelopmentExpenses": 0, "generalAndAdministrativeExpenses": 0, "sellingAndMarketingExpenses": 0, "sellingGeneralAndAdministrativeExpenses": 13300000, "otherExpenses": 400000, "operatingExpenses": 13700000, "costAndExpenses": 24400000, "interestIncome": 0, "interestExpense": -600000, "depreciationAndAmortization": 400000, "ebitda": 2400000, "ebitdaratio": 0.0898876404, "operatingIncome": 2300000, "operatingIncomeRatio": 0.0861423221, "totalOtherIncomeExpensesNet": 300000, "incomeBeforeTax": 2600000, "incomeBeforeTaxRatio": 0.0973782772, "incomeTaxExpense": 100000, "netIncome": 2500000, "netIncomeRatio": 0.0936329588, "eps": 0.02, "epsdiluted": 0.02, "weightedAverageShsOut": 34136000, "weightedAverageShsOutDil": 34136000, "link": null, "finalLink": null, "calculatedOtherExpenses": 400000, "calculatedOperatingExpenses": 13700000, "calculatedNetInterest": 600000, "calculatedOtherIncome": -300000, "calculatedIncomeNonControlling": 0, "calculatedEbitda": 2700000}, {"date": "1992-03-31", "symbol": "STE", "reportedCurrency": "USD", "cik": "0001757898", "fillingDate": "1992-03-31", "acceptedDate": "1992-03-31 00:00:00", "calendarYear": "1992", "period": "FY", "revenue": 12900000, "costOfRevenue": 5600000, "grossProfit": 7300000, "grossProfitRatio": 0.5658914729, "researchAndDevelopmentExpenses": 0, "generalAndAdministrativeExpenses": 0, "sellingAndMarketingExpenses": 0, "sellingGeneralAndAdministrativeExpenses": 7100000, "otherExpenses": 200000, "operatingExpenses": 7300000, "costAndExpenses": 12900000, "interestIncome": 0, "interestExpense": 0, "depreciationAndAmortization": 200000, "ebitda": 200000, "ebitdaratio": 0.015503876, "operatingIncome": 0, "operatingIncomeRatio": 0, "totalOtherIncomeExpensesNet": 100000, "incomeBeforeTax": 0, "incomeBeforeTaxRatio": 0, "incomeTaxExpense": 0, "netIncome": 0, "netIncomeRatio": 0, "eps": -0.0125, "epsdiluted": -0.0125, "weightedAverageShsOut": 20000000, "weightedAverageShsOutDil": 20000000, "link": null, "finalLink": null, "calculatedOtherExpenses": 200000, "calculatedOperatingExpenses": 7300000, "calculatedNetInterest": 0, "calculatedOtherIncome": 0, "calculatedIncomeNonControlling": 0, "calculatedEbitda": 200000}, {"date": "1991-03-31", "symbol": "STE", "reportedCurrency": "USD", "cik": "0001757898", "fillingDate": "1991-03-31", "acceptedDate": "1991-03-31 00:00:00", "calendarYear": "1991", "period": "FY", "revenue": 8800000, "costOfRevenue": 3400000, "grossProfit": 5400000, "grossProfitRatio": 0.6136363636, "researchAndDevelopmentExpenses": 0, "generalAndAdministrativeExpenses": 0, "sellingAndMarketingExpenses": 0, "sellingGeneralAndAdministrativeExpenses": 5000000, "otherExpenses": 200000, "operatingExpenses": 5200000, "costAndExpenses": 8600000, "interestIncome": 0, "interestExpense": 0, "depreciationAndAmortization": 200000, "ebitda": 400000, "ebitdaratio": 0.0454545455, "operatingIncome": 200000, "operatingIncomeRatio": 0.0227272727, "totalOtherIncomeExpensesNet": 0, "incomeBeforeTax": 0, "incomeBeforeTaxRatio": 0, "incomeTaxExpense": 0, "netIncome": 0, "netIncomeRatio": 0, "eps": -0.015, "epsdiluted": -0.015, "weightedAverageShsOut": 13333333, "weightedAverageShsOutDil": 13333333, "link": null, "finalLink": null, "calculatedOtherExpenses": 200000, "calculatedOperatingExpenses": 5200000, "calculatedNetInterest": 0, "calculatedOtherIncome": -200000, "calculatedIncomeNonControlling": 0, "calculatedEbitda": 400000}]}