{"originalCurrency": "USD", "convertedCurrency": "USD", "report": [{"date": "2023-12-31", "symbol": "STR", "reportedCurrency": "USD", "cik": "0001949543", "fillingDate": "2024-02-29", "acceptedDate": "2024-02-29 07:42:25", "calendarYear": "2023", "period": "FY", "revenue": 593356000, "costOfRevenue": 338259000, "grossProfit": 255097000, "grossProfitRatio": 0.42992234, "researchAndDevelopmentExpenses": 0, "generalAndAdministrativeExpenses": 49620000, "sellingAndMarketingExpenses": -3500000, "sellingGeneralAndAdministrativeExpenses": 46120000, "otherExpenses": 338259000, "operatingExpenses": 46120000, "costAndExpenses": 384379000, "interestIncome": 0, "interestExpense": 93413000, "depreciationAndAmortization": 291320000, "ebitda": 500297000, "ebitdaratio": 0.8431649802, "operatingIncome": 208977000, "operatingIncomeRatio": 0.3521949723, "totalOtherIncomeExpensesNet": -269956000, "incomeBeforeTax": -60979000, "incomeBeforeTaxRatio": -0.1027696695, "incomeTaxExpense": -14284000, "netIncome": -16585000, "netIncomeRatio": -0.0279511794, "eps": -0.2, "epsdiluted": -0.2, "weightedAverageShsOut": 81269000, "weightedAverageShsOutDil": 81269000, "link": "https://www.sec.gov/Archives/edgar/data/1949543/000095017024022649/0000950170-24-022649-index.htm", "finalLink": "https://www.sec.gov/Archives/edgar/data/1949543/000095017024022649/str-20231231.htm", "calculatedOtherExpenses": 0, "calculatedOperatingExpenses": 46120000, "calculatedNetInterest": -93413000, "calculatedOtherIncome": -176543000, "calculatedIncomeNonControlling": -30110000, "calculatedEbitda": 500297000}, {"date": "2022-12-31", "symbol": "STR", "reportedCurrency": "USD", "cik": "0001949543", "fillingDate": "2023-03-08", "acceptedDate": "2023-03-08 16:15:47", "calendarYear": "2022", "period": "FY", "revenue": 369612000, "costOfRevenue": 104511000, "grossProfit": 265101000, "grossProfitRatio": 0.7172413233, "researchAndDevelopmentExpenses": 0, "generalAndAdministrativeExpenses": 42299000, "sellingAndMarketingExpenses": 0, "sellingGeneralAndAdministrativeExpenses": 42299000, "otherExpenses": 3241000, "operatingExpenses": 45540000, "costAndExpenses": 150051000, "interestIncome": 35389000, "interestExpense": 35499000, "depreciationAndAmortization": 130083000, "ebitda": 324072000, "ebitdaratio": 0.8767897146, "operatingIncome": 193989000, "operatingIncomeRatio": 0.5248449726, "totalOtherIncomeExpensesNet": -4177000, "incomeBeforeTax": 189812000, "incomeBeforeTaxRatio": 0.5135439326, "incomeTaxExpense": 5681000, "netIncome": 184182000, "netIncomeRatio": 0.4983117431, "eps": 1.1, "epsdiluted": 1.1, "weightedAverageShsOut": 13723000, "weightedAverageShsOutDil": 13723000, "link": "https://www.sec.gov/Archives/edgar/data/1949543/000095017023006714/0000950170-23-006714-index.htm", "finalLink": "https://www.sec.gov/Archives/edgar/data/1949543/000095017023006714/str-20221231.htm", "calculatedOtherExpenses": 28813000, "calculatedOperatingExpenses": 71112000, "calculatedNetInterest": -110000, "calculatedOtherIncome": -4067000, "calculatedIncomeNonControlling": -51000, "calculatedEbitda": 324072000}, {"date": "2021-12-31", "symbol": "STR", "reportedCurrency": "USD", "cik": "0001949543", "fillingDate": "2022-03-11", "acceptedDate": "2022-03-11 17:15:14", "calendarYear": "2021", "period": "FY", "revenue": 120588000, "costOfRevenue": 40906000, "grossProfit": 79682000, "grossProfitRatio": 0.6607788503, "researchAndDevelopmentExpenses": 0, "generalAndAdministrativeExpenses": 12998000, "sellingAndMarketingExpenses": 1752000, "sellingGeneralAndAdministrativeExpenses": 12998000, "otherExpenses": 7480000, "operatingExpenses": 20478000, "costAndExpenses": 61384000, "interestIncome": 1893000, "interestExpense": 1893000, "depreciationAndAmortization": 50236000, "ebitda": 100110000, "ebitdaratio": 0.8301821077, "operatingIncome": 49874000, "operatingIncomeRatio": 0.4135900753, "totalOtherIncomeExpensesNet": -1893000, "incomeBeforeTax": 47981000, "incomeBeforeTaxRatio": 0.3978919959, "incomeTaxExpense": 486000, "netIncome": 47495000, "netIncomeRatio": 0.3938617441, "eps": 3.75, "epsdiluted": 3.75, "weightedAverageShsOut": 20042987, "weightedAverageShsOutDil": 20042987, "link": "https://www.sec.gov/Archives/edgar/data/1703785/000156459022009887/0001564590-22-009887-index.htm", "finalLink": "https://www.sec.gov/Archives/edgar/data/1703785/000156459022009887/flmn-10k_20211231.htm", "calculatedOtherExpenses": 16810000, "calculatedOperatingExpenses": 29808000, "calculatedNetInterest": 0, "calculatedOtherIncome": -1893000, "calculatedIncomeNonControlling": 0, "calculatedEbitda": 100110000}, {"date": "2020-12-31", "symbol": "STR", "reportedCurrency": "USD", "cik": "0001949543", "fillingDate": "2021-03-12", "acceptedDate": "2021-03-12 17:09:22", "calendarYear": "2020", "period": "FY", "revenue": 45699000, "costOfRevenue": 32049000, "grossProfit": 13650000, "grossProfitRatio": 0.2986936257, "researchAndDevelopmentExpenses": 0, "generalAndAdministrativeExpenses": 9388000, "sellingAndMarketingExpenses": 1993000, "sellingGeneralAndAdministrativeExpenses": 9388000, "otherExpenses": 7480000, "operatingExpenses": 16868000, "costAndExpenses": 48917000, "interestIncome": 1968000, "interestExpense": 1968000, "depreciationAndAmortization": 32049000, "ebitda": 28831000, "ebitdaratio": 0.6308890785, "operatingIncome": -3218000, "operatingIncomeRatio": -0.0704172958, "totalOtherIncomeExpensesNet": -10974000, "incomeBeforeTax": -14192000, "incomeBeforeTaxRatio": -0.3105538414, "incomeTaxExpense": 22000, "netIncome": -14214000, "netIncomeRatio": -0.3110352524, "eps": -1.24, "epsdiluted": -0.66, "weightedAverageShsOut": 11507750, "weightedAverageShsOutDil": 21507750, "link": "https://www.sec.gov/Archives/edgar/data/1703785/000156459021012915/0001564590-21-012915-index.htm", "finalLink": "https://www.sec.gov/Archives/edgar/data/1703785/000156459021012915/flmn-10k_20201231.htm", "calculatedOtherExpenses": 7480000, "calculatedOperatingExpenses": 16868000, "calculatedNetInterest": 0, "calculatedOtherIncome": -10974000, "calculatedIncomeNonControlling": 0, "calculatedEbitda": 28831000}, {"date": "2019-12-31", "symbol": "STR", "reportedCurrency": "USD", "cik": "0001949543", "fillingDate": "2020-03-13", "acceptedDate": "2020-03-13 16:28:50", "calendarYear": "2019", "period": "FY", "revenue": 68463000, "costOfRevenue": 16999000, "grossProfit": 51464000, "grossProfitRatio": 0.7517053007, "researchAndDevelopmentExpenses": 0, "generalAndAdministrativeExpenses": 10516000, "sellingAndMarketingExpenses": 2396000, "sellingGeneralAndAdministrativeExpenses": 14308000, "otherExpenses": 0, "operatingExpenses": 14308000, "costAndExpenses": 31307000, "interestIncome": 868000, "interestExpense": 2489000, "depreciationAndAmortization": 12812000, "ebitda": 49968000, "ebitdaratio": 0.7298540818, "operatingIncome": 37156000, "operatingIncomeRatio": 0.5427165038, "totalOtherIncomeExpensesNet": -2324000, "incomeBeforeTax": 34832000, "incomeBeforeTaxRatio": 0.5087711611, "incomeTaxExpense": 3918000, "netIncome": 14235000, "netIncomeRatio": 0.2079225275, "eps": 1.24, "epsdiluted": 1.24, "weightedAverageShsOut": 11473250, "weightedAverageShsOutDil": 11473250, "link": "https://www.sec.gov/Archives/edgar/data/1703785/000156459020010843/0001564590-20-010843-index.htm", "finalLink": "https://www.sec.gov/Archives/edgar/data/1703785/000156459020010843/flmn-10k_20191231.htm", "calculatedOtherExpenses": 0, "calculatedOperatingExpenses": 14308000, "calculatedNetInterest": -1621000, "calculatedOtherIncome": -703000, "calculatedIncomeNonControlling": 16679000, "calculatedEbitda": 49968000}, {"date": "2018-12-31", "symbol": "STR", "reportedCurrency": "USD", "cik": "0001949543", "fillingDate": "2019-03-14", "acceptedDate": "2019-03-14 16:31:50", "calendarYear": "2018", "period": "FY", "revenue": 98655000, "costOfRevenue": 22105000, "grossProfit": 76550000, "grossProfitRatio": 0.7759363438, "researchAndDevelopmentExpenses": 0, "generalAndAdministrativeExpenses": 9544000, "sellingAndMarketingExpenses": 2368000, "sellingGeneralAndAdministrativeExpenses": 11912000, "otherExpenses": 0, "operatingExpenses": 11912000, "costAndExpenses": 34017000, "interestIncome": 0, "interestExpense": 2350000, "depreciationAndAmortization": 16969000, "ebitda": 81607000, "ebitdaratio": 0.8271957833, "operatingIncome": 64638000, "operatingIncomeRatio": 0.6551923369, "totalOtherIncomeExpensesNet": 37621999, "incomeBeforeTax": 102260000, "incomeBeforeTaxRatio": 1.0365414829, "incomeTaxExpense": 3292000, "netIncome": 90125000, "netIncomeRatio": 0.9135370736, "eps": 7.86, "epsdiluted": 7.86, "weightedAverageShsOut": 11463750, "weightedAverageShsOutDil": 11463750, "link": "https://www.sec.gov/Archives/edgar/data/1703785/000156459019007840/0001564590-19-007840-index.htm", "finalLink": "https://www.sec.gov/Archives/edgar/data/1703785/000156459019007840/flmn-10k_20181231.htm", "calculatedOtherExpenses": 0, "calculatedOperatingExpenses": 11912000, "calculatedNetInterest": -2350000, "calculatedOtherIncome": 39972000, "calculatedIncomeNonControlling": 8843000, "calculatedEbitda": 81607000}, {"date": "2017-12-31", "symbol": "STR", "reportedCurrency": "USD", "cik": "0001949543", "fillingDate": "2018-03-16", "acceptedDate": "2018-03-16 16:11:07", "calendarYear": "2017", "period": "FY", "revenue": 95972000, "costOfRevenue": 39079000, "grossProfit": 56893000, "grossProfitRatio": 0.5928083191, "researchAndDevelopmentExpenses": 0, "generalAndAdministrativeExpenses": 8213000, "sellingAndMarketingExpenses": 6505000, "sellingGeneralAndAdministrativeExpenses": 14718000, "otherExpenses": 0, "operatingExpenses": 14718000, "costAndExpenses": 53797000, "interestIncome": 1464784, "interestExpense": 2746000, "depreciationAndAmortization": 33871000, "ebitda": 76046000, "ebitdaratio": 0.7923769433, "operatingIncome": 42175000, "operatingIncomeRatio": 0.4394510899, "totalOtherIncomeExpensesNet": 30520000, "incomeBeforeTax": 72695000, "incomeBeforeTaxRatio": 0.7574605093, "incomeTaxExpense": -369512, "netIncome": 75518000, "netIncomeRatio": 0.7868753386, "eps": 9.1, "epsdiluted": 9.1, "weightedAverageShsOut": 8302618, "weightedAverageShsOutDil": 8302618, "link": "https://www.sec.gov/Archives/edgar/data/1703785/000121390018003075/0001213900-18-003075-index.htm", "finalLink": "https://www.sec.gov/Archives/edgar/data/1703785/000121390018003075/f10k2017_ospreyenergy.htm", "calculatedOtherExpenses": 0, "calculatedOperatingExpenses": 14718000, "calculatedNetInterest": -1281216, "calculatedOtherIncome": 31801216, "calculatedIncomeNonControlling": -2453488, "calculatedEbitda": 76046000}, {"date": "2016-12-31", "symbol": "STR", "reportedCurrency": "USD", "cik": "0001949543", "fillingDate": "2016-12-31", "acceptedDate": "2016-12-30 19:00:00", "calendarYear": "2016", "period": "FY", "revenue": 70121000, "costOfRevenue": 40371000, "grossProfit": 29750000, "grossProfitRatio": 0.4242666248, "researchAndDevelopmentExpenses": 0, "generalAndAdministrativeExpenses": 6114000, "sellingAndMarketingExpenses": 6605000, "sellingGeneralAndAdministrativeExpenses": 532, "otherExpenses": 0, "operatingExpenses": 532, "costAndExpenses": 532, "interestIncome": 0, "interestExpense": 3096000, "depreciationAndAmortization": 37265000, "ebitda": 55072000, "ebitdaratio": 0.7853852626, "operatingIncome": -530, "operatingIncomeRatio": -7.5584e-06, "totalOtherIncomeExpensesNet": -2, "incomeBeforeTax": -532, "incomeBeforeTaxRatio": -7.5869e-06, "incomeTaxExpense": 823000, "netIncome": -532, "netIncomeRatio": -7.5869e-06, "eps": 0, "epsdiluted": 0, "weightedAverageShsOut": 34375000, "weightedAverageShsOutDil": 34375000, "link": "", "finalLink": "", "calculatedOtherExpenses": 29749998, "calculatedOperatingExpenses": 29750530, "calculatedNetInterest": -3096000, "calculatedOtherIncome": 3095998, "calculatedIncomeNonControlling": -823000, "calculatedEbitda": 37264470}, {"date": "2015-12-31", "symbol": "STR", "reportedCurrency": "USD", "cik": "0001949543", "fillingDate": "2016-02-18", "acceptedDate": "2016-02-18 16:19:15", "calendarYear": "2015", "period": "FY", "revenue": 1134900000, "costOfRevenue": 8900000, "grossProfit": 1126000000, "grossProfitRatio": 0.9921578994, "researchAndDevelopmentExpenses": 0, "generalAndAdministrativeExpenses": 109000000, "sellingAndMarketingExpenses": 0, "sellingGeneralAndAdministrativeExpenses": 109000000, "otherExpenses": 653300000, "operatingExpenses": 762300000, "costAndExpenses": 771200000, "interestIncome": 0, "interestExpense": 63000000, "depreciationAndAmortization": 284100000, "ebitda": 666400000, "ebitdaratio": 0.5871882985, "operatingIncome": 374400000, "operatingIncomeRatio": 0.3298969072, "totalOtherIncomeExpensesNet": -55100000, "incomeBeforeTax": 319300000, "incomeBeforeTaxRatio": 0.2813463741, "incomeTaxExpense": 110600000, "netIncome": 208700000, "netIncomeRatio": 0.183892854, "eps": 1.19, "epsdiluted": 1.18, "weightedAverageShsOut": 176100000, "weightedAverageShsOutDil": 176300000, "link": "https://www.sec.gov/Archives/edgar/data/68589/000075165216000260/0000751652-16-000260-index.html", "finalLink": "https://www.sec.gov/Archives/edgar/data/68589/000075165216000260/str12311510k.htm", "calculatedOtherExpenses": 642600000, "calculatedOperatingExpenses": 751600000, "calculatedNetInterest": -63000000, "calculatedOtherIncome": 7900000, "calculatedIncomeNonControlling": 0, "calculatedEbitda": 658500000}, {"date": "2014-12-31", "symbol": "STR", "reportedCurrency": "USD", "cik": "0001949543", "fillingDate": "2015-02-20", "acceptedDate": "2015-02-19 17:34:32", "calendarYear": "2014", "period": "FY", "revenue": 1189300000, "costOfRevenue": 4000000, "grossProfit": 1185300000, "grossProfitRatio": 0.996636677, "researchAndDevelopmentExpenses": 0, "generalAndAdministrativeExpenses": 127900000, "sellingAndMarketingExpenses": 0, "sellingGeneralAndAdministrativeExpenses": 127900000, "otherExpenses": 657200000, "operatingExpenses": 785100000, "costAndExpenses": 789100000, "interestIncome": 0, "interestExpense": 63100000, "depreciationAndAmortization": 293200000, "ebitda": 708700000, "ebitdaratio": 0.595896746, "operatingIncome": 405400000, "operatingIncomeRatio": 0.3408727823, "totalOtherIncomeExpensesNet": -53000000, "incomeBeforeTax": 352400000, "incomeBeforeTaxRatio": 0.296308753, "incomeTaxExpense": 125900000, "netIncome": 226500000, "netIncomeRatio": 0.1904481628, "eps": 1.29, "epsdiluted": 1.29, "weightedAverageShsOut": 175800000, "weightedAverageShsOutDil": 176100000, "link": "https://www.sec.gov/Archives/edgar/data/751652/000075165215000024/0000751652-15-000024-index.htm", "finalLink": "https://www.sec.gov/Archives/edgar/data/751652/000075165215000024/str12311410k.htm", "calculatedOtherExpenses": 652000000, "calculatedOperatingExpenses": 779900000, "calculatedNetInterest": -63100000, "calculatedOtherIncome": 10100000, "calculatedIncomeNonControlling": 0, "calculatedEbitda": 698600000}, {"date": "2013-12-31", "symbol": "STR", "reportedCurrency": "USD", "cik": "0001949543", "fillingDate": "2014-02-25", "acceptedDate": "2014-02-25 17:18:05", "calendarYear": "2013", "period": "FY", "revenue": 1220000000, "costOfRevenue": 6100000, "grossProfit": 1213900000, "grossProfitRatio": 0.995, "researchAndDevelopmentExpenses": 0, "generalAndAdministrativeExpenses": 121000000, "sellingAndMarketingExpenses": 0, "sellingGeneralAndAdministrativeExpenses": 121000000, "otherExpenses": 793000000, "operatingExpenses": 914000000, "costAndExpenses": 920100000, "interestIncome": 0, "interestExpense": 56900000, "depreciationAndAmortization": 256500000, "ebitda": 575900000, "ebitdaratio": 0.4720491803, "operatingIncome": 305800000, "operatingIncomeRatio": 0.2506557377, "totalOtherIncomeExpensesNet": -43300000, "incomeBeforeTax": 262500000, "incomeBeforeTaxRatio": 0.2151639344, "incomeTaxExpense": 101300000, "netIncome": 161200000, "netIncomeRatio": 0.1321311475, "eps": 0.92, "epsdiluted": 0.92, "weightedAverageShsOut": 175400000, "weightedAverageShsOutDil": 176000000, "link": "https://www.sec.gov/Archives/edgar/data/751652/000075165214000049/0000751652-14-000049-index.htm", "finalLink": "https://www.sec.gov/Archives/edgar/data/751652/000075165214000049/str12311310k.htm", "calculatedOtherExpenses": 787100000, "calculatedOperatingExpenses": 908100000, "calculatedNetInterest": -56900000, "calculatedOtherIncome": 13600000, "calculatedIncomeNonControlling": 0, "calculatedEbitda": 562300000}, {"date": "2012-12-31", "symbol": "STR", "reportedCurrency": "USD", "cik": "0001949543", "fillingDate": "2013-02-22", "acceptedDate": "2013-02-21 21:03:45", "calendarYear": "2012", "period": "FY", "revenue": 1098900000, "costOfRevenue": 6700000, "grossProfit": 1092200000, "grossProfitRatio": 0.9939029939, "researchAndDevelopmentExpenses": 0, "generalAndAdministrativeExpenses": 120800000, "sellingAndMarketingExpenses": 0, "sellingGeneralAndAdministrativeExpenses": 120800000, "otherExpenses": 607500000, "operatingExpenses": 728300000, "costAndExpenses": 735000000, "interestIncome": 0, "interestExpense": 57900000, "depreciationAndAmortization": 241300000, "ebitda": 627700000, "ebitdaratio": 0.5712075712, "operatingIncome": 375700000, "operatingIncomeRatio": 0.3418873419, "totalOtherIncomeExpensesNet": -183900000, "incomeBeforeTax": 191800000, "incomeBeforeTaxRatio": 0.1745381745, "incomeTaxExpense": 116500000, "netIncome": 212000000, "netIncomeRatio": 0.1929201929, "eps": 1.2, "epsdiluted": 1.19, "weightedAverageShsOut": 176500000, "weightedAverageShsOutDil": 177500000, "link": "https://www.sec.gov/Archives/edgar/data/68589/000075165213000014/0000751652-13-000014-index.html", "finalLink": "https://www.sec.gov/Archives/edgar/data/68589/000075165213000014/str12311210k.htm", "calculatedOtherExpenses": 595700000, "calculatedOperatingExpenses": 716500000, "calculatedNetInterest": -57900000, "calculatedOtherIncome": -126000000, "calculatedIncomeNonControlling": -136700000, "calculatedEbitda": 617000000}, {"date": "2011-12-31", "symbol": "STR", "reportedCurrency": "USD", "cik": "0001949543", "fillingDate": "2012-02-24", "acceptedDate": "2012-02-24 16:18:33", "calendarYear": "2011", "period": "FY", "revenue": 1194400000, "costOfRevenue": 3100000, "grossProfit": 1191300000, "grossProfitRatio": 0.9974045546, "researchAndDevelopmentExpenses": 0, "generalAndAdministrativeExpenses": 117900000, "sellingAndMarketingExpenses": 0, "sellingGeneralAndAdministrativeExpenses": 117900000, "otherExpenses": 709800000, "operatingExpenses": 827700000, "costAndExpenses": 830800000, "interestIncome": 0, "interestExpense": 56800000, "depreciationAndAmortization": 218600000, "ebitda": 599700000, "ebitdaratio": 0.5020931011, "operatingIncome": 366900000, "operatingIncomeRatio": 0.3071835231, "totalOtherIncomeExpensesNet": -42600000, "incomeBeforeTax": 324300000, "incomeBeforeTaxRatio": 0.2715170797, "incomeTaxExpense": 116400000, "netIncome": 207900000, "netIncomeRatio": 0.1740622907, "eps": 1.17, "epsdiluted": 1.16, "weightedAverageShsOut": 177400000, "weightedAverageShsOutDil": 178800000, "link": "https://www.sec.gov/Archives/edgar/data/68589/000075165212000007/0000751652-12-000007-index.html", "finalLink": "https://www.sec.gov/Archives/edgar/data/68589/000075165212000007/str12311110k.htm", "calculatedOtherExpenses": 706500000, "calculatedOperatingExpenses": 824400000, "calculatedNetInterest": -56800000, "calculatedOtherIncome": 14200000, "calculatedIncomeNonControlling": 0, "calculatedEbitda": 585500000}, {"date": "2010-12-31", "symbol": "STR", "reportedCurrency": "USD", "cik": "0001949543", "fillingDate": "2011-03-01", "acceptedDate": "2011-02-28 19:00:00", "calendarYear": "2010", "period": "FY", "revenue": 1123000000, "costOfRevenue": 280000000, "grossProfit": 843000000, "grossProfitRatio": 0.750667854, "researchAndDevelopmentExpenses": 0, "generalAndAdministrativeExpenses": 108000000, "sellingAndMarketingExpenses": 0, "sellingGeneralAndAdministrativeExpenses": 108000000, "otherExpenses": 672000000, "operatingExpenses": 780000000, "costAndExpenses": 1060000000, "interestIncome": 0, "interestExpense": 0, "depreciationAndAmortization": 49000000, "ebitda": 350000000, "ebitdaratio": 0.3116651825, "operatingIncome": 343000000, "operatingIncomeRatio": 0.3054318789, "totalOtherIncomeExpensesNet": -42000000, "incomeBeforeTax": 301000000, "incomeBeforeTaxRatio": 0.268032057, "incomeTaxExpense": -42000000, "netIncome": 301000000, "netIncomeRatio": 0.268032057, "eps": 1.7, "epsdiluted": 1.69, "weightedAverageShsOut": 177000000, "weightedAverageShsOutDil": 178500000, "link": "https://www.sec.gov/Archives/edgar/data/751652/000075165211000008/0000751652-11-000008-index.htm", "finalLink": "https://www.sec.gov/Archives/edgar/data/751652/000075165211000008/str10k4q2010.htm", "calculatedOtherExpenses": 392000000, "calculatedOperatingExpenses": 500000000, "calculatedNetInterest": 0, "calculatedOtherIncome": -42000000, "calculatedIncomeNonControlling": 42000000, "calculatedEbitda": 392000000}, {"date": "2009-12-31", "symbol": "STR", "reportedCurrency": "USD", "cik": "0001949543", "fillingDate": "2010-03-01", "acceptedDate": "2010-02-26 21:45:02", "calendarYear": "2009", "period": "FY", "revenue": 3038000000, "costOfRevenue": 716000000, "grossProfit": 2322000000, "grossProfitRatio": 0.7643186307, "researchAndDevelopmentExpenses": 0, "generalAndAdministrativeExpenses": 183000000, "sellingAndMarketingExpenses": 0, "sellingGeneralAndAdministrativeExpenses": 183000000, "otherExpenses": 1943000000, "operatingExpenses": 2126000000, "costAndExpenses": 2842000000, "interestIncome": 0, "interestExpense": 128000000, "depreciationAndAmortization": 714000000, "ebitda": 1237000000, "ebitdaratio": 0.4071757735, "operatingIncome": 913000000, "operatingIncomeRatio": 0.3005266623, "totalOtherIncomeExpensesNet": -296000000, "incomeBeforeTax": 617000000, "incomeBeforeTaxRatio": 0.2030941409, "incomeTaxExpense": -168000000, "netIncome": 395000000, "netIncomeRatio": 0.1300197498, "eps": 2.26, "epsdiluted": 2.23, "weightedAverageShsOut": 175000000, "weightedAverageShsOutDil": 177400000, "link": "https://www.sec.gov/Archives/edgar/data/751652/000075165210000006/0000751652-10-000006-index.html", "finalLink": "https://www.sec.gov/Archives/edgar/data/751652/000075165210000006/str10k4q2009.htm", "calculatedOtherExpenses": 1226000000, "calculatedOperatingExpenses": 1409000000, "calculatedNetInterest": -128000000, "calculatedOtherIncome": -168000000, "calculatedIncomeNonControlling": 390000000, "calculatedEbitda": 1627000000}, {"date": "2008-12-31", "symbol": "STR", "reportedCurrency": "USD", "cik": "0001949543", "fillingDate": "2009-02-27", "acceptedDate": "2009-02-27 11:06:29", "calendarYear": "2008", "period": "FY", "revenue": 3465000000, "costOfRevenue": 1007000000, "grossProfit": 2458000000, "grossProfitRatio": 0.7093795094, "researchAndDevelopmentExpenses": 0, "generalAndAdministrativeExpenses": 159000000, "sellingAndMarketingExpenses": 0, "sellingGeneralAndAdministrativeExpenses": 159000000, "otherExpenses": 2130000000, "operatingExpenses": 2289000000, "costAndExpenses": 3296000000, "interestIncome": 0, "interestExpense": 119000000, "depreciationAndAmortization": 502000000, "ebitda": 1304000000, "ebitdaratio": 0.3763347763, "operatingIncome": 1240000000, "operatingIncomeRatio": 0.3578643579, "totalOtherIncomeExpensesNet": -179000000, "incomeBeforeTax": 1061000000, "incomeBeforeTaxRatio": 0.3062049062, "incomeTaxExpense": -60000000, "netIncome": 683000000, "netIncomeRatio": 0.1971139971, "eps": 3.97, "epsdiluted": 3.88, "weightedAverageShsOut": 172000000, "weightedAverageShsOutDil": 176000000, "link": "https://www.sec.gov/Archives/edgar/data/751652/000075165209000009/0000751652-09-000009-index.html", "finalLink": "https://www.sec.gov/Archives/edgar/data/751652/000075165209000009/str10k4q2008.htm", "calculatedOtherExpenses": 1059000000, "calculatedOperatingExpenses": 1218000000, "calculatedNetInterest": -119000000, "calculatedOtherIncome": -60000000, "calculatedIncomeNonControlling": 438000000, "calculatedEbitda": 1742000000}, {"date": "2007-12-31", "symbol": "STR", "reportedCurrency": "USD", "cik": "0001949543", "fillingDate": "2008-02-27", "acceptedDate": "2008-02-26 18:43:33", "calendarYear": "2007", "period": "FY", "revenue": 2726000000, "costOfRevenue": 917000000, "grossProfit": 1809000000, "grossProfitRatio": 0.6636096845, "researchAndDevelopmentExpenses": 0, "generalAndAdministrativeExpenses": 165000000, "sellingAndMarketingExpenses": 0, "sellingGeneralAndAdministrativeExpenses": 165000000, "otherExpenses": 1719000000, "operatingExpenses": 1884000000, "costAndExpenses": 2801000000, "interestIncome": 0, "interestExpense": 72000000, "depreciationAndAmortization": 375000000, "ebitda": 954000000, "ebitdaratio": 0.3499633162, "operatingIncome": 841000000, "operatingIncomeRatio": 0.3085106383, "totalOtherIncomeExpensesNet": -43000000, "incomeBeforeTax": 798000000, "incomeBeforeTaxRatio": 0.2927366104, "incomeTaxExpense": 29000000, "netIncome": 507000000, "netIncomeRatio": 0.1859867938, "eps": 2.95, "epsdiluted": 2.9, "weightedAverageShsOut": 172000000, "weightedAverageShsOutDil": 175000000, "link": "https://www.sec.gov/Archives/edgar/data/751652/000075165208000012/0000751652-08-000012-index.htm", "finalLink": "https://www.sec.gov/Archives/edgar/data/751652/000075165208000012/str10k4q2007.htm", "calculatedOtherExpenses": 803000000, "calculatedOperatingExpenses": 968000000, "calculatedNetInterest": -72000000, "calculatedOtherIncome": 29000000, "calculatedIncomeNonControlling": 262000000, "calculatedEbitda": 1216000000}, {"date": "2006-12-31", "symbol": "STR", "reportedCurrency": "USD", "cik": "0001949543", "fillingDate": "2007-02-28", "acceptedDate": "2007-02-28 14:11:33", "calendarYear": "2006", "period": "FY", "revenue": 2835000000, "costOfRevenue": 1223000000, "grossProfit": 1612000000, "grossProfitRatio": 0.5686067019, "researchAndDevelopmentExpenses": 0, "generalAndAdministrativeExpenses": 135000000, "sellingAndMarketingExpenses": 0, "sellingGeneralAndAdministrativeExpenses": 135000000, "otherExpenses": 1969000000, "operatingExpenses": 2104000000, "costAndExpenses": 3327000000, "interestIncome": 0, "interestExpense": 73000000, "depreciationAndAmortization": 316000000, "ebitda": 833000000, "ebitdaratio": 0.2938271605, "operatingIncome": 756000000, "operatingIncomeRatio": 0.2666666667, "totalOtherIncomeExpensesNet": -57000000, "incomeBeforeTax": 699000000, "incomeBeforeTaxRatio": 0.2465608466, "incomeTaxExpense": 16000000, "netIncome": 444000000, "netIncomeRatio": 0.1566137566, "eps": 5.22, "epsdiluted": 5.1, "weightedAverageShsOut": 85000000, "weightedAverageShsOutDil": 87000000, "link": "https://www.sec.gov/Archives/edgar/data/751652/000075165207000007/0000751652-07-000007-index.htm", "finalLink": "https://www.sec.gov/Archives/edgar/data/751652/000075165207000007/str10k4q_2006.htm", "calculatedOtherExpenses": 721000000, "calculatedOperatingExpenses": 856000000, "calculatedNetInterest": -73000000, "calculatedOtherIncome": 16000000, "calculatedIncomeNonControlling": 239000000, "calculatedEbitda": 1072000000}, {"date": "2005-12-31", "symbol": "STR", "reportedCurrency": "USD", "cik": "0001949543", "fillingDate": "2006-03-02", "acceptedDate": "2006-03-02 16:28:54", "calendarYear": "2005", "period": "FY", "revenue": 2724888000, "costOfRevenue": 1371327000, "grossProfit": 1353561000, "grossProfitRatio": 0.4967400495, "researchAndDevelopmentExpenses": 0, "generalAndAdministrativeExpenses": 123055000, "sellingAndMarketingExpenses": 0, "sellingGeneralAndAdministrativeExpenses": 123055000, "otherExpenses": 2040104000, "operatingExpenses": 2163159000, "costAndExpenses": 3534486000, "interestIncome": 0, "interestExpense": 69295000, "depreciationAndAmortization": 255540000, "ebitda": 650516000, "ebitdaratio": 0.23873128, "operatingIncome": 561729000, "operatingIncomeRatio": 0.2061475554, "totalOtherIncomeExpensesNet": -236048000, "incomeBeforeTax": 325681000, "incomeBeforeTaxRatio": 0.1195208757, "incomeTaxExpense": -166753000, "netIncome": 325681000, "netIncomeRatio": 0.1195208757, "eps": 3.84, "epsdiluted": 3.74, "weightedAverageShsOut": 84791000, "weightedAverageShsOutDil": 87134000, "link": "https://www.sec.gov/Archives/edgar/data/751652/000075165206000010/0000751652-06-000010-index.htm", "finalLink": "https://www.sec.gov/Archives/edgar/data/751652/000075165206000010/str10k_4q2005.htm", "calculatedOtherExpenses": 668777000, "calculatedOperatingExpenses": 791832000, "calculatedNetInterest": -69295000, "calculatedOtherIncome": -166753000, "calculatedIncomeNonControlling": 166753000, "calculatedEbitda": 817269000}, {"date": "2004-12-31", "symbol": "STR", "reportedCurrency": "USD", "cik": "0001949543", "fillingDate": "2005-03-07", "acceptedDate": "2005-03-07 17:25:01", "calendarYear": "2004", "period": "FY", "revenue": 1901431000, "costOfRevenue": 840544000, "grossProfit": 1060887000, "grossProfitRatio": 0.557941361, "researchAndDevelopmentExpenses": 0, "generalAndAdministrativeExpenses": 0, "sellingAndMarketingExpenses": 0, "sellingGeneralAndAdministrativeExpenses": 0, "otherExpenses": 1485844000, "operatingExpenses": 1485844000, "costAndExpenses": 2326388000, "interestIncome": 0, "interestExpense": 0, "depreciationAndAmortization": 225879000, "ebitda": 455180000, "ebitdaratio": 0.239388124, "operatingIncome": 415587000, "operatingIncomeRatio": 0.2185653858, "totalOtherIncomeExpensesNet": -56706000, "incomeBeforeTax": 358881000, "incomeBeforeTaxRatio": 0.1887425839, "incomeTaxExpense": -56706000, "netIncome": 229301000, "netIncomeRatio": 0.1205939106, "eps": 2.74, "epsdiluted": 2.67, "weightedAverageShsOut": 83759000, "weightedAverageShsOutDil": 85722000, "link": "https://www.sec.gov/Archives/edgar/data/751652/000104746905005570/0001047469-05-005570-index.htm", "finalLink": "https://www.sec.gov/Archives/edgar/data/751652/000104746905005570/a2153131z10-k.htm", "calculatedOtherExpenses": 645300000, "calculatedOperatingExpenses": 645300000, "calculatedNetInterest": 0, "calculatedOtherIncome": -56706000, "calculatedIncomeNonControlling": 186286000, "calculatedEbitda": 641466000}, {"date": "2003-12-31", "symbol": "STR", "reportedCurrency": "USD", "cik": "0001949543", "fillingDate": "2004-03-12", "acceptedDate": "2004-03-12 14:07:28", "calendarYear": "2003", "period": "FY", "revenue": 1463188000, "costOfRevenue": 542441000, "grossProfit": 920747000, "grossProfitRatio": 0.6292745703, "researchAndDevelopmentExpenses": 0, "generalAndAdministrativeExpenses": 0, "sellingAndMarketingExpenses": 0, "sellingGeneralAndAdministrativeExpenses": 0, "otherExpenses": 1123358000, "operatingExpenses": 1123358000, "costAndExpenses": 1665799000, "interestIncome": 0, "interestExpense": 0, "depreciationAndAmortization": 2041000, "ebitda": 175657000, "ebitdaratio": 0.1200508752, "operatingIncome": 339830000, "operatingIncomeRatio": 0.2322531349, "totalOtherIncomeExpensesNet": -166214000, "incomeBeforeTax": 173616000, "incomeBeforeTaxRatio": 0.1186559759, "incomeTaxExpense": -166214000, "netIncome": 173616000, "netIncomeRatio": 0.1186559759, "eps": 2.1, "epsdiluted": 2.06, "weightedAverageShsOut": 82697000, "weightedAverageShsOutDil": 84190000, "link": "https://www.sec.gov/Archives/edgar/data/751652/000075165204000006/0000751652-04-000006-index.htm", "finalLink": "https://www.sec.gov/Archives/edgar/data/751652/000075165204000006/str10k_4q2003.htm", "calculatedOtherExpenses": 580917000, "calculatedOperatingExpenses": 580917000, "calculatedNetInterest": 0, "calculatedOtherIncome": -166214000, "calculatedIncomeNonControlling": 166214000, "calculatedEbitda": 341871000}, {"date": "2002-12-31", "symbol": "STR", "reportedCurrency": "USD", "cik": "0001949543", "fillingDate": "2003-03-27", "acceptedDate": "2003-03-27 17:22:33", "calendarYear": "2002", "period": "FY", "revenue": 25490000, "costOfRevenue": 0, "grossProfit": 25490000, "grossProfitRatio": 1, "researchAndDevelopmentExpenses": 0, "generalAndAdministrativeExpenses": 0, "sellingAndMarketingExpenses": 0, "sellingGeneralAndAdministrativeExpenses": 0, "otherExpenses": 16685000, "operatingExpenses": 16685000, "costAndExpenses": 16685000, "interestIncome": 0, "interestExpense": 0, "depreciationAndAmortization": 194369000, "ebitda": 203238000, "ebitdaratio": 7.9732444096, "operatingIncome": 8805000, "operatingIncomeRatio": 0.3454295802, "totalOtherIncomeExpensesNet": 64000, "incomeBeforeTax": 8869000, "incomeBeforeTaxRatio": 0.3479403688, "incomeTaxExpense": 64000, "netIncome": 8869000, "netIncomeRatio": 0.3479403688, "eps": 0.0311, "epsdiluted": 0.0311, "weightedAverageShsOut": 285000000, "weightedAverageShsOutDil": 285000000, "link": "https://www.sec.gov/Archives/edgar/data/751652/000104746903010582/0001047469-03-010582-index.htm", "finalLink": "https://www.sec.gov/Archives/edgar/data/751652/000104746903010582/a2106653z10-k.htm", "calculatedOtherExpenses": 16685000, "calculatedOperatingExpenses": 16685000, "calculatedNetInterest": 0, "calculatedOtherIncome": 64000, "calculatedIncomeNonControlling": -64000, "calculatedEbitda": 203174000}]}