{"originalCurrency": "USD", "convertedCurrency": "USD", "report": [{"date": "2023-12-31", "symbol": "STRA", "reportedCurrency": "USD", "cik": "0001013934", "fillingDate": "2024-02-29", "acceptedDate": "2024-02-29 16:14:53", "calendarYear": "2023", "period": "FY", "revenue": 1132924000, "costOfRevenue": 635360000, "grossProfit": 497564000, "grossProfitRatio": 0.4391856824, "researchAndDevelopmentExpenses": 0, "generalAndAdministrativeExpenses": 384443000, "sellingAndMarketingExpenses": 185000000, "sellingGeneralAndAdministrativeExpenses": 384443000, "otherExpenses": 5405000, "operatingExpenses": 384443000, "costAndExpenses": 1019803000, "interestIncome": 0, "interestExpense": 7200000, "depreciationAndAmortization": 57313000, "ebitda": 170434000, "ebitdaratio": 0.1504372756, "operatingIncome": 113121000, "operatingIncomeRatio": 0.0998487101, "totalOtherIncomeExpensesNet": -12395000, "incomeBeforeTax": 100726000, "incomeBeforeTaxRatio": 0.0889079938, "incomeTaxExpense": 30935000, "netIncome": 69791000, "netIncomeRatio": 0.0616025435, "eps": 2.98, "epsdiluted": 2.91, "weightedAverageShsOut": 23403000, "weightedAverageShsOutDil": 23956000, "link": "https://www.sec.gov/Archives/edgar/data/1013934/000101393424000004/0001013934-24-000004-index.htm", "finalLink": "https://www.sec.gov/Archives/edgar/data/1013934/000101393424000004/stra-20231231.htm", "calculatedOtherExpenses": 0, "calculatedOperatingExpenses": 384443000, "calculatedNetInterest": -7200000, "calculatedOtherIncome": -5195000, "calculatedIncomeNonControlling": 0, "calculatedEbitda": 170434000}, {"date": "2022-12-31", "symbol": "STRA", "reportedCurrency": "USD", "cik": "0001013934", "fillingDate": "2023-02-27", "acceptedDate": "2023-02-27 16:25:01", "calendarYear": "2022", "period": "FY", "revenue": 1065480000, "costOfRevenue": 597321000, "grossProfit": 468159000, "grossProfitRatio": 0.4393878815, "researchAndDevelopmentExpenses": 0, "generalAndAdministrativeExpenses": 379817000, "sellingAndMarketingExpenses": 181300000, "sellingGeneralAndAdministrativeExpenses": 379817000, "otherExpenses": 14350000, "operatingExpenses": 394167000, "costAndExpenses": 991488000, "interestIncome": 1900000, "interestExpense": 7655000, "depreciationAndAmortization": 69588000, "ebitda": 140348000, "ebitdaratio": 0.1317227916, "operatingIncome": 70760000, "operatingIncomeRatio": 0.0664113827, "totalOtherIncomeExpensesNet": -1191000, "incomeBeforeTax": 69569000, "incomeBeforeTaxRatio": 0.0652935766, "incomeTaxExpense": 22899000, "netIncome": 46670000, "netIncomeRatio": 0.0438018546, "eps": 1.97, "epsdiluted": 1.94, "weightedAverageShsOut": 23679000, "weightedAverageShsOutDil": 23998000, "link": "https://www.sec.gov/Archives/edgar/data/1013934/000101393423000004/0001013934-23-000004-index.htm", "finalLink": "https://www.sec.gov/Archives/edgar/data/1013934/000101393423000004/stra-20221231.htm", "calculatedOtherExpenses": 17582000, "calculatedOperatingExpenses": 397399000, "calculatedNetInterest": -5755000, "calculatedOtherIncome": 4564000, "calculatedIncomeNonControlling": 0, "calculatedEbitda": 140348000}, {"date": "2021-12-31", "symbol": "STRA", "reportedCurrency": "USD", "cik": "0001013934", "fillingDate": "2022-02-28", "acceptedDate": "2022-02-28 17:03:16", "calendarYear": "2021", "period": "FY", "revenue": 1131686000, "costOfRevenue": 608261000, "grossProfit": 523425000, "grossProfitRatio": 0.4625178716, "researchAndDevelopmentExpenses": 0, "generalAndAdministrativeExpenses": 361345000, "sellingAndMarketingExpenses": 165100000, "sellingGeneralAndAdministrativeExpenses": 361345000, "otherExpenses": 51495000, "operatingExpenses": 412840000, "costAndExpenses": 1021101000, "interestIncome": 2500000, "interestExpense": 3600000, "depreciationAndAmortization": 103416000, "ebitda": 250674000, "ebitdaratio": 0.2215049051, "operatingIncome": 147258000, "operatingIncomeRatio": 0.1301226665, "totalOtherIncomeExpensesNet": -70659000, "incomeBeforeTax": 76599000, "incomeBeforeTaxRatio": 0.0676857361, "incomeTaxExpense": 21512000, "netIncome": 55087000, "netIncomeRatio": 0.0486769298, "eps": 2.3, "epsdiluted": 2.28, "weightedAverageShsOut": 23955000, "weightedAverageShsOutDil": 24122000, "link": "https://www.sec.gov/Archives/edgar/data/1013934/000101393422000004/0001013934-22-000004-index.htm", "finalLink": "https://www.sec.gov/Archives/edgar/data/1013934/000101393422000004/stra-20211231.htm", "calculatedOtherExpenses": 14822000, "calculatedOperatingExpenses": 376167000, "calculatedNetInterest": -1100000, "calculatedOtherIncome": -69559000, "calculatedIncomeNonControlling": 0, "calculatedEbitda": 250674000}, {"date": "2020-12-31", "symbol": "STRA", "reportedCurrency": "USD", "cik": "0001013934", "fillingDate": "2021-03-01", "acceptedDate": "2021-03-01 17:13:29", "calendarYear": "2020", "period": "FY", "revenue": 1027653000, "costOfRevenue": 532661000, "grossProfit": 494992000, "grossProfitRatio": 0.4816723155, "researchAndDevelopmentExpenses": 0, "generalAndAdministrativeExpenses": 295231000, "sellingAndMarketingExpenses": 161500000, "sellingGeneralAndAdministrativeExpenses": 295231000, "otherExpenses": 64225000, "operatingExpenses": 359456000, "costAndExpenses": 892117000, "interestIncome": 2600000, "interestExpense": 1400000, "depreciationAndAmortization": 109154000, "ebitda": 270842000, "ebitdaratio": 0.2635539428, "operatingIncome": 161688000, "operatingIncomeRatio": 0.1573371556, "totalOtherIncomeExpensesNet": -47731000, "incomeBeforeTax": 113957000, "incomeBeforeTaxRatio": 0.1108905438, "incomeTaxExpense": 27689000, "netIncome": 86268000, "netIncomeRatio": 0.083946624, "eps": 3.81, "epsdiluted": 3.77, "weightedAverageShsOut": 22633000, "weightedAverageShsOutDil": 22860000, "link": "https://www.sec.gov/Archives/edgar/data/1013934/000101393421000005/0001013934-21-000005-index.htm", "finalLink": "https://www.sec.gov/Archives/edgar/data/1013934/000101393421000005/stra-20201231.htm", "calculatedOtherExpenses": 38073000, "calculatedOperatingExpenses": 333304000, "calculatedNetInterest": 1200000, "calculatedOtherIncome": -48931000, "calculatedIncomeNonControlling": 0, "calculatedEbitda": 270842000}, {"date": "2019-12-31", "symbol": "STRA", "reportedCurrency": "USD", "cik": "0001013934", "fillingDate": "2020-03-02", "acceptedDate": "2020-03-02 16:24:36", "calendarYear": "2019", "period": "FY", "revenue": 997137000, "costOfRevenue": 530604000, "grossProfit": 466533000, "grossProfitRatio": 0.467872519, "researchAndDevelopmentExpenses": 0, "generalAndAdministrativeExpenses": 272411000, "sellingAndMarketingExpenses": 149800000, "sellingGeneralAndAdministrativeExpenses": 272411000, "otherExpenses": 61667000, "operatingExpenses": 334078000, "costAndExpenses": 864682000, "interestIncome": 3400000, "interestExpense": 0, "depreciationAndAmortization": 104861000, "ebitda": 259239000, "ebitdaratio": 0.2599833323, "operatingIncome": 154378000, "operatingIncomeRatio": 0.1548212532, "totalOtherIncomeExpensesNet": -30654000, "incomeBeforeTax": 123724000, "incomeBeforeTaxRatio": 0.1240792389, "incomeTaxExpense": 42586000, "netIncome": 81138000, "netIncomeRatio": 0.0813709651, "eps": 3.73, "epsdiluted": 3.67, "weightedAverageShsOut": 21725000, "weightedAverageShsOutDil": 22097000, "link": "https://www.sec.gov/Archives/edgar/data/1013934/000101393420000004/0001013934-20-000004-index.htm", "finalLink": "https://www.sec.gov/Archives/edgar/data/1013934/000101393420000004/stra-20191231x10k.htm", "calculatedOtherExpenses": 39744000, "calculatedOperatingExpenses": 312155000, "calculatedNetInterest": 3400000, "calculatedOtherIncome": -34054000, "calculatedIncomeNonControlling": 0, "calculatedEbitda": 259239000}, {"date": "2018-12-31", "symbol": "STRA", "reportedCurrency": "USD", "cik": "0001013934", "fillingDate": "2019-03-01", "acceptedDate": "2019-03-01 16:15:50", "calendarYear": "2018", "period": "FY", "revenue": 634185000, "costOfRevenue": 340076000, "grossProfit": 294109000, "grossProfitRatio": 0.4637589978, "researchAndDevelopmentExpenses": 0, "generalAndAdministrativeExpenses": 57056000, "sellingAndMarketingExpenses": 136979000, "sellingGeneralAndAdministrativeExpenses": 194035000, "otherExpenses": 3601000, "operatingExpenses": 251195000, "costAndExpenses": 591271000, "interestIncome": 0, "interestExpense": 0, "depreciationAndAmortization": 54543000, "ebitda": 163111000, "ebitdaratio": 0.2571978208, "operatingIncome": -22740000, "operatingIncomeRatio": -0.0358570449, "totalOtherIncomeExpensesNet": -62053000, "incomeBeforeTax": -19139000, "incomeBeforeTaxRatio": -0.030178891, "incomeTaxExpense": -3468000, "netIncome": -15671000, "netIncomeRatio": -0.0247104552, "eps": -1.03, "epsdiluted": -1.03, "weightedAverageShsOut": 15190000, "weightedAverageShsOutDil": 15190000, "link": "https://www.sec.gov/Archives/edgar/data/1013934/000155837019001422/0001558370-19-001422-index.htm", "finalLink": "https://www.sec.gov/Archives/edgar/data/1013934/000155837019001422/stra-20181231x10k.htm", "calculatedOtherExpenses": 122814000, "calculatedOperatingExpenses": 316849000, "calculatedNetInterest": 0, "calculatedOtherIncome": 3601000, "calculatedIncomeNonControlling": 0, "calculatedEbitda": 31803000}, {"date": "2017-12-31", "symbol": "STRA", "reportedCurrency": "USD", "cik": "0001013934", "fillingDate": "2018-03-01", "acceptedDate": "2018-03-01 16:06:35", "calendarYear": "2017", "period": "FY", "revenue": 454851000, "costOfRevenue": 245177000, "grossProfit": 209674000, "grossProfitRatio": 0.460972934, "researchAndDevelopmentExpenses": 0, "generalAndAdministrativeExpenses": 55397000, "sellingAndMarketingExpenses": 82574000, "sellingGeneralAndAdministrativeExpenses": 137971000, "otherExpenses": 19494000, "operatingExpenses": 157465000, "costAndExpenses": 402642000, "interestIncome": 1079000, "interestExpense": 642000, "depreciationAndAmortization": 18733000, "ebitda": 70942000, "ebitdaratio": 0.1559675586, "operatingIncome": 52209000, "operatingIncomeRatio": 0.1147826431, "totalOtherIncomeExpensesNet": 1079000, "incomeBeforeTax": 52646000, "incomeBeforeTaxRatio": 0.1157433973, "incomeTaxExpense": 32034000, "netIncome": 20612000, "netIncomeRatio": 0.0453159386, "eps": 1.93, "epsdiluted": 1.84, "weightedAverageShsOut": 10678000, "weightedAverageShsOutDil": 11199000, "link": "https://www.sec.gov/Archives/edgar/data/1013934/000155837018001389/0001558370-18-001389-index.htm", "finalLink": "https://www.sec.gov/Archives/edgar/data/1013934/000155837018001389/stra-20171231x10k.htm", "calculatedOtherExpenses": 19494000, "calculatedOperatingExpenses": 157465000, "calculatedNetInterest": 437000, "calculatedOtherIncome": 0, "calculatedIncomeNonControlling": 0, "calculatedEbitda": 70942000}, {"date": "2016-12-31", "symbol": "STRA", "reportedCurrency": "USD", "cik": "0001013934", "fillingDate": "2017-02-17", "acceptedDate": "2017-02-17 17:21:34", "calendarYear": "2016", "period": "FY", "revenue": 441088000, "costOfRevenue": 241026000, "grossProfit": 200062000, "grossProfitRatio": 0.4535648215, "researchAndDevelopmentExpenses": 0, "generalAndAdministrativeExpenses": 45733000, "sellingAndMarketingExpenses": 79025000, "sellingGeneralAndAdministrativeExpenses": 124758000, "otherExpenses": 17832000, "operatingExpenses": 142590000, "costAndExpenses": 383616000, "interestIncome": 0, "interestExpense": 642000, "depreciationAndAmortization": 17817000, "ebitda": 75289000, "ebitdaratio": 0.1706892956, "operatingIncome": 57472000, "operatingIncomeRatio": 0.1302959954, "totalOtherIncomeExpensesNet": 462000, "incomeBeforeTax": 57292000, "incomeBeforeTaxRatio": 0.1298879135, "incomeTaxExpense": 22490000, "netIncome": 34802000, "netIncomeRatio": 0.0789003555, "eps": 3.28, "epsdiluted": 3.21, "weightedAverageShsOut": 10610000, "weightedAverageShsOutDil": 10845000, "link": "https://www.sec.gov/Archives/edgar/data/1013934/000155837017000669/0001558370-17-000669-index.htm", "finalLink": "https://www.sec.gov/Archives/edgar/data/1013934/000155837017000669/stra-20161231x10k.htm", "calculatedOtherExpenses": 17832000, "calculatedOperatingExpenses": 142590000, "calculatedNetInterest": -642000, "calculatedOtherIncome": 462000, "calculatedIncomeNonControlling": 0, "calculatedEbitda": 75289000}, {"date": "2015-12-31", "symbol": "STRA", "reportedCurrency": "USD", "cik": "0001013934", "fillingDate": "2016-02-19", "acceptedDate": "2016-02-19 16:36:56", "calendarYear": "2015", "period": "FY", "revenue": 434437000, "costOfRevenue": 234097000, "grossProfit": 200340000, "grossProfitRatio": 0.461148567, "researchAndDevelopmentExpenses": 0, "generalAndAdministrativeExpenses": 44254000, "sellingAndMarketingExpenses": 70084000, "sellingGeneralAndAdministrativeExpenses": 114338000, "otherExpenses": 16304000, "operatingExpenses": 130642000, "costAndExpenses": 364739000, "interestIncome": 283000, "interestExpense": 3850000, "depreciationAndAmortization": 18104000, "ebitda": 87802000, "ebitdaratio": 0.2021052535, "operatingIncome": 69698000, "operatingIncomeRatio": 0.1604329281, "totalOtherIncomeExpensesNet": 283000, "incomeBeforeTax": 66131000, "incomeBeforeTaxRatio": 0.1522223015, "incomeTaxExpense": 26108000, "netIncome": 40023000, "netIncomeRatio": 0.0921261311, "eps": 3.78, "epsdiluted": 3.73, "weightedAverageShsOut": 10588000, "weightedAverageShsOutDil": 10740000, "link": "https://www.sec.gov/Archives/edgar/data/1013934/000121390016011094/0001213900-16-011094-index.htm", "finalLink": "https://www.sec.gov/Archives/edgar/data/1013934/000121390016011094/f10k2015_strayereducation.htm", "calculatedOtherExpenses": 16304000, "calculatedOperatingExpenses": 130642000, "calculatedNetInterest": -3567000, "calculatedOtherIncome": 0, "calculatedIncomeNonControlling": 0, "calculatedEbitda": 87802000}, {"date": "2014-12-31", "symbol": "STRA", "reportedCurrency": "USD", "cik": "0001013934", "fillingDate": "2015-02-20", "acceptedDate": "2015-02-20 16:05:40", "calendarYear": "2014", "period": "FY", "revenue": 446041000, "costOfRevenue": 236303000, "grossProfit": 209738000, "grossProfitRatio": 0.4702213474, "researchAndDevelopmentExpenses": 0, "generalAndAdministrativeExpenses": 44835000, "sellingAndMarketingExpenses": 66495000, "sellingGeneralAndAdministrativeExpenses": 111330000, "otherExpenses": 16661000, "operatingExpenses": 127991000, "costAndExpenses": 364294000, "interestIncome": 117000, "interestExpense": 5248000, "depreciationAndAmortization": 20630000, "ebitda": 102377000, "ebitdaratio": 0.2295237433, "operatingIncome": 81747000, "operatingIncomeRatio": 0.1832723898, "totalOtherIncomeExpensesNet": 117000, "incomeBeforeTax": 76616000, "incomeBeforeTaxRatio": 0.1717689629, "incomeTaxExpense": 30260000, "netIncome": 46356000, "netIncomeRatio": 0.1039276658, "eps": 4.39, "epsdiluted": 4.35, "weightedAverageShsOut": 10561000, "weightedAverageShsOutDil": 10650000, "link": "https://www.sec.gov/Archives/edgar/data/1013934/000121390015001283/0001213900-15-001283-index.htm", "finalLink": "https://www.sec.gov/Archives/edgar/data/1013934/000121390015001283/d32093_10-k.htm", "calculatedOtherExpenses": 16661000, "calculatedOperatingExpenses": 127991000, "calculatedNetInterest": -5131000, "calculatedOtherIncome": 0, "calculatedIncomeNonControlling": 0, "calculatedEbitda": 102377000}, {"date": "2013-12-31", "symbol": "STRA", "reportedCurrency": "USD", "cik": "0001013934", "fillingDate": "2014-02-26", "acceptedDate": "2014-02-26 16:21:16", "calendarYear": "2013", "period": "FY", "revenue": 503600000, "costOfRevenue": 310446000, "grossProfit": 193154000, "grossProfitRatio": 0.3835464654, "researchAndDevelopmentExpenses": 0, "generalAndAdministrativeExpenses": 64637000, "sellingAndMarketingExpenses": 75426000, "sellingGeneralAndAdministrativeExpenses": 140063000, "otherExpenses": 20390000, "operatingExpenses": 160453000, "costAndExpenses": 470899000, "interestIncome": 2000, "interestExpense": 5419000, "depreciationAndAmortization": 35563000, "ebitda": 68264000, "ebitdaratio": 0.1355520254, "operatingIncome": 32701000, "operatingIncomeRatio": 0.0649344718, "totalOtherIncomeExpensesNet": 2000, "incomeBeforeTax": 27284000, "incomeBeforeTaxRatio": 0.054177919, "incomeTaxExpense": 10859000, "netIncome": 16425000, "netIncomeRatio": 0.0326151708, "eps": 1.55, "epsdiluted": 1.55, "weightedAverageShsOut": 10584000, "weightedAverageShsOutDil": 10624000, "link": "https://www.sec.gov/Archives/edgar/data/1013934/000121390014001156/0001213900-14-001156-index.htm", "finalLink": "https://www.sec.gov/Archives/edgar/data/1013934/000121390014001156/f10k2013_strayereducation.htm", "calculatedOtherExpenses": 20390000, "calculatedOperatingExpenses": 160453000, "calculatedNetInterest": -5417000, "calculatedOtherIncome": 0, "calculatedIncomeNonControlling": 0, "calculatedEbitda": 68264000}, {"date": "2012-12-31", "symbol": "STRA", "reportedCurrency": "USD", "cik": "0001013934", "fillingDate": "2013-02-19", "acceptedDate": "2013-02-19 16:58:13", "calendarYear": "2012", "period": "FY", "revenue": 561979000, "costOfRevenue": 300098000, "grossProfit": 261881000, "grossProfitRatio": 0.4659978398, "researchAndDevelopmentExpenses": 0, "generalAndAdministrativeExpenses": 50056000, "sellingAndMarketingExpenses": 71864000, "sellingGeneralAndAdministrativeExpenses": 121920000, "otherExpenses": 26374000, "operatingExpenses": 148294000, "costAndExpenses": 448392000, "interestIncome": 4000, "interestExpense": 4616000, "depreciationAndAmortization": 23973000, "ebitda": 137560000, "ebitdaratio": 0.2447778298, "operatingIncome": 113587000, "operatingIncomeRatio": 0.2021196522, "totalOtherIncomeExpensesNet": 4000, "incomeBeforeTax": 108975000, "incomeBeforeTaxRatio": 0.1939129398, "incomeTaxExpense": 43045000, "netIncome": 65930000, "netIncomeRatio": 0.117317551, "eps": 5.79, "epsdiluted": 5.76, "weightedAverageShsOut": 11390000, "weightedAverageShsOutDil": 11440000, "link": "https://www.sec.gov/Archives/edgar/data/1013934/000121390013000794/0001213900-13-000794-index.htm", "finalLink": "https://www.sec.gov/Archives/edgar/data/1013934/000121390013000794/f10k2012_strayer.htm", "calculatedOtherExpenses": 26374000, "calculatedOperatingExpenses": 148294000, "calculatedNetInterest": -4612000, "calculatedOtherIncome": 0, "calculatedIncomeNonControlling": 0, "calculatedEbitda": 137560000}, {"date": "2011-12-31", "symbol": "STRA", "reportedCurrency": "USD", "cik": "0001013934", "fillingDate": "2012-02-21", "acceptedDate": "2012-02-21 17:19:54", "calendarYear": "2011", "period": "FY", "revenue": 627434000, "costOfRevenue": 292003000, "grossProfit": 335431000, "grossProfitRatio": 0.5346076241, "researchAndDevelopmentExpenses": 0, "generalAndAdministrativeExpenses": 81995000, "sellingAndMarketingExpenses": 74293000, "sellingGeneralAndAdministrativeExpenses": 156288000, "otherExpenses": 0, "operatingExpenses": 156288000, "costAndExpenses": 448291000, "interestIncome": 152000, "interestExpense": 3773000, "depreciationAndAmortization": 21525000, "ebitda": 200668000, "ebitdaratio": 0.3198232802, "operatingIncome": 179143000, "operatingIncomeRatio": 0.2855168831, "totalOtherIncomeExpensesNet": 152000, "incomeBeforeTax": 175522000, "incomeBeforeTaxRatio": 0.2797457581, "incomeTaxExpense": 69478000, "netIncome": 106044000, "netIncomeRatio": 0.1690121989, "eps": 8.91, "epsdiluted": 8.88, "weightedAverageShsOut": 11906000, "weightedAverageShsOutDil": 11943000, "link": "https://www.sec.gov/Archives/edgar/data/1013934/000119312512070612/0001193125-12-070612-index.htm", "finalLink": "https://www.sec.gov/Archives/edgar/data/1013934/000119312512070612/d258637d10k.htm", "calculatedOtherExpenses": 0, "calculatedOperatingExpenses": 156288000, "calculatedNetInterest": -3621000, "calculatedOtherIncome": 0, "calculatedIncomeNonControlling": 0, "calculatedEbitda": 200668000}, {"date": "2010-12-31", "symbol": "STRA", "reportedCurrency": "USD", "cik": "0001013934", "fillingDate": "2011-02-22", "acceptedDate": "2011-02-22 17:16:32", "calendarYear": "2010", "period": "FY", "revenue": 636732000, "costOfRevenue": 205212000, "grossProfit": 431520000, "grossProfitRatio": 0.6777105595, "researchAndDevelopmentExpenses": 0, "generalAndAdministrativeExpenses": 101585000, "sellingAndMarketingExpenses": 114164000, "sellingGeneralAndAdministrativeExpenses": 215749000, "otherExpenses": 0, "operatingExpenses": 215749000, "costAndExpenses": 420961000, "interestIncome": 1228000, "interestExpense": 1228000, "depreciationAndAmortization": 17028000, "ebitda": 231571000, "ebitdaratio": 0.363686763, "operatingIncome": 215771000, "operatingIncomeRatio": 0.3388725555, "totalOtherIncomeExpensesNet": 1228000, "incomeBeforeTax": 216999000, "incomeBeforeTaxRatio": 0.3408011534, "incomeTaxExpense": 85739000, "netIncome": 131260000, "netIncomeRatio": 0.206146385, "eps": 9.78, "epsdiluted": 9.7, "weightedAverageShsOut": 13426000, "weightedAverageShsOutDil": 13535000, "link": "https://www.sec.gov/Archives/edgar/data/1013934/000095012311016592/0000950123-11-016592-index.htm", "finalLink": "https://www.sec.gov/Archives/edgar/data/1013934/000095012311016592/w80904e10vk.htm", "calculatedOtherExpenses": 0, "calculatedOperatingExpenses": 215749000, "calculatedNetInterest": 0, "calculatedOtherIncome": 1228000, "calculatedIncomeNonControlling": 0, "calculatedEbitda": 232799000}, {"date": "2009-12-31", "symbol": "STRA", "reportedCurrency": "USD", "cik": "0001013934", "fillingDate": "2010-02-26", "acceptedDate": "2010-02-26 16:27:19", "calendarYear": "2009", "period": "FY", "revenue": 511961000, "costOfRevenue": 166604000, "grossProfit": 345357000, "grossProfitRatio": 0.6745767744, "researchAndDevelopmentExpenses": 0, "generalAndAdministrativeExpenses": 79667000, "sellingAndMarketingExpenses": 93336000, "sellingGeneralAndAdministrativeExpenses": 173003000, "otherExpenses": 0, "operatingExpenses": 173003000, "costAndExpenses": 339607000, "interestIncome": 0, "interestExpense": 0, "depreciationAndAmortization": 13656000, "ebitda": 184602000, "ebitdaratio": 0.3605782472, "operatingIncome": 172354000, "operatingIncomeRatio": 0.3366545499, "totalOtherIncomeExpensesNet": 1408000, "incomeBeforeTax": 173762000, "incomeBeforeTaxRatio": 0.3394047593, "incomeTaxExpense": 68684000, "netIncome": 105078000, "netIncomeRatio": 0.2052461027, "eps": 7.67, "epsdiluted": 7.6, "weightedAverageShsOut": 13703000, "weightedAverageShsOutDil": 13825000, "link": "https://www.sec.gov/Archives/edgar/data/1013934/000095012310018178/0000950123-10-018178-index.htm", "finalLink": "https://www.sec.gov/Archives/edgar/data/1013934/000095012310018178/y03062e10vk.htm", "calculatedOtherExpenses": 0, "calculatedOperatingExpenses": 173003000, "calculatedNetInterest": 0, "calculatedOtherIncome": 1408000, "calculatedIncomeNonControlling": 0, "calculatedEbitda": 186010000}, {"date": "2008-12-31", "symbol": "STRA", "reportedCurrency": "USD", "cik": "0001013934", "fillingDate": "2009-02-17", "acceptedDate": "2009-02-17 17:18:57", "calendarYear": "2008", "period": "FY", "revenue": 396275000, "costOfRevenue": 130836000, "grossProfit": 265439000, "grossProfitRatio": 0.6698353416, "researchAndDevelopmentExpenses": 0, "generalAndAdministrativeExpenses": 62426000, "sellingAndMarketingExpenses": 76162000, "sellingGeneralAndAdministrativeExpenses": 138588000, "otherExpenses": 0, "operatingExpenses": 269424000, "costAndExpenses": 269424000, "interestIncome": 0, "interestExpense": 0, "depreciationAndAmortization": 9955000, "ebitda": 136806000, "ebitdaratio": 0.3452299539, "operatingIncome": 126851000, "operatingIncomeRatio": 0.3201085105, "totalOtherIncomeExpensesNet": 4527000, "incomeBeforeTax": 131378000, "incomeBeforeTaxRatio": 0.3315323954, "incomeTaxExpense": 50570000, "netIncome": 80808000, "netIncomeRatio": 0.2039189956, "eps": 5.77, "epsdiluted": 5.67, "weightedAverageShsOut": 14015000, "weightedAverageShsOutDil": 14242000, "link": "https://www.sec.gov/Archives/edgar/data/1013934/000095012309002952/0000950123-09-002952-index.htm", "finalLink": "https://www.sec.gov/Archives/edgar/data/1013934/000095012309002952/y01115e10vk.htm", "calculatedOtherExpenses": 0, "calculatedOperatingExpenses": 138588000, "calculatedNetInterest": 0, "calculatedOtherIncome": 4527000, "calculatedIncomeNonControlling": 0, "calculatedEbitda": 136806000}, {"date": "2007-12-31", "symbol": "STRA", "reportedCurrency": "USD", "cik": "0001013934", "fillingDate": "2008-02-14", "acceptedDate": "2008-02-14 17:21:47", "calendarYear": "2007", "period": "FY", "revenue": 318012000, "costOfRevenue": 108852000, "grossProfit": 209160000, "grossProfitRatio": 0.6577110298, "researchAndDevelopmentExpenses": 0, "generalAndAdministrativeExpenses": 50843000, "sellingAndMarketingExpenses": 60760000, "sellingGeneralAndAdministrativeExpenses": 111603000, "otherExpenses": 18021000, "operatingExpenses": 129624000, "costAndExpenses": 238476000, "interestIncome": 0, "interestExpense": 0, "depreciationAndAmortization": 8260000, "ebitda": 81301000, "ebitdaratio": 0.2556538747, "operatingIncome": 79536000, "operatingIncomeRatio": 0.2501037697, "totalOtherIncomeExpensesNet": 6495000, "incomeBeforeTax": 104052000, "incomeBeforeTaxRatio": 0.3271952002, "incomeTaxExpense": 39115000, "netIncome": 64937000, "netIncomeRatio": 0.204196697, "eps": 4.56, "epsdiluted": 4.47, "weightedAverageShsOut": 14248000, "weightedAverageShsOutDil": 14517000, "link": "https://www.sec.gov/Archives/edgar/data/1013934/000095013608000727/0000950136-08-000727-index.htm", "finalLink": "https://www.sec.gov/Archives/edgar/data/1013934/000095013608000727/file1.htm", "calculatedOtherExpenses": 18021000, "calculatedOperatingExpenses": 129624000, "calculatedNetInterest": 0, "calculatedOtherIncome": 24516000, "calculatedIncomeNonControlling": 0, "calculatedEbitda": 87796000}, {"date": "2006-12-31", "symbol": "STRA", "reportedCurrency": "USD", "cik": "0001013934", "fillingDate": "2007-02-27", "acceptedDate": "2007-02-27 16:43:17", "calendarYear": "2006", "period": "FY", "revenue": 263648000, "costOfRevenue": 91120000, "grossProfit": 172528000, "grossProfitRatio": 0.6543876684, "researchAndDevelopmentExpenses": 0, "generalAndAdministrativeExpenses": 40723000, "sellingAndMarketingExpenses": 52269000, "sellingGeneralAndAdministrativeExpenses": 92992000, "otherExpenses": 0, "operatingExpenses": 92992000, "costAndExpenses": 184112000, "interestIncome": 0, "interestExpense": 0, "depreciationAndAmortization": 7249000, "ebitda": 82243000, "ebitdaratio": 0.3119424384, "operatingIncome": 79536000, "operatingIncomeRatio": 0.3016749606, "totalOtherIncomeExpensesNet": 4542000, "incomeBeforeTax": 84078000, "incomeBeforeTaxRatio": 0.318902476, "incomeTaxExpense": 31771000, "netIncome": 52307000, "netIncomeRatio": 0.1983971052, "eps": 3.69, "epsdiluted": 3.61, "weightedAverageShsOut": 14187000, "weightedAverageShsOutDil": 14492000, "link": "https://www.sec.gov/Archives/edgar/data/1013934/000095013607001170/0000950136-07-001170-index.htm", "finalLink": "https://www.sec.gov/Archives/edgar/data/1013934/000095013607001170/file1.htm", "calculatedOtherExpenses": 0, "calculatedOperatingExpenses": 92992000, "calculatedNetInterest": 0, "calculatedOtherIncome": 4542000, "calculatedIncomeNonControlling": 0, "calculatedEbitda": 86785000}, {"date": "2005-12-31", "symbol": "STRA", "reportedCurrency": "USD", "cik": "0001013934", "fillingDate": "2006-03-15", "acceptedDate": "2006-03-15 16:14:48", "calendarYear": "2005", "period": "FY", "revenue": 220507000, "costOfRevenue": 76977000, "grossProfit": 143530000, "grossProfitRatio": 0.6509090414, "researchAndDevelopmentExpenses": 0, "generalAndAdministrativeExpenses": 27576000, "sellingAndMarketingExpenses": 41090000, "sellingGeneralAndAdministrativeExpenses": 68666000, "otherExpenses": 0, "operatingExpenses": 68666000, "costAndExpenses": 145643000, "interestIncome": 0, "interestExpense": 0, "depreciationAndAmortization": 6849000, "ebitda": 78731000, "ebitdaratio": 0.3570453546, "operatingIncome": 74864000, "operatingIncomeRatio": 0.3395084963, "totalOtherIncomeExpensesNet": 2982000, "incomeBeforeTax": 77846000, "incomeBeforeTaxRatio": 0.3530318765, "incomeTaxExpense": 29781000, "netIncome": 48065000, "netIncomeRatio": 0.2179749396, "eps": 3.32, "epsdiluted": 3.26, "weightedAverageShsOut": 14472000, "weightedAverageShsOutDil": 14741000, "link": "https://www.sec.gov/Archives/edgar/data/1013934/000095013606001965/0000950136-06-001965-index.htm", "finalLink": "https://www.sec.gov/Archives/edgar/data/1013934/000095013606001965/file001.htm", "calculatedOtherExpenses": 0, "calculatedOperatingExpenses": 68666000, "calculatedNetInterest": 0, "calculatedOtherIncome": 2982000, "calculatedIncomeNonControlling": 0, "calculatedEbitda": 81713000}, {"date": "2004-12-31", "symbol": "STRA", "reportedCurrency": "USD", "cik": "0001013934", "fillingDate": "2005-03-02", "acceptedDate": "2005-03-02 16:24:38", "calendarYear": "2004", "period": "FY", "revenue": 183194000, "costOfRevenue": 63860000, "grossProfit": 119334000, "grossProfitRatio": 0.6514077972, "researchAndDevelopmentExpenses": 0, "generalAndAdministrativeExpenses": 24416000, "sellingAndMarketingExpenses": 29435000, "sellingGeneralAndAdministrativeExpenses": 53851000, "otherExpenses": 0, "operatingExpenses": 53851000, "costAndExpenses": 117711000, "interestIncome": 0, "interestExpense": 0, "depreciationAndAmortization": 5989000, "ebitda": 69877000, "ebitdaratio": 0.381437165, "operatingIncome": 65483000, "operatingIncomeRatio": 0.3574516633, "totalOtherIncomeExpensesNet": 1595000, "incomeBeforeTax": 67078000, "incomeBeforeTaxRatio": 0.3661582803, "incomeTaxExpense": 25838000, "netIncome": 41240000, "netIncomeRatio": 0.2251165431, "eps": 2.91, "epsdiluted": 2.74, "weightedAverageShsOut": 13674000, "weightedAverageShsOutDil": 15057000, "link": "https://www.sec.gov/Archives/edgar/data/1013934/000095013605001114/0000950136-05-001114-index.htm", "finalLink": "https://www.sec.gov/Archives/edgar/data/1013934/000095013605001114/file001.htm", "calculatedOtherExpenses": 0, "calculatedOperatingExpenses": 53851000, "calculatedNetInterest": 0, "calculatedOtherIncome": 1595000, "calculatedIncomeNonControlling": 0, "calculatedEbitda": 71472000}, {"date": "2003-12-31", "symbol": "STRA", "reportedCurrency": "USD", "cik": "0001013934", "fillingDate": "2004-02-26", "acceptedDate": "2004-02-25 18:23:00", "calendarYear": "2003", "period": "FY", "revenue": 147025000, "costOfRevenue": 53116000, "grossProfit": 93909000, "grossProfitRatio": 0.6387281075, "researchAndDevelopmentExpenses": 0, "generalAndAdministrativeExpenses": 20013000, "sellingAndMarketingExpenses": 22768000, "sellingGeneralAndAdministrativeExpenses": 42781000, "otherExpenses": -1772000, "operatingExpenses": 41009000, "costAndExpenses": 94125000, "interestIncome": 0, "interestExpense": 0, "depreciationAndAmortization": 4704000, "ebitda": 53412000, "ebitdaratio": 0.3632851556, "operatingIncome": 52900000, "operatingIncomeRatio": 0.3598027546, "totalOtherIncomeExpensesNet": 4192000, "incomeBeforeTax": 55320000, "incomeBeforeTaxRatio": 0.3762625404, "incomeTaxExpense": 21646000, "netIncome": 33674000, "netIncomeRatio": 0.2290358783, "eps": 2.67, "epsdiluted": 2.27, "weightedAverageShsOut": 10694000, "weightedAverageShsOutDil": 14857000, "link": "https://www.sec.gov/Archives/edgar/data/1013934/000095013604000564/0000950136-04-000564-index.htm", "finalLink": "https://www.sec.gov/Archives/edgar/data/1013934/000095013604000564/file001.htm", "calculatedOtherExpenses": -1772000, "calculatedOperatingExpenses": 41009000, "calculatedNetInterest": 0, "calculatedOtherIncome": 2420000, "calculatedIncomeNonControlling": 0, "calculatedEbitda": 57604000}, {"date": "2002-12-31", "symbol": "STRA", "reportedCurrency": "USD", "cik": "0001013934", "fillingDate": "2003-03-31", "acceptedDate": "2003-03-31 17:01:35", "calendarYear": "2002", "period": "FY", "revenue": 116710000, "costOfRevenue": 41601000, "grossProfit": 75109000, "grossProfitRatio": 0.6435523948, "researchAndDevelopmentExpenses": 0, "generalAndAdministrativeExpenses": 0, "sellingAndMarketingExpenses": 0, "sellingGeneralAndAdministrativeExpenses": 33880000, "otherExpenses": 0, "operatingExpenses": 33880000, "costAndExpenses": 75481000, "interestIncome": 0, "interestExpense": 0, "depreciationAndAmortization": 3551000, "ebitda": 43495000, "ebitdaratio": 0.3726758633, "operatingIncome": 41229000, "operatingIncomeRatio": 0.3532602176, "totalOtherIncomeExpensesNet": 1285000, "incomeBeforeTax": 42514000, "incomeBeforeTaxRatio": 0.3642704138, "incomeTaxExpense": 16730000, "netIncome": 25784000, "netIncomeRatio": 0.2209236569, "eps": 2.14, "epsdiluted": 1.78, "weightedAverageShsOut": 8617000, "weightedAverageShsOutDil": 14516000, "link": "https://www.sec.gov/Archives/edgar/data/1013934/000095013603000750/0000950136-03-000750-index.htm", "finalLink": "https://www.sec.gov/Archives/edgar/data/1013934/000095013603000750/file001.txt", "calculatedOtherExpenses": 0, "calculatedOperatingExpenses": 33880000, "calculatedNetInterest": 0, "calculatedOtherIncome": 1285000, "calculatedIncomeNonControlling": 0, "calculatedEbitda": 44780000}, {"date": "2001-12-31", "symbol": "STRA", "reportedCurrency": "USD", "cik": "0001013934", "fillingDate": "2002-03-28", "acceptedDate": "2002-03-28 00:00:00", "calendarYear": "2001", "period": "FY", "revenue": 92876000, "costOfRevenue": 33699000, "grossProfit": 59177000, "grossProfitRatio": 0.6371613765, "researchAndDevelopmentExpenses": 0, "generalAndAdministrativeExpenses": 0, "sellingAndMarketingExpenses": 0, "sellingGeneralAndAdministrativeExpenses": 25670000, "otherExpenses": 0, "operatingExpenses": 25670000, "costAndExpenses": 59369000, "interestIncome": 0, "interestExpense": 0, "depreciationAndAmortization": 2643000, "ebitda": 32359000, "ebitdaratio": 0.3484107843, "operatingIncome": 33507000, "operatingIncomeRatio": 0.360771351, "totalOtherIncomeExpensesNet": 3791000, "incomeBeforeTax": 37298000, "incomeBeforeTaxRatio": 0.4015892157, "incomeTaxExpense": 14489000, "netIncome": 22809000, "netIncomeRatio": 0.2455855119, "eps": 1.62, "epsdiluted": 1.55, "weightedAverageShsOut": 10970000, "weightedAverageShsOutDil": 14737000, "link": "https://www.sec.gov/Archives/edgar/data/1013934/000095013602000892/0000950136-02-000892-index.htm", "finalLink": "https://www.sec.gov/Archives/edgar/data/1013934/000095013602000892/file001.txt", "calculatedOtherExpenses": 0, "calculatedOperatingExpenses": 25670000, "calculatedNetInterest": 0, "calculatedOtherIncome": 3791000, "calculatedIncomeNonControlling": 0, "calculatedEbitda": 36150000}, {"date": "2000-12-31", "symbol": "STRA", "reportedCurrency": "USD", "cik": "0001013934", "fillingDate": "2001-03-16", "acceptedDate": "2001-03-16 00:00:00", "calendarYear": "2000", "period": "FY", "revenue": 78214000, "costOfRevenue": 28187000, "grossProfit": 50027000, "grossProfitRatio": 0.6396169484, "researchAndDevelopmentExpenses": 0, "generalAndAdministrativeExpenses": 0, "sellingAndMarketingExpenses": 0, "sellingGeneralAndAdministrativeExpenses": 19100000, "otherExpenses": 0, "operatingExpenses": 19100000, "costAndExpenses": 47287000, "interestIncome": 0, "interestExpense": 0, "depreciationAndAmortization": 2063000, "ebitda": 28234000, "ebitdaratio": 0.3609839671, "operatingIncome": 30927000, "operatingIncomeRatio": 0.3954151431, "totalOtherIncomeExpensesNet": 4756000, "incomeBeforeTax": 35683000, "incomeBeforeTaxRatio": 0.4562226711, "incomeTaxExpense": 13974000, "netIncome": 21709000, "netIncomeRatio": 0.2775590048, "eps": 1.42, "epsdiluted": 1.41, "weightedAverageShsOut": 15288028, "weightedAverageShsOutDil": 15396454, "link": "https://www.sec.gov/Archives/edgar/data/1013934/000095013301500239/0000950133-01-500239-index.htm", "finalLink": "https://www.sec.gov/Archives/edgar/data/1013934/000095013301500239/w46660e10-k.txt", "calculatedOtherExpenses": 0, "calculatedOperatingExpenses": 19100000, "calculatedNetInterest": 0, "calculatedOtherIncome": 4756000, "calculatedIncomeNonControlling": 0, "calculatedEbitda": 32990000}, {"date": "1999-12-31", "symbol": "STRA", "reportedCurrency": "USD", "cik": "0001013934", "fillingDate": "2000-03-24", "acceptedDate": "2000-03-24 00:00:00", "calendarYear": "1999", "period": "FY", "revenue": 69800000, "costOfRevenue": 25100000, "grossProfit": 44700000, "grossProfitRatio": 0.6404011461, "researchAndDevelopmentExpenses": 0, "generalAndAdministrativeExpenses": 0, "sellingAndMarketingExpenses": 0, "sellingGeneralAndAdministrativeExpenses": 17200000, "otherExpenses": 0, "operatingExpenses": 17200000, "costAndExpenses": 42300000, "interestIncome": 0, "interestExpense": 0, "depreciationAndAmortization": 1900000, "ebitda": 25100000, "ebitdaratio": 0.3595988539, "operatingIncome": 27500000, "operatingIncomeRatio": 0.393982808, "totalOtherIncomeExpensesNet": 4300000, "incomeBeforeTax": 31800000, "incomeBeforeTaxRatio": 0.4555873926, "incomeTaxExpense": 12500000, "netIncome": 19300000, "netIncomeRatio": 0.276504298, "eps": 1.25, "epsdiluted": 1.23, "weightedAverageShsOut": 15440000, "weightedAverageShsOutDil": 15691057, "link": "https://www.sec.gov/Archives/edgar/data/1013934/000095013300001091/0000950133-00-001091-index.html", "finalLink": "https://www.sec.gov/Archives/edgar/data/1013934/000095013300001091/", "calculatedOtherExpenses": 0, "calculatedOperatingExpenses": 17200000, "calculatedNetInterest": 0, "calculatedOtherIncome": 4300000, "calculatedIncomeNonControlling": 0, "calculatedEbitda": 29400000}, {"date": "1998-12-31", "symbol": "STRA", "reportedCurrency": "USD", "cik": "0001013934", "fillingDate": "1999-03-25", "acceptedDate": "1999-03-25 00:00:00", "calendarYear": "1998", "period": "FY", "revenue": 62900000, "costOfRevenue": 22400000, "grossProfit": 40500000, "grossProfitRatio": 0.6438791733, "researchAndDevelopmentExpenses": 0, "generalAndAdministrativeExpenses": 0, "sellingAndMarketingExpenses": 0, "sellingGeneralAndAdministrativeExpenses": 14300000, "otherExpenses": 0, "operatingExpenses": 14300000, "costAndExpenses": 36700000, "interestIncome": 0, "interestExpense": 0, "depreciationAndAmortization": 1600000, "ebitda": 24600000, "ebitdaratio": 0.3910969793, "operatingIncome": 26200000, "operatingIncomeRatio": 0.4165341812, "totalOtherIncomeExpensesNet": 3200000, "incomeBeforeTax": 29400000, "incomeBeforeTaxRatio": 0.4674085851, "incomeTaxExpense": 11400000, "netIncome": 17900000, "netIncomeRatio": 0.2845786963, "eps": 1.15, "epsdiluted": 1.12, "weightedAverageShsOut": 15565217, "weightedAverageShsOutDil": 15982143, "link": "https://www.sec.gov/Archives/edgar/data/1013934/000095013399000880/0000950133-99-000880-index.html", "finalLink": "https://www.sec.gov/Archives/edgar/data/1013934/", "calculatedOtherExpenses": 0, "calculatedOperatingExpenses": 14300000, "calculatedNetInterest": 0, "calculatedOtherIncome": 3200000, "calculatedIncomeNonControlling": 100000, "calculatedEbitda": 27800000}, {"date": "1997-12-31", "symbol": "STRA", "reportedCurrency": "USD", "cik": "0001013934", "fillingDate": "1998-03-19", "acceptedDate": "1998-03-19 00:00:00", "calendarYear": "1997", "period": "FY", "revenue": 53100000, "costOfRevenue": 19700000, "grossProfit": 33400000, "grossProfitRatio": 0.6290018832, "researchAndDevelopmentExpenses": 0, "generalAndAdministrativeExpenses": 0, "sellingAndMarketingExpenses": 0, "sellingGeneralAndAdministrativeExpenses": 12700000, "otherExpenses": 0, "operatingExpenses": 12700000, "costAndExpenses": 32400000, "interestIncome": 0, "interestExpense": 0, "depreciationAndAmortization": 1200000, "ebitda": 19100000, "ebitdaratio": 0.3596986817, "operatingIncome": 20700000, "operatingIncomeRatio": 0.3898305085, "totalOtherIncomeExpensesNet": 2800000, "incomeBeforeTax": 23400000, "incomeBeforeTaxRatio": 0.4406779661, "incomeTaxExpense": 9000000, "netIncome": 14400000, "netIncomeRatio": 0.2711864407, "eps": 0.96, "epsdiluted": 0.93, "weightedAverageShsOut": 15000000, "weightedAverageShsOutDil": 15483871, "link": "https://www.sec.gov/Archives/edgar/data/1013934/000095013398000805/0000950133-98-000805-index.html", "finalLink": "https://www.sec.gov/Archives/edgar/data/1013934/", "calculatedOtherExpenses": 0, "calculatedOperatingExpenses": 12700000, "calculatedNetInterest": 0, "calculatedOtherIncome": 2700000, "calculatedIncomeNonControlling": 0, "calculatedEbitda": 21900000}, {"date": "1996-12-31", "symbol": "STRA", "reportedCurrency": "USD", "cik": "0001013934", "fillingDate": "1997-03-26", "acceptedDate": "1997-03-26 00:00:00", "calendarYear": "1996", "period": "FY", "revenue": 45000000, "costOfRevenue": 16800000, "grossProfit": 28200000, "grossProfitRatio": 0.6266666667, "researchAndDevelopmentExpenses": 0, "generalAndAdministrativeExpenses": 0, "sellingAndMarketingExpenses": 0, "sellingGeneralAndAdministrativeExpenses": 11200000, "otherExpenses": 1000000, "operatingExpenses": 12200000, "costAndExpenses": 29000000, "interestIncome": 0, "interestExpense": 0, "depreciationAndAmortization": 1000000, "ebitda": 15900000, "ebitdaratio": 0.3533333333, "operatingIncome": 16000000, "operatingIncomeRatio": 0.3555555556, "totalOtherIncomeExpensesNet": 1100000, "incomeBeforeTax": 17000000, "incomeBeforeTaxRatio": 0.3777777778, "incomeTaxExpense": 2700000, "netIncome": 14300000, "netIncomeRatio": 0.3177777778, "eps": 0.56, "epsdiluted": 0.55, "weightedAverageShsOut": 16442308, "weightedAverageShsOutDil": 16442308, "link": "https://www.sec.gov/Archives/edgar/data/1013934/000095013397000986/0000950133-97-000986-index.html", "finalLink": "https://www.sec.gov/Archives/edgar/data/1013934/", "calculatedOtherExpenses": 1000000, "calculatedOperatingExpenses": 12200000, "calculatedNetInterest": 0, "calculatedOtherIncome": 1000000, "calculatedIncomeNonControlling": 0, "calculatedEbitda": 17000000}]}