{"originalCurrency": "USD", "convertedCurrency": "USD", "report": [{"date": "2023-12-31", "symbol": "STRL", "reportedCurrency": "USD", "cik": "0000874238", "fillingDate": "2024-02-27", "acceptedDate": "2024-02-27 09:13:07", "calendarYear": "2023", "period": "FY", "revenue": 1972229000, "costOfRevenue": 1649817000, "grossProfit": 322412000, "grossProfitRatio": 0.1634759452, "researchAndDevelopmentExpenses": 0, "generalAndAdministrativeExpenses": 98703000, "sellingAndMarketingExpenses": 0, "sellingGeneralAndAdministrativeExpenses": 98703000, "otherExpenses": -34740999, "operatingExpenses": 133443999, "costAndExpenses": 1783261000, "interestIncome": 14140000, "interestExpense": 29320000, "depreciationAndAmortization": 57403000, "ebitda": 246371000, "ebitdaratio": 0.1249200777, "operatingIncome": 188968000, "operatingIncomeRatio": 0.0958144313, "totalOtherIncomeExpensesNet": 1647000, "incomeBeforeTax": 190615000, "incomeBeforeTaxRatio": 0.096649527, "incomeTaxExpense": 47770000, "netIncome": 138655000, "netIncomeRatio": 0.0703037021, "eps": 4.51, "epsdiluted": 4.44, "weightedAverageShsOut": 30755000, "weightedAverageShsOutDil": 31208000, "link": "https://www.sec.gov/Archives/edgar/data/874238/000087423824000032/0000874238-24-000032-index.htm", "finalLink": "https://www.sec.gov/Archives/edgar/data/874238/000087423824000032/strl-20231231.htm", "calculatedOtherExpenses": 34741000, "calculatedOperatingExpenses": 133444000, "calculatedNetInterest": -15180000, "calculatedOtherIncome": 16827000, "calculatedIncomeNonControlling": 4190000, "calculatedEbitda": 246371000}, {"date": "2022-12-31", "symbol": "STRL", "reportedCurrency": "USD", "cik": "0000874238", "fillingDate": "2023-02-28", "acceptedDate": "2023-02-28 09:16:51", "calendarYear": "2022", "period": "FY", "revenue": 1769436000, "costOfRevenue": 1494869000, "grossProfit": 274567000, "grossProfitRatio": 0.1551720435, "researchAndDevelopmentExpenses": 0, "generalAndAdministrativeExpenses": 86480000, "sellingAndMarketingExpenses": 0, "sellingGeneralAndAdministrativeExpenses": 86480000, "otherExpenses": 27390000, "operatingExpenses": 113870000, "costAndExpenses": 1608739000, "interestIncome": 885000, "interestExpense": 20591000, "depreciationAndAmortization": 53778000, "ebitda": 213648000, "ebitdaratio": 0.120743559, "operatingIncome": 159870000, "operatingIncomeRatio": 0.0903508237, "totalOtherIncomeExpensesNet": -19706000, "incomeBeforeTax": 140164000, "incomeBeforeTaxRatio": 0.0792139416, "incomeTaxExpense": 41707000, "netIncome": 106461000, "netIncomeRatio": 0.0601666294, "eps": 2.97, "epsdiluted": 2.94, "weightedAverageShsOut": 30199000, "weightedAverageShsOutDil": 30564000, "link": "https://www.sec.gov/Archives/edgar/data/874238/000087423823000023/0000874238-23-000023-index.htm", "finalLink": "https://www.sec.gov/Archives/edgar/data/874238/000087423823000023/strl-20221231.htm", "calculatedOtherExpenses": 28217000, "calculatedOperatingExpenses": 114697000, "calculatedNetInterest": -19706000, "calculatedOtherIncome": 0, "calculatedIncomeNonControlling": -8004000, "calculatedEbitda": 213648000}, {"date": "2021-12-31", "symbol": "STRL", "reportedCurrency": "USD", "cik": "0000874238", "fillingDate": "2022-03-01", "acceptedDate": "2022-03-01 16:21:06", "calendarYear": "2021", "period": "FY", "revenue": 1581766000, "costOfRevenue": 1367009000, "grossProfit": 214757000, "grossProfitRatio": 0.1357703984, "researchAndDevelopmentExpenses": 0, "generalAndAdministrativeExpenses": 78506000, "sellingAndMarketingExpenses": 0, "sellingGeneralAndAdministrativeExpenses": 78506000, "otherExpenses": 25087000, "operatingExpenses": 103593000, "costAndExpenses": 1470602000, "interestIncome": 52000, "interestExpense": 19348000, "depreciationAndAmortization": 38130000, "ebitda": 145417000, "ebitdaratio": 0.0919333201, "operatingIncome": 107287000, "operatingIncomeRatio": 0.0678273525, "totalOtherIncomeExpensesNet": -17264000, "incomeBeforeTax": 90023000, "incomeBeforeTaxRatio": 0.0569129694, "incomeTaxExpense": 24900000, "netIncome": 62645000, "netIncomeRatio": 0.0396044674, "eps": 2.19, "epsdiluted": 2.15, "weightedAverageShsOut": 28600000, "weightedAverageShsOutDil": 29101000, "link": "https://www.sec.gov/Archives/edgar/data/874238/000087423822000023/0000874238-22-000023-index.htm", "finalLink": "https://www.sec.gov/Archives/edgar/data/874238/000087423822000023/strl-20211231.htm", "calculatedOtherExpenses": 28964000, "calculatedOperatingExpenses": 107470000, "calculatedNetInterest": -19296000, "calculatedOtherIncome": 2032000, "calculatedIncomeNonControlling": 2478000, "calculatedEbitda": 145417000}, {"date": "2020-12-31", "symbol": "STRL", "reportedCurrency": "USD", "cik": "0000874238", "fillingDate": "2021-03-03", "acceptedDate": "2021-03-03 09:05:41", "calendarYear": "2020", "period": "FY", "revenue": 1427412000, "costOfRevenue": 1236043000, "grossProfit": 191369000, "grossProfitRatio": 0.1340671089, "researchAndDevelopmentExpenses": 0, "generalAndAdministrativeExpenses": 71415000, "sellingAndMarketingExpenses": 0, "sellingGeneralAndAdministrativeExpenses": 71415000, "otherExpenses": 24036000, "operatingExpenses": 95451000, "costAndExpenses": 1331494000, "interestIncome": 161000, "interestExpense": 29377000, "depreciationAndAmortization": 33972000, "ebitda": 128864000, "ebitdaratio": 0.0902780697, "operatingIncome": 94892000, "operatingIncomeRatio": 0.0664783538, "totalOtherIncomeExpensesNet": -29517000, "incomeBeforeTax": 65375000, "incomeBeforeTaxRatio": 0.045799671, "incomeTaxExpense": 22471000, "netIncome": 42306000, "netIncomeRatio": 0.0296382544, "eps": 1.52, "epsdiluted": 1.5, "weightedAverageShsOut": 27859000, "weightedAverageShsOutDil": 28195000, "link": "https://www.sec.gov/Archives/edgar/data/874238/000087423821000010/0000874238-21-000010-index.htm", "finalLink": "https://www.sec.gov/Archives/edgar/data/874238/000087423821000010/strl-20201231.htm", "calculatedOtherExpenses": 25062000, "calculatedOperatingExpenses": 96477000, "calculatedNetInterest": -29216000, "calculatedOtherIncome": -301000, "calculatedIncomeNonControlling": 598000, "calculatedEbitda": 128864000}, {"date": "2019-12-31", "symbol": "STRL", "reportedCurrency": "USD", "cik": "0000874238", "fillingDate": "2020-03-03", "acceptedDate": "2020-03-03 16:09:42", "calendarYear": "2019", "period": "FY", "revenue": 1126278000, "costOfRevenue": 1018484000, "grossProfit": 107794000, "grossProfitRatio": 0.0957081644, "researchAndDevelopmentExpenses": 0, "generalAndAdministrativeExpenses": 49200000, "sellingAndMarketingExpenses": 0, "sellingGeneralAndAdministrativeExpenses": 49200000, "otherExpenses": 16532000, "operatingExpenses": 65732000, "costAndExpenses": 1084216000, "interestIncome": 1142000, "interestExpense": 16686000, "depreciationAndAmortization": 26193000, "ebitda": 63944000, "ebitdaratio": 0.0567746151, "operatingIncome": 37751000, "operatingIncomeRatio": 0.0335183676, "totalOtherIncomeExpensesNet": -23272000, "incomeBeforeTax": 14479000, "incomeBeforeTaxRatio": 0.0128556182, "incomeTaxExpense": -26216000, "netIncome": 39901000, "netIncomeRatio": 0.0354273101, "eps": 1.5, "epsdiluted": 1.47, "weightedAverageShsOut": 26671000, "weightedAverageShsOutDil": 27119000, "link": "https://www.sec.gov/Archives/edgar/data/874238/000087423820000033/0000874238-20-000033-index.htm", "finalLink": "https://www.sec.gov/Archives/edgar/data/874238/000087423820000033/strl_123119x10kdocument.htm", "calculatedOtherExpenses": 20843000, "calculatedOperatingExpenses": 70043000, "calculatedNetInterest": -15544000, "calculatedOtherIncome": -7728000, "calculatedIncomeNonControlling": 794000, "calculatedEbitda": 63944000}, {"date": "2018-12-31", "symbol": "STRL", "reportedCurrency": "USD", "cik": "0000874238", "fillingDate": "2019-03-05", "acceptedDate": "2019-03-05 14:39:02", "calendarYear": "2018", "period": "FY", "revenue": 1037667000, "costOfRevenue": 927335000, "grossProfit": 110332000, "grossProfitRatio": 0.1063269816, "researchAndDevelopmentExpenses": 0, "generalAndAdministrativeExpenses": 50620000, "sellingAndMarketingExpenses": 0, "sellingGeneralAndAdministrativeExpenses": 50620000, "otherExpenses": 17101000, "operatingExpenses": 67721000, "costAndExpenses": 995056000, "interestIncome": 1017000, "interestExpense": 12350000, "depreciationAndAmortization": 16770000, "ebitda": 60398000, "ebitdaratio": 0.0582055708, "operatingIncome": 42611000, "operatingIncomeRatio": 0.0410642335, "totalOtherIncomeExpensesNet": -11333000, "incomeBeforeTax": 31278000, "incomeBeforeTaxRatio": 0.030142618, "incomeTaxExpense": 1738000, "netIncome": 25187000, "netIncomeRatio": 0.0242727195, "eps": 0.94, "epsdiluted": 0.93, "weightedAverageShsOut": 26903000, "weightedAverageShsOutDil": 27194000, "link": "https://www.sec.gov/Archives/edgar/data/874238/000087423819000044/0000874238-19-000044-index.htm", "finalLink": "https://www.sec.gov/Archives/edgar/data/874238/000087423819000044/strl_123118x10kdocument.htm", "calculatedOtherExpenses": 17101000, "calculatedOperatingExpenses": 67721000, "calculatedNetInterest": -11333000, "calculatedOtherIncome": 0, "calculatedIncomeNonControlling": 4353000, "calculatedEbitda": 59381000}, {"date": "2017-12-31", "symbol": "STRL", "reportedCurrency": "USD", "cik": "0000874238", "fillingDate": "2018-03-06", "acceptedDate": "2018-03-06 09:09:32", "calendarYear": "2017", "period": "FY", "revenue": 957958000, "costOfRevenue": 868866000, "grossProfit": 89092000, "grossProfitRatio": 0.0930019896, "researchAndDevelopmentExpenses": 0, "generalAndAdministrativeExpenses": 48351000, "sellingAndMarketingExpenses": 0, "sellingGeneralAndAdministrativeExpenses": 48351000, "otherExpenses": 14565000, "operatingExpenses": 62916000, "costAndExpenses": 931782000, "interestIncome": 314000, "interestExpense": 9800000, "depreciationAndAmortization": 16994000, "ebitda": 26490000, "ebitdaratio": 0.0276525693, "operatingIncome": 26176000, "operatingIncomeRatio": 0.0273247888, "totalOtherIncomeExpensesNet": -755000, "incomeBeforeTax": 15935000, "incomeBeforeTaxRatio": 0.016634341, "incomeTaxExpense": 118000, "netIncome": 11617000, "netIncomeRatio": 0.0121268365, "eps": 0.44, "epsdiluted": 0.43, "weightedAverageShsOut": 26274000, "weightedAverageShsOutDil": 26712000, "link": "https://www.sec.gov/Archives/edgar/data/874238/000087423818000022/0000874238-18-000022-index.htm", "finalLink": "https://www.sec.gov/Archives/edgar/data/874238/000087423818000022/strl_123117x10k.htm", "calculatedOtherExpenses": 14565000, "calculatedOperatingExpenses": 62916000, "calculatedNetInterest": -9486000, "calculatedOtherIncome": -755000, "calculatedIncomeNonControlling": 4200000, "calculatedEbitda": 43170000}, {"date": "2016-12-31", "symbol": "STRL", "reportedCurrency": "USD", "cik": "0000874238", "fillingDate": "2017-03-09", "acceptedDate": "2017-03-09 09:06:31", "calendarYear": "2016", "period": "FY", "revenue": 690123000, "costOfRevenue": 646269000, "grossProfit": 43854000, "grossProfitRatio": 0.0635451941, "researchAndDevelopmentExpenses": 0, "generalAndAdministrativeExpenses": 38623000, "sellingAndMarketingExpenses": 0, "sellingGeneralAndAdministrativeExpenses": 38623000, "otherExpenses": 9960000, "operatingExpenses": 48583000, "costAndExpenses": 694852000, "interestIncome": 33000, "interestExpense": 2628000, "depreciationAndAmortization": 16048000, "ebitda": -4696000, "ebitdaratio": -0.0068045841, "operatingIncome": -4729000, "operatingIncomeRatio": -0.0068524017, "totalOtherIncomeExpensesNet": -9960000, "incomeBeforeTax": -7324000, "incomeBeforeTaxRatio": -0.0106126009, "incomeTaxExpense": 88000, "netIncome": -9238000, "netIncomeRatio": -0.0133860196, "eps": -0.4, "epsdiluted": -0.4, "weightedAverageShsOut": 23095000, "weightedAverageShsOutDil": 23140000, "link": "https://www.sec.gov/Archives/edgar/data/874238/000117184317001381/0001171843-17-001381-index.htm", "finalLink": "https://www.sec.gov/Archives/edgar/data/874238/000117184317001381/f10k_030917p.htm", "calculatedOtherExpenses": 9960000, "calculatedOperatingExpenses": 48583000, "calculatedNetInterest": -2595000, "calculatedOtherIncome": 0, "calculatedIncomeNonControlling": 1826000, "calculatedEbitda": 11319000}, {"date": "2015-12-31", "symbol": "STRL", "reportedCurrency": "USD", "cik": "0000874238", "fillingDate": "2016-03-14", "acceptedDate": "2016-03-14 10:51:27", "calendarYear": "2015", "period": "FY", "revenue": 623595000, "costOfRevenue": 594642000, "grossProfit": 28953000, "grossProfitRatio": 0.0464291728, "researchAndDevelopmentExpenses": 0, "generalAndAdministrativeExpenses": 41880000, "sellingAndMarketingExpenses": 0, "sellingGeneralAndAdministrativeExpenses": 41880000, "otherExpenses": 1460000, "operatingExpenses": 43340000, "costAndExpenses": 637982000, "interestIncome": 460000, "interestExpense": 3012000, "depreciationAndAmortization": 16529000, "ebitda": -13927000, "ebitdaratio": -0.0223334055, "operatingIncome": -14387000, "operatingIncomeRatio": -0.0230710638, "totalOtherIncomeExpensesNet": -240000, "incomeBeforeTax": -17179000, "incomeBeforeTaxRatio": -0.0275483286, "incomeTaxExpense": 7000, "netIncome": -20402000, "netIncomeRatio": -0.0327167472, "eps": -1.05, "epsdiluted": -1.05, "weightedAverageShsOut": 19375000, "weightedAverageShsOutDil": 19375000, "link": "https://www.sec.gov/Archives/edgar/data/874238/000117184316008548/0001171843-16-008548-index.htm", "finalLink": "https://www.sec.gov/Archives/edgar/data/874238/000117184316008548/f10k_031416p.htm", "calculatedOtherExpenses": 1460000, "calculatedOperatingExpenses": 43340000, "calculatedNetInterest": -2552000, "calculatedOtherIncome": -240000, "calculatedIncomeNonControlling": 3216000, "calculatedEbitda": 2142000}, {"date": "2014-12-31", "symbol": "STRL", "reportedCurrency": "USD", "cik": "0000874238", "fillingDate": "2015-03-16", "acceptedDate": "2015-03-16 06:06:30", "calendarYear": "2014", "period": "FY", "revenue": 672230000, "costOfRevenue": 639809000, "grossProfit": 32421000, "grossProfitRatio": 0.0482290288, "researchAndDevelopmentExpenses": 0, "generalAndAdministrativeExpenses": 36897000, "sellingAndMarketingExpenses": 0, "sellingGeneralAndAdministrativeExpenses": 36897000, "otherExpenses": -252000, "operatingExpenses": 36645000, "costAndExpenses": 676454000, "interestIncome": 754000, "interestExpense": 1123000, "depreciationAndAmortization": 18348000, "ebitda": 14878000, "ebitdaratio": 0.0221323059, "operatingIncome": -4224000, "operatingIncomeRatio": -0.0062835637, "totalOtherIncomeExpensesNet": 252000, "incomeBeforeTax": -4593000, "incomeBeforeTaxRatio": -0.0068324829, "incomeTaxExpense": 632000, "netIncome": -9781000, "netIncomeRatio": -0.0145500796, "eps": -0.54, "epsdiluted": -0.54, "weightedAverageShsOut": 18063022, "weightedAverageShsOutDil": 18064000, "link": "https://www.sec.gov/Archives/edgar/data/874238/000117184315001420/0001171843-15-001420-index.htm", "finalLink": "https://www.sec.gov/Archives/edgar/data/874238/000117184315001420/f10k_031615.htm", "calculatedOtherExpenses": -252000, "calculatedOperatingExpenses": 36645000, "calculatedNetInterest": -369000, "calculatedOtherIncome": 0, "calculatedIncomeNonControlling": 4556000, "calculatedEbitda": 14124000}, {"date": "2013-12-31", "symbol": "STRL", "reportedCurrency": "USD", "cik": "0000874238", "fillingDate": "2014-03-17", "acceptedDate": "2014-03-17 06:49:19", "calendarYear": "2013", "period": "FY", "revenue": 556236000, "costOfRevenue": 586180000, "grossProfit": -29944000, "grossProfitRatio": -0.053833265, "researchAndDevelopmentExpenses": 0, "generalAndAdministrativeExpenses": 40951000, "sellingAndMarketingExpenses": 0, "sellingGeneralAndAdministrativeExpenses": 40951000, "otherExpenses": -1306000, "operatingExpenses": 39645000, "costAndExpenses": 625825000, "interestIncome": 879000, "interestExpense": 616000, "depreciationAndAmortization": 18650000, "ebitda": -70111000, "ebitdaratio": -0.1260454196, "operatingIncome": -69589000, "operatingIncomeRatio": -0.125106969, "totalOtherIncomeExpensesNet": 522000, "incomeBeforeTax": -68804000, "incomeBeforeTaxRatio": -0.1236956975, "incomeTaxExpense": 1222000, "netIncome": -73929000, "netIncomeRatio": -0.1329094126, "eps": -4.44, "epsdiluted": -4.44, "weightedAverageShsOut": 16635179, "weightedAverageShsOutDil": 16635179, "link": "https://www.sec.gov/Archives/edgar/data/874238/000117184314001265/0001171843-14-001265-index.htm", "finalLink": "https://www.sec.gov/Archives/edgar/data/874238/000117184314001265/f10k_031714.htm", "calculatedOtherExpenses": -1306000, "calculatedOperatingExpenses": 39645000, "calculatedNetInterest": 263000, "calculatedOtherIncome": 522000, "calculatedIncomeNonControlling": 3903000, "calculatedEbitda": -50939000}, {"date": "2012-12-31", "symbol": "STRL", "reportedCurrency": "USD", "cik": "0000874238", "fillingDate": "2013-03-18", "acceptedDate": "2013-03-18 06:05:19", "calendarYear": "2012", "period": "FY", "revenue": 630507000, "costOfRevenue": 583035000, "grossProfit": 47472000, "grossProfitRatio": 0.075291789, "researchAndDevelopmentExpenses": 0, "generalAndAdministrativeExpenses": 35187000, "sellingAndMarketingExpenses": 0, "sellingGeneralAndAdministrativeExpenses": 35187000, "otherExpenses": -2896000, "operatingExpenses": 32291000, "costAndExpenses": 615326000, "interestIncome": 1301000, "interestExpense": 944000, "depreciationAndAmortization": 18997000, "ebitda": 13586000, "ebitdaratio": 0.0215477386, "operatingIncome": 14979000, "operatingIncomeRatio": 0.0237570717, "totalOtherIncomeExpensesNet": 1595000, "incomeBeforeTax": 17133000, "incomeBeforeTaxRatio": 0.02717337, "incomeTaxExpense": -579000, "netIncome": -297000, "netIncomeRatio": -0.0004710495, "eps": -0.0181, "epsdiluted": -0.0181, "weightedAverageShsOut": 16420886, "weightedAverageShsOutDil": 16420886, "link": "https://www.sec.gov/Archives/edgar/data/874238/000117184313001025/0001171843-13-001025-index.htm", "finalLink": "https://www.sec.gov/Archives/edgar/data/874238/000117184313001025/f10k_031813.htm", "calculatedOtherExpenses": -2694000, "calculatedOperatingExpenses": 32493000, "calculatedNetInterest": 357000, "calculatedOtherIncome": 1797000, "calculatedIncomeNonControlling": 18009000, "calculatedEbitda": 33976000}, {"date": "2011-12-31", "symbol": "STRL", "reportedCurrency": "USD", "cik": "0000874238", "fillingDate": "2012-03-15", "acceptedDate": "2012-03-15 17:23:05", "calendarYear": "2011", "period": "FY", "revenue": 501156000, "costOfRevenue": 461319000, "grossProfit": 39837000, "grossProfitRatio": 0.0794902186, "researchAndDevelopmentExpenses": 0, "generalAndAdministrativeExpenses": 0, "sellingAndMarketingExpenses": 0, "sellingGeneralAndAdministrativeExpenses": 25005000, "otherExpenses": -390000, "operatingExpenses": 24615000, "costAndExpenses": 485934000, "interestIncome": 1655000, "interestExpense": 1231000, "depreciationAndAmortization": 17322000, "ebitda": 34199000, "ebitdaratio": 0.0682402286, "operatingIncome": -52234000, "operatingIncomeRatio": -0.1042270271, "totalOtherIncomeExpensesNet": -67362000, "incomeBeforeTax": -51716000, "incomeBeforeTaxRatio": -0.1031934168, "incomeTaxExpense": -17012000, "netIncome": -35900000, "netIncomeRatio": -0.0716343813, "eps": -2.19, "epsdiluted": -2.19, "weightedAverageShsOut": 16395739, "weightedAverageShsOutDil": 16395739, "link": "https://www.sec.gov/Archives/edgar/data/874238/000114036112016008/0001140361-12-016008-index.htm", "finalLink": "https://www.sec.gov/Archives/edgar/data/874238/000114036112016008/form10k.htm", "calculatedOtherExpenses": 67066000, "calculatedOperatingExpenses": 92071000, "calculatedNetInterest": 424000, "calculatedOtherIncome": 94000, "calculatedIncomeNonControlling": 1196000, "calculatedEbitda": -34912000}, {"date": "2010-12-31", "symbol": "STRL", "reportedCurrency": "USD", "cik": "0000874238", "fillingDate": "2011-03-16", "acceptedDate": "2011-03-16 07:22:26", "calendarYear": "2010", "period": "FY", "revenue": 459893000, "costOfRevenue": 397188000, "grossProfit": 62705000, "grossProfitRatio": 0.1363469329, "researchAndDevelopmentExpenses": 0, "generalAndAdministrativeExpenses": 24895000, "sellingAndMarketingExpenses": 0, "sellingGeneralAndAdministrativeExpenses": 24895000, "otherExpenses": 1900000, "operatingExpenses": 26795000, "costAndExpenses": 423983000, "interestIncome": 1809000, "interestExpense": 1187000, "depreciationAndAmortization": 15770000, "ebitda": 53489000, "ebitdaratio": 0.1163074889, "operatingIncome": 35910000, "operatingIncomeRatio": 0.0780833803, "totalOtherIncomeExpensesNet": -38000, "incomeBeforeTax": 36494000, "incomeBeforeTaxRatio": 0.0793532409, "incomeTaxExpense": 10270000, "netIncome": 19087000, "netIncomeRatio": 0.0415031323, "eps": 1.15, "epsdiluted": 1.13, "weightedAverageShsOut": 16194708, "weightedAverageShsOutDil": 16563169, "link": "https://www.sec.gov/Archives/edgar/data/874238/000087423811000006/0000874238-11-000006-index.htm", "finalLink": "https://www.sec.gov/Archives/edgar/data/874238/000087423811000006/form10k.htm", "calculatedOtherExpenses": 1900000, "calculatedOperatingExpenses": 26795000, "calculatedNetInterest": 622000, "calculatedOtherIncome": -38000, "calculatedIncomeNonControlling": 7137000, "calculatedEbitda": 51680000}, {"date": "2009-12-31", "symbol": "STRL", "reportedCurrency": "USD", "cik": "0000874238", "fillingDate": "2010-03-15", "acceptedDate": "2010-03-15 07:04:19", "calendarYear": "2009", "period": "FY", "revenue": 390847000, "costOfRevenue": 336478000, "grossProfit": 54369000, "grossProfitRatio": 0.1391055835, "researchAndDevelopmentExpenses": 0, "generalAndAdministrativeExpenses": 14971000, "sellingAndMarketingExpenses": 2211000, "sellingGeneralAndAdministrativeExpenses": 17182000, "otherExpenses": -270000, "operatingExpenses": 16912000, "costAndExpenses": 353390000, "interestIncome": 572000, "interestExpense": 234000, "depreciationAndAmortization": 13730000, "ebitda": 51759000, "ebitdaratio": 0.1324277786, "operatingIncome": 37457000, "operatingIncomeRatio": 0.0958354548, "totalOtherIncomeExpensesNet": 338000, "incomeBeforeTax": 37795000, "incomeBeforeTaxRatio": 0.0967002433, "incomeTaxExpense": 12267000, "netIncome": 23704000, "netIncomeRatio": 0.0606477727, "eps": 1.77, "epsdiluted": 1.71, "weightedAverageShsOut": 13358903, "weightedAverageShsOutDil": 13855709, "link": "https://www.sec.gov/Archives/edgar/data/874238/000087423810000005/0000874238-10-000005-index.htm", "finalLink": "https://www.sec.gov/Archives/edgar/data/874238/000087423810000005/form10k.htm", "calculatedOtherExpenses": -270000, "calculatedOperatingExpenses": 16912000, "calculatedNetInterest": 338000, "calculatedOtherIncome": 0, "calculatedIncomeNonControlling": 1824000, "calculatedEbitda": 51187000}, {"date": "2008-12-31", "symbol": "STRL", "reportedCurrency": "USD", "cik": "0000874238", "fillingDate": "2009-03-16", "acceptedDate": "2009-03-16 08:20:37", "calendarYear": "2008", "period": "FY", "revenue": 415074000, "costOfRevenue": 373102000, "grossProfit": 41972000, "grossProfitRatio": 0.1011193185, "researchAndDevelopmentExpenses": 0, "generalAndAdministrativeExpenses": 0, "sellingAndMarketingExpenses": 0, "sellingGeneralAndAdministrativeExpenses": 13763000, "otherExpenses": 81000, "operatingExpenses": 13844000, "costAndExpenses": 386946000, "interestIncome": 1070000, "interestExpense": 199000, "depreciationAndAmortization": 13168000, "ebitda": 41377000, "ebitdaratio": 0.0996858392, "operatingIncome": 28128000, "operatingIncomeRatio": 0.0677662296, "totalOtherIncomeExpensesNet": -81000, "incomeBeforeTax": 28999000, "incomeBeforeTaxRatio": 0.0698646506, "incomeTaxExpense": 10025000, "netIncome": 18066000, "netIncomeRatio": 0.0435247691, "eps": 1.38, "epsdiluted": 1.32, "weightedAverageShsOut": 13119987, "weightedAverageShsOutDil": 13702488, "link": "https://www.sec.gov/Archives/edgar/data/874238/000087423809000003/0000874238-09-000003-index.htm", "finalLink": "https://www.sec.gov/Archives/edgar/data/874238/000087423809000003/form10k.htm", "calculatedOtherExpenses": 81000, "calculatedOperatingExpenses": 13844000, "calculatedNetInterest": 871000, "calculatedOtherIncome": 0, "calculatedIncomeNonControlling": 908000, "calculatedEbitda": 41296000}, {"date": "2007-12-31", "symbol": "STRL", "reportedCurrency": "USD", "cik": "0000874238", "fillingDate": "2008-03-17", "acceptedDate": "2008-03-17 16:24:13", "calendarYear": "2007", "period": "FY", "revenue": 306220000, "costOfRevenue": 272534000, "grossProfit": 33686000, "grossProfitRatio": 0.1100058781, "researchAndDevelopmentExpenses": 0, "generalAndAdministrativeExpenses": 0, "sellingAndMarketingExpenses": 0, "sellingGeneralAndAdministrativeExpenses": 13206000, "otherExpenses": -549000, "operatingExpenses": 12657000, "costAndExpenses": 285191000, "interestIncome": 1669000, "interestExpense": 277000, "depreciationAndAmortization": 9544000, "ebitda": 30024000, "ebitdaratio": 0.0980471556, "operatingIncome": 21029000, "operatingIncomeRatio": 0.0686728496, "totalOtherIncomeExpensesNet": 549000, "incomeBeforeTax": 22421000, "incomeBeforeTaxRatio": 0.073218601, "incomeTaxExpense": 7890000, "netIncome": 14444000, "netIncomeRatio": 0.0471687022, "eps": 1.31, "epsdiluted": 1.22, "weightedAverageShsOut": 11043948, "weightedAverageShsOutDil": 11836176, "link": "https://www.sec.gov/Archives/edgar/data/874238/000114036108006929/0001140361-08-006929-index.htm", "finalLink": "https://www.sec.gov/Archives/edgar/data/874238/000114036108006929/form10k.htm", "calculatedOtherExpenses": -549000, "calculatedOperatingExpenses": 12657000, "calculatedNetInterest": 1392000, "calculatedOtherIncome": 0, "calculatedIncomeNonControlling": 87000, "calculatedEbitda": 30573000}, {"date": "2006-12-31", "symbol": "STRL", "reportedCurrency": "USD", "cik": "0000874238", "fillingDate": "2007-03-16", "acceptedDate": "2007-03-16 14:39:04", "calendarYear": "2006", "period": "FY", "revenue": 249348000, "costOfRevenue": 220801000, "grossProfit": 28547000, "grossProfitRatio": 0.114486581, "researchAndDevelopmentExpenses": 0, "generalAndAdministrativeExpenses": 0, "sellingAndMarketingExpenses": 0, "sellingGeneralAndAdministrativeExpenses": 10825000, "otherExpenses": -276000, "operatingExpenses": 10549000, "costAndExpenses": 231350000, "interestIncome": 1426000, "interestExpense": 220000, "depreciationAndAmortization": 7011000, "ebitda": 24733000, "ebitdaratio": 0.0991906893, "operatingIncome": 17998000, "operatingIncomeRatio": 0.0721802461, "totalOtherIncomeExpensesNet": 276000, "incomeBeforeTax": 19204000, "incomeBeforeTaxRatio": 0.07701686, "incomeTaxExpense": 6566000, "netIncome": 13320000, "netIncomeRatio": 0.0534193176, "eps": 1.25, "epsdiluted": 1.14, "weightedAverageShsOut": 10582730, "weightedAverageShsOutDil": 11714310, "link": "https://www.sec.gov/Archives/edgar/data/874238/000095013407005929/0000950134-07-005929-index.htm", "finalLink": "https://www.sec.gov/Archives/edgar/data/874238/000095013407005929/d44640e10vk.htm", "calculatedOtherExpenses": -276000, "calculatedOperatingExpenses": 10549000, "calculatedNetInterest": 1206000, "calculatedOtherIncome": 0, "calculatedIncomeNonControlling": -682000, "calculatedEbitda": 25009000}, {"date": "2005-12-31", "symbol": "STRL", "reportedCurrency": "USD", "cik": "0000874238", "fillingDate": "2006-03-29", "acceptedDate": "2006-03-28 18:09:44", "calendarYear": "2005", "period": "FY", "revenue": 219439000, "costOfRevenue": 195683000, "grossProfit": 23756000, "grossProfitRatio": 0.1082578758, "researchAndDevelopmentExpenses": 0, "generalAndAdministrativeExpenses": 0, "sellingAndMarketingExpenses": 0, "sellingGeneralAndAdministrativeExpenses": 9091000, "otherExpenses": 0, "operatingExpenses": 9091000, "costAndExpenses": 204774000, "interestIncome": 0, "interestExpense": 1336000, "depreciationAndAmortization": 5064000, "ebitda": 19729000, "ebitdaratio": 0.0899065344, "operatingIncome": 14665000, "operatingIncomeRatio": 0.0668295061, "totalOtherIncomeExpensesNet": -1336000, "incomeBeforeTax": 13329000, "incomeBeforeTaxRatio": 0.0607412538, "incomeTaxExpense": 2788000, "netIncome": 11100000, "netIncomeRatio": 0.0505835335, "eps": 1.43, "epsdiluted": 1.16, "weightedAverageShsOut": 7775476, "weightedAverageShsOutDil": 9537923, "link": "https://www.sec.gov/Archives/edgar/data/874238/000095013406006063/0000950134-06-006063-index.htm", "finalLink": "https://www.sec.gov/Archives/edgar/data/874238/000095013406006063/d34503e10vk.htm", "calculatedOtherExpenses": 0, "calculatedOperatingExpenses": 9091000, "calculatedNetInterest": -1336000, "calculatedOtherIncome": 0, "calculatedIncomeNonControlling": -559000, "calculatedEbitda": 19729000}, {"date": "2004-12-31", "symbol": "STRL", "reportedCurrency": "USD", "cik": "0000874238", "fillingDate": "2005-03-29", "acceptedDate": "2005-03-29 16:51:49", "calendarYear": "2004", "period": "FY", "revenue": 154178000, "costOfRevenue": 137680000, "grossProfit": 16498000, "grossProfitRatio": 0.1070061877, "researchAndDevelopmentExpenses": 0, "generalAndAdministrativeExpenses": 0, "sellingAndMarketingExpenses": 0, "sellingGeneralAndAdministrativeExpenses": 10106000, "otherExpenses": 0, "operatingExpenses": 10106000, "costAndExpenses": 147786000, "interestIncome": 0, "interestExpense": 1695000, "depreciationAndAmortization": 4628000, "ebitda": 11020000, "ebitdaratio": 0.0714758266, "operatingIncome": 6392000, "operatingIncomeRatio": 0.0414585739, "totalOtherIncomeExpensesNet": -962000, "incomeBeforeTax": 3735000, "incomeBeforeTaxRatio": 0.0242252461, "incomeTaxExpense": -1918000, "netIncome": 5653000, "netIncomeRatio": 0.0366654127, "eps": 1.06, "epsdiluted": 0.8, "weightedAverageShsOut": 5342847, "weightedAverageShsOutDil": 7027682, "link": "https://www.sec.gov/Archives/edgar/data/874238/000095013405006245/0000950134-05-006245-index.htm", "finalLink": "https://www.sec.gov/Archives/edgar/data/874238/000095013405006245/d23794e10vk.htm", "calculatedOtherExpenses": 0, "calculatedOperatingExpenses": 10106000, "calculatedNetInterest": -1695000, "calculatedOtherIncome": -962000, "calculatedIncomeNonControlling": 0, "calculatedEbitda": 11020000}, {"date": "2003-12-31", "symbol": "STRL", "reportedCurrency": "USD", "cik": "0000874238", "fillingDate": "2004-03-26", "acceptedDate": "2004-03-26 10:52:59", "calendarYear": "2003", "period": "FY", "revenue": 170093000, "costOfRevenue": 148652000, "grossProfit": 21441000, "grossProfitRatio": 0.1260545701, "researchAndDevelopmentExpenses": 0, "generalAndAdministrativeExpenses": 0, "sellingAndMarketingExpenses": 0, "sellingGeneralAndAdministrativeExpenses": 10443000, "otherExpenses": 0, "operatingExpenses": 10443000, "costAndExpenses": 159095000, "interestIncome": 0, "interestExpense": 2074000, "depreciationAndAmortization": 4807000, "ebitda": 15244000, "ebitdaratio": 0.08962156, "operatingIncome": 10998000, "operatingIncomeRatio": 0.0646587455, "totalOtherIncomeExpensesNet": 561000, "incomeBeforeTax": 7297000, "incomeBeforeTaxRatio": 0.0429000606, "incomeTaxExpense": 1878000, "netIncome": 5419000, "netIncomeRatio": 0.0318590418, "eps": 1.06, "epsdiluted": 0.83, "weightedAverageShsOut": 5090000, "weightedAverageShsOutDil": 6489000, "link": "https://www.sec.gov/Archives/edgar/data/874238/000095013404004112/0000950134-04-004112-index.htm", "finalLink": "https://www.sec.gov/Archives/edgar/data/874238/000095013404004112/d13939e10vk.htm", "calculatedOtherExpenses": 0, "calculatedOperatingExpenses": 10443000, "calculatedNetInterest": -2074000, "calculatedOtherIncome": -1627000, "calculatedIncomeNonControlling": 0, "calculatedEbitda": 15805000}, {"date": "2002-12-31", "symbol": "STRL", "reportedCurrency": "USD", "cik": "0000874238", "fillingDate": "2003-03-31", "acceptedDate": "2003-03-31 09:57:37", "calendarYear": "2002", "period": "FY", "revenue": 112066000, "costOfRevenue": 117852000, "grossProfit": -5786000, "grossProfitRatio": -0.0516302893, "researchAndDevelopmentExpenses": 0, "generalAndAdministrativeExpenses": 0, "sellingAndMarketingExpenses": 0, "sellingGeneralAndAdministrativeExpenses": 9537000, "otherExpenses": 259000, "operatingExpenses": 9796000, "costAndExpenses": 127648000, "interestIncome": 0, "interestExpense": 2643000, "depreciationAndAmortization": 3855000, "ebitda": -12600000, "ebitdaratio": -0.1124337444, "operatingIncome": 4345000, "operatingIncomeRatio": 0.0387717952, "totalOtherIncomeExpensesNet": 21697000, "incomeBeforeTax": 3472000, "incomeBeforeTaxRatio": 0.0309817429, "incomeTaxExpense": -1250000, "netIncome": 4722000, "netIncomeRatio": 0.0421358842, "eps": 0.66, "epsdiluted": 0.55, "weightedAverageShsOut": 5062000, "weightedAverageShsOutDil": 6102000, "link": "https://www.sec.gov/Archives/edgar/data/874238/000095013403004946/0000950134-03-004946-index.htm", "finalLink": "https://www.sec.gov/Archives/edgar/data/874238/000095013403004946/d04389e10vk.txt", "calculatedOtherExpenses": -19668000, "calculatedOperatingExpenses": -10131000, "calculatedNetInterest": -2643000, "calculatedOtherIncome": 1770000, "calculatedIncomeNonControlling": 0, "calculatedEbitda": 8200000}, {"date": "2001-02-28", "symbol": "STRL", "reportedCurrency": "USD", "cik": "0000874238", "fillingDate": "2001-07-13", "acceptedDate": "2001-07-13 00:00:00", "calendarYear": "2001", "period": "FY", "revenue": 21259000, "costOfRevenue": 16388000, "grossProfit": 4871000, "grossProfitRatio": 0.2291264876, "researchAndDevelopmentExpenses": 0, "generalAndAdministrativeExpenses": 0, "sellingAndMarketingExpenses": 0, "sellingGeneralAndAdministrativeExpenses": 4433000, "otherExpenses": 156000, "operatingExpenses": 4589000, "costAndExpenses": 20977000, "interestIncome": 0, "interestExpense": 2688000, "depreciationAndAmortization": 150000, "ebitda": 468000, "ebitdaratio": 0.0220142057, "operatingIncome": 282000, "operatingIncomeRatio": 0.0132649701, "totalOtherIncomeExpensesNet": -4847000, "incomeBeforeTax": -7253000, "incomeBeforeTaxRatio": -0.3411731502, "incomeTaxExpense": 27000, "netIncome": -6941000, "netIncomeRatio": -0.326497013, "eps": -1.4, "epsdiluted": -1.4, "weightedAverageShsOut": 4943018, "weightedAverageShsOutDil": 4943018, "link": "https://www.sec.gov/Archives/edgar/data/874238/000095013401504041/0000950134-01-504041-index.htm", "finalLink": "https://www.sec.gov/Archives/edgar/data/874238/000095013401504041/d89057e10-k405.txt", "calculatedOtherExpenses": 156000, "calculatedOperatingExpenses": 4589000, "calculatedNetInterest": -2688000, "calculatedOtherIncome": -4847000, "calculatedIncomeNonControlling": -339000, "calculatedEbitda": 432000}, {"date": "2000-02-29", "symbol": "STRL", "reportedCurrency": "USD", "cik": "0000874238", "fillingDate": "2000-07-19", "acceptedDate": "2000-07-19 00:00:00", "calendarYear": "2000", "period": "FY", "revenue": 20142000, "costOfRevenue": 16048000, "grossProfit": 4094000, "grossProfitRatio": 0.2032568762, "researchAndDevelopmentExpenses": 0, "generalAndAdministrativeExpenses": 4271000, "sellingAndMarketingExpenses": 0, "sellingGeneralAndAdministrativeExpenses": 4271000, "otherExpenses": 212000, "operatingExpenses": 4483000, "costAndExpenses": 20531000, "interestIncome": 0, "interestExpense": 1243000, "depreciationAndAmortization": 212000, "ebitda": 1178000, "ebitdaratio": 0.0584847582, "operatingIncome": -389000, "operatingIncomeRatio": -0.0193128786, "totalOtherIncomeExpensesNet": -1355000, "incomeBeforeTax": -2987000, "incomeBeforeTaxRatio": -0.1482970907, "incomeTaxExpense": 10000, "netIncome": -5453000, "netIncomeRatio": -0.2707278324, "eps": -1.1, "epsdiluted": -1.1, "weightedAverageShsOut": 4943018, "weightedAverageShsOutDil": 4943018, "link": "https://www.sec.gov/Archives/edgar/data/874238/000095013400005795/0000950134-00-005795-index.htm", "finalLink": "https://www.sec.gov/Archives/edgar/data/874238/000095013400005795/e10-k405.txt", "calculatedOtherExpenses": 212000, "calculatedOperatingExpenses": 4483000, "calculatedNetInterest": -1243000, "calculatedOtherIncome": -1355000, "calculatedIncomeNonControlling": 2456000, "calculatedEbitda": -177000}, {"date": "1999-02-28", "symbol": "STRL", "reportedCurrency": "USD", "cik": "0000874238", "fillingDate": "1999-06-01", "acceptedDate": "1999-06-01 00:00:00", "calendarYear": "1999", "period": "FY", "revenue": 31660000, "costOfRevenue": 25849000, "grossProfit": 5811000, "grossProfitRatio": 0.183543904, "researchAndDevelopmentExpenses": 0, "generalAndAdministrativeExpenses": 6337000, "sellingAndMarketingExpenses": 0, "sellingGeneralAndAdministrativeExpenses": 6337000, "otherExpenses": 194000, "operatingExpenses": 6531000, "costAndExpenses": 32380000, "interestIncome": 0, "interestExpense": 558000, "depreciationAndAmortization": 537000, "ebitda": -675000, "ebitdaratio": -0.021320278, "operatingIncome": -720000, "operatingIncomeRatio": -0.0227416298, "totalOtherIncomeExpensesNet": 492000, "incomeBeforeTax": -892000, "incomeBeforeTaxRatio": -0.0281743525, "incomeTaxExpense": 4000, "netIncome": -1046000, "netIncomeRatio": -0.0330385344, "eps": -0.3, "epsdiluted": -0.3, "weightedAverageShsOut": 3501075, "weightedAverageShsOutDil": 3501075, "link": "https://www.sec.gov/Archives/edgar/data/874238/000095013499005092/0000950134-99-005092-index.html", "finalLink": "https://www.sec.gov/Archives/edgar/data/874238/000095013499005092/", "calculatedOtherExpenses": 194000, "calculatedOperatingExpenses": 6531000, "calculatedNetInterest": -558000, "calculatedOtherIncome": 386000, "calculatedIncomeNonControlling": 150000, "calculatedEbitda": -183000}, {"date": "1998-02-28", "symbol": "STRL", "reportedCurrency": "USD", "cik": "0000874238", "fillingDate": "1998-05-29", "acceptedDate": "1998-05-29 00:00:00", "calendarYear": "1998", "period": "FY", "revenue": 32307000, "costOfRevenue": 26119000, "grossProfit": 6188000, "grossProfitRatio": 0.1915374377, "researchAndDevelopmentExpenses": 0, "generalAndAdministrativeExpenses": 6705000, "sellingAndMarketingExpenses": 0, "sellingGeneralAndAdministrativeExpenses": 6705000, "otherExpenses": 194000, "operatingExpenses": 6899000, "costAndExpenses": 33018000, "interestIncome": 0, "interestExpense": 634000, "depreciationAndAmortization": 661000, "ebitda": -336000, "ebitdaratio": -0.0104002229, "operatingIncome": -711000, "operatingIncomeRatio": -0.0220076144, "totalOtherIncomeExpensesNet": 286000, "incomeBeforeTax": 608000, "incomeBeforeTaxRatio": 0.0188194509, "incomeTaxExpense": 1016000, "netIncome": -408000, "netIncomeRatio": -0.012628842, "eps": -0.13, "epsdiluted": -0.13, "weightedAverageShsOut": 3192308, "weightedAverageShsOutDil": 3192308, "link": "https://www.sec.gov/Archives/edgar/data/874238/000095013498004857/0000950134-98-004857-index.html", "finalLink": "https://www.sec.gov/Archives/edgar/data/874238/", "calculatedOtherExpenses": 194000, "calculatedOperatingExpenses": 6899000, "calculatedNetInterest": -634000, "calculatedOtherIncome": 1953000, "calculatedIncomeNonControlling": 0, "calculatedEbitda": -50000}, {"date": "1997-02-28", "symbol": "STRL", "reportedCurrency": "USD", "cik": "0000874238", "fillingDate": "1997-06-13", "acceptedDate": "1997-06-13 00:00:00", "calendarYear": "1997", "period": "FY", "revenue": 41928000, "costOfRevenue": 32459000, "grossProfit": 9469000, "grossProfitRatio": 0.2258395344, "researchAndDevelopmentExpenses": 0, "generalAndAdministrativeExpenses": 10573000, "sellingAndMarketingExpenses": 0, "sellingGeneralAndAdministrativeExpenses": 10573000, "otherExpenses": 448000, "operatingExpenses": 11021000, "costAndExpenses": 43480000, "interestIncome": 0, "interestExpense": 843000, "depreciationAndAmortization": 1207000, "ebitda": -672000, "ebitdaratio": -0.0160274757, "operatingIncome": -1552000, "operatingIncomeRatio": -0.0370158367, "totalOtherIncomeExpensesNet": 327000, "incomeBeforeTax": -5663000, "incomeBeforeTaxRatio": -0.1350648731, "incomeTaxExpense": 3098000, "netIncome": -8761000, "netIncomeRatio": -0.208953444, "eps": -2.74, "epsdiluted": -2.74, "weightedAverageShsOut": 3200140, "weightedAverageShsOutDil": 3200140, "link": "https://www.sec.gov/Archives/edgar/data/874238/000095013497004659/0000950134-97-004659-index.html", "finalLink": "https://www.sec.gov/Archives/edgar/data/874238/", "calculatedOtherExpenses": 448000, "calculatedOperatingExpenses": 11021000, "calculatedNetInterest": -843000, "calculatedOtherIncome": -3268000, "calculatedIncomeNonControlling": 0, "calculatedEbitda": -345000}, {"date": "1996-02-29", "symbol": "STRL", "reportedCurrency": "USD", "cik": "0000874238", "fillingDate": "1996-06-12", "acceptedDate": "1996-06-12 00:00:00", "calendarYear": "1996", "period": "FY", "revenue": 47339000, "costOfRevenue": 37321000, "grossProfit": 10018000, "grossProfitRatio": 0.2116225522, "researchAndDevelopmentExpenses": 0, "generalAndAdministrativeExpenses": 10952000, "sellingAndMarketingExpenses": 0, "sellingGeneralAndAdministrativeExpenses": 10952000, "otherExpenses": 439000, "operatingExpenses": 11391000, "costAndExpenses": 48712000, "interestIncome": 0, "interestExpense": 646000, "depreciationAndAmortization": 873000, "ebitda": -971000, "ebitdaratio": -0.0205116289, "operatingIncome": -1373000, "operatingIncomeRatio": -0.02900357, "totalOtherIncomeExpensesNet": 471000, "incomeBeforeTax": -2158000, "incomeBeforeTaxRatio": -0.0455860918, "incomeTaxExpense": 1885000, "netIncome": -3978000, "netIncomeRatio": -0.0840321933, "eps": -1.25, "epsdiluted": -1.25, "weightedAverageShsOut": 3194021, "weightedAverageShsOutDil": 3194021, "link": "https://www.sec.gov/Archives/edgar/data/874238/000095013496002832/0000950134-96-002832-index.html", "finalLink": "https://www.sec.gov/Archives/edgar/data/874238/", "calculatedOtherExpenses": 439000, "calculatedOperatingExpenses": 11391000, "calculatedNetInterest": -646000, "calculatedOtherIncome": -139000, "calculatedIncomeNonControlling": -65000, "calculatedEbitda": -500000}]}