{"originalCurrency": "USD", "convertedCurrency": "USD", "report": [{"date": "2023-12-31", "symbol": "STT", "reportedCurrency": "USD", "cik": "0000093751", "fillingDate": "2024-02-15", "acceptedDate": "2024-02-15 16:43:23", "calendarYear": "2023", "period": "FY", "revenue": 11945000000, "costOfRevenue": 426000000, "grossProfit": 11519000000, "grossProfitRatio": 0.9643365425, "researchAndDevelopmentExpenses": 0, "generalAndAdministrativeExpenses": 4562000000, "sellingAndMarketingExpenses": 142000000, "sellingGeneralAndAdministrativeExpenses": 4704000000, "otherExpenses": -9203000000, "operatingExpenses": -9203000000, "costAndExpenses": 426000000, "interestIncome": 9180000000, "interestExpense": 6421000000, "depreciationAndAmortization": 882000000, "ebitda": 2316000000, "ebitdaratio": 0.1938886563, "operatingIncome": 2316000000, "operatingIncomeRatio": 0.1938886563, "totalOtherIncomeExpensesNet": 2316000000, "incomeBeforeTax": 2316000000, "incomeBeforeTaxRatio": 0.1938886563, "incomeTaxExpense": 372000000, "netIncome": 1944000000, "netIncomeRatio": 0.1627459188, "eps": 5.65, "epsdiluted": 5.58, "weightedAverageShsOut": 322337000, "weightedAverageShsOutDil": 326568000, "link": "https://www.sec.gov/Archives/edgar/data/93751/000009375124000498/0000093751-24-000498-index.htm", "finalLink": "https://www.sec.gov/Archives/edgar/data/93751/000009375124000498/stt-20231231.htm", "calculatedOtherExpenses": 4499000000, "calculatedOperatingExpenses": 9203000000, "calculatedNetInterest": 2759000000, "calculatedOtherIncome": -2759000000, "calculatedIncomeNonControlling": 0, "calculatedEbitda": 3198000000}, {"date": "2022-12-31", "symbol": "STT", "reportedCurrency": "USD", "cik": "0000093751", "fillingDate": "2023-02-16", "acceptedDate": "2023-02-16 08:09:28", "calendarYear": "2022", "period": "FY", "revenue": 12148000000, "costOfRevenue": 394000000, "grossProfit": 11754000000, "grossProfitRatio": 0.9675666776, "researchAndDevelopmentExpenses": 0, "generalAndAdministrativeExpenses": 4428000000, "sellingAndMarketingExpenses": 99000000, "sellingGeneralAndAdministrativeExpenses": 4428000000, "otherExpenses": 8801000000, "operatingExpenses": 8801000000, "costAndExpenses": 8801000000, "interestIncome": 4088000000, "interestExpense": 1544000000, "depreciationAndAmortization": 238000000, "ebitda": 4995000000, "ebitdaratio": 0.4111787949, "operatingIncome": 4757000000, "operatingIncomeRatio": 0.3915870925, "totalOtherIncomeExpensesNet": -1430000000, "incomeBeforeTax": 3327000000, "incomeBeforeTaxRatio": 0.2738722423, "incomeTaxExpense": 553000000, "netIncome": 2774000000, "netIncomeRatio": 0.2283503457, "eps": 7.28, "epsdiluted": 7.19, "weightedAverageShsOut": 365214000, "weightedAverageShsOutDil": 370109000, "link": "https://www.sec.gov/Archives/edgar/data/93751/000009375123000489/0000093751-23-000489-index.htm", "finalLink": "https://www.sec.gov/Archives/edgar/data/93751/000009375123000489/stt-20221231.htm", "calculatedOtherExpenses": 2569000000, "calculatedOperatingExpenses": 6997000000, "calculatedNetInterest": 2544000000, "calculatedOtherIncome": -3974000000, "calculatedIncomeNonControlling": 0, "calculatedEbitda": 4995000000}, {"date": "2021-12-31", "symbol": "STT", "reportedCurrency": "USD", "cik": "0000093751", "fillingDate": "2022-02-17", "acceptedDate": "2022-02-17 16:38:23", "calendarYear": "2021", "period": "FY", "revenue": 12027000000, "costOfRevenue": 444000000, "grossProfit": 11583000000, "grossProfitRatio": 0.9630830631, "researchAndDevelopmentExpenses": 0, "generalAndAdministrativeExpenses": 4554000000, "sellingAndMarketingExpenses": 73000000, "sellingGeneralAndAdministrativeExpenses": 4554000000, "otherExpenses": -13410000000, "operatingExpenses": -8856000000, "costAndExpenses": -8856000000, "interestIncome": 1908000000, "interestExpense": 3000000, "depreciationAndAmortization": 245000000, "ebitda": 3416000000, "ebitdaratio": 0.2840276046, "operatingIncome": 3171000000, "operatingIncomeRatio": 0.2636567723, "totalOtherIncomeExpensesNet": 3171000000, "incomeBeforeTax": 3171000000, "incomeBeforeTaxRatio": 0.2636567723, "incomeTaxExpense": 478000000, "netIncome": 2693000000, "netIncomeRatio": 0.2239128627, "eps": 7.3, "epsdiluted": 7.19, "weightedAverageShsOut": 352565000, "weightedAverageShsOutDil": 357962000, "link": "https://www.sec.gov/Archives/edgar/data/93751/000009375122000424/0000093751-22-000424-index.htm", "finalLink": "https://www.sec.gov/Archives/edgar/data/93751/000009375122000424/stt-20211231.htm", "calculatedOtherExpenses": 3858000000, "calculatedOperatingExpenses": 8412000000, "calculatedNetInterest": 1905000000, "calculatedOtherIncome": -1905000000, "calculatedIncomeNonControlling": 0, "calculatedEbitda": 3416000000}, {"date": "2020-12-31", "symbol": "STT", "reportedCurrency": "USD", "cik": "0000093751", "fillingDate": "2021-02-19", "acceptedDate": "2021-02-19 07:09:17", "calendarYear": "2020", "period": "FY", "revenue": 11703000000, "costOfRevenue": 489000000, "grossProfit": 11214000000, "grossProfitRatio": 0.9582158421, "researchAndDevelopmentExpenses": 0, "generalAndAdministrativeExpenses": 4450000000, "sellingAndMarketingExpenses": 77000000, "sellingGeneralAndAdministrativeExpenses": 4450000000, "otherExpenses": -13254000000, "operatingExpenses": -8804000000, "costAndExpenses": -8804000000, "interestIncome": 2575000000, "interestExpense": 375000000, "depreciationAndAmortization": 234000000, "ebitda": 3133000000, "ebitdaratio": 0.2677091344, "operatingIncome": 2899000000, "operatingIncomeRatio": 0.2477142613, "totalOtherIncomeExpensesNet": 2899000000, "incomeBeforeTax": 2899000000, "incomeBeforeTaxRatio": 0.2477142613, "incomeTaxExpense": 479000000, "netIncome": 2420000000, "netIncomeRatio": 0.2067845851, "eps": 6.4, "epsdiluted": 6.32, "weightedAverageShsOut": 352865000, "weightedAverageShsOutDil": 357106000, "link": "https://www.sec.gov/Archives/edgar/data/93751/000009375121000476/0000093751-21-000476-index.htm", "finalLink": "https://www.sec.gov/Archives/edgar/data/93751/000009375121000476/stt-20201231.htm", "calculatedOtherExpenses": 3865000000, "calculatedOperatingExpenses": 8315000000, "calculatedNetInterest": 2200000000, "calculatedOtherIncome": -2200000000, "calculatedIncomeNonControlling": 0, "calculatedEbitda": 3133000000}, {"date": "2019-12-31", "symbol": "STT", "reportedCurrency": "USD", "cik": "0000093751", "fillingDate": "2020-02-20", "acceptedDate": "2020-02-20 17:13:58", "calendarYear": "2019", "period": "FY", "revenue": 11756000000, "costOfRevenue": 470000000, "grossProfit": 11286000000, "grossProfitRatio": 0.9600204151, "researchAndDevelopmentExpenses": 0, "generalAndAdministrativeExpenses": 4541000000, "sellingAndMarketingExpenses": 114000000, "sellingGeneralAndAdministrativeExpenses": 4541000000, "otherExpenses": 44000000, "operatingExpenses": 4585000000, "costAndExpenses": 4585000000, "interestIncome": 3941000000, "interestExpense": 1375000000, "depreciationAndAmortization": 236000000, "ebitda": 3088000000, "ebitdaratio": 0.262674379, "operatingIncome": 2852000000, "operatingIncomeRatio": 0.2425995236, "totalOtherIncomeExpensesNet": 2712000000, "incomeBeforeTax": 2852000000, "incomeBeforeTaxRatio": 0.2425995236, "incomeTaxExpense": 470000000, "netIncome": 2382000000, "netIncomeRatio": 0.2026199388, "eps": 5.43, "epsdiluted": 5.38, "weightedAverageShsOut": 369911000, "weightedAverageShsOutDil": 373666000, "link": "https://www.sec.gov/Archives/edgar/data/93751/000009375120000684/0000093751-20-000684-index.htm", "finalLink": "https://www.sec.gov/Archives/edgar/data/93751/000009375120000684/stt-2019123110xk.htm", "calculatedOtherExpenses": 3893000000, "calculatedOperatingExpenses": 8434000000, "calculatedNetInterest": 2566000000, "calculatedOtherIncome": -2566000000, "calculatedIncomeNonControlling": 0, "calculatedEbitda": 3088000000}, {"date": "2018-12-31", "symbol": "STT", "reportedCurrency": "USD", "cik": "0000093751", "fillingDate": "2019-02-21", "acceptedDate": "2019-02-21 16:21:33", "calendarYear": "2018", "period": "FY", "revenue": 11982000000, "costOfRevenue": 500000000, "grossProfit": 11482000000, "grossProfitRatio": 0.9582707394, "researchAndDevelopmentExpenses": 0, "generalAndAdministrativeExpenses": 4780000000, "sellingAndMarketingExpenses": 115000000, "sellingGeneralAndAdministrativeExpenses": 4780000000, "otherExpenses": 3611000000, "operatingExpenses": 9997000000, "costAndExpenses": 9997000000, "interestIncome": 3662000000, "interestExpense": 991000000, "depreciationAndAmortization": 226000000, "ebitda": 5193000000, "ebitdaratio": 0.4334001002, "operatingIncome": 3990000000, "operatingIncomeRatio": 0.3329994992, "totalOtherIncomeExpensesNet": -991000000, "incomeBeforeTax": 2999000000, "incomeBeforeTaxRatio": 0.2502921048, "incomeTaxExpense": 400000000, "netIncome": 2599000000, "netIncomeRatio": 0.2169086964, "eps": 6.99, "epsdiluted": 6.9, "weightedAverageShsOut": 371983000, "weightedAverageShsOutDil": 376476000, "link": "https://www.sec.gov/Archives/edgar/data/93751/000009375119000336/0000093751-19-000336-index.htm", "finalLink": "https://www.sec.gov/Archives/edgar/data/93751/000009375119000336/stt-20181231_10k.htm", "calculatedOtherExpenses": 2712000000, "calculatedOperatingExpenses": 7492000000, "calculatedNetInterest": 2671000000, "calculatedOtherIncome": -3662000000, "calculatedIncomeNonControlling": 0, "calculatedEbitda": 4216000000}, {"date": "2017-12-31", "symbol": "STT", "reportedCurrency": "USD", "cik": "0000093751", "fillingDate": "2018-02-26", "acceptedDate": "2018-02-26 08:24:47", "calendarYear": "2017", "period": "FY", "revenue": 11170000000, "costOfRevenue": 801000000, "grossProfit": 10369000000, "grossProfitRatio": 0.9282900627, "researchAndDevelopmentExpenses": 0, "generalAndAdministrativeExpenses": 4394000000, "sellingAndMarketingExpenses": 67000000, "sellingGeneralAndAdministrativeExpenses": 4394000000, "otherExpenses": 2783000000, "operatingExpenses": 8609000000, "costAndExpenses": 9410000000, "interestIncome": 2908000000, "interestExpense": 604000000, "depreciationAndAmortization": 1085000000, "ebitda": 4588000000, "ebitdaratio": 0.4107430618, "operatingIncome": 3503000000, "operatingIncomeRatio": 0.3136078782, "totalOtherIncomeExpensesNet": -604000000, "incomeBeforeTax": 2899000000, "incomeBeforeTaxRatio": 0.2595344673, "incomeTaxExpense": 722000000, "netIncome": 2177000000, "netIncomeRatio": 0.1948970457, "eps": 5.32, "epsdiluted": 5.24, "weightedAverageShsOut": 374793000, "weightedAverageShsOutDil": 380213000, "link": "https://www.sec.gov/Archives/edgar/data/93751/000009375118000308/0000093751-18-000308-index.htm", "finalLink": "https://www.sec.gov/Archives/edgar/data/93751/000009375118000308/stt-20171231_10k.htm", "calculatedOtherExpenses": 2472000000, "calculatedOperatingExpenses": 6866000000, "calculatedNetInterest": 2304000000, "calculatedOtherIncome": -2908000000, "calculatedIncomeNonControlling": 0, "calculatedEbitda": 4588000000}, {"date": "2016-12-31", "symbol": "STT", "reportedCurrency": "USD", "cik": "0000093751", "fillingDate": "2017-02-17", "acceptedDate": "2017-02-16 17:33:59", "calendarYear": "2016", "period": "FY", "revenue": 10207000000, "costOfRevenue": 819000000, "grossProfit": 9388000000, "grossProfitRatio": 0.9197609484, "researchAndDevelopmentExpenses": 0, "generalAndAdministrativeExpenses": 4353000000, "sellingAndMarketingExpenses": 52000000, "sellingGeneralAndAdministrativeExpenses": 4353000000, "otherExpenses": 3860000000, "operatingExpenses": 8306000000, "costAndExpenses": 9125000000, "interestIncome": 2512000000, "interestExpense": 428000000, "depreciationAndAmortization": 929000000, "ebitda": 3478000000, "ebitdaratio": 0.3407465465, "operatingIncome": 2549000000, "operatingIncomeRatio": 0.2497305771, "totalOtherIncomeExpensesNet": -429000000, "incomeBeforeTax": 2120000000, "incomeBeforeTaxRatio": 0.2077005976, "incomeTaxExpense": -22000000, "netIncome": 2143000000, "netIncomeRatio": 0.2099539532, "eps": 5.03, "epsdiluted": 4.97, "weightedAverageShsOut": 391485000, "weightedAverageShsOutDil": 396090000, "link": "https://www.sec.gov/Archives/edgar/data/93751/000009375117000249/0000093751-17-000249-index.htm", "finalLink": "https://www.sec.gov/Archives/edgar/data/93751/000009375117000249/stt-20161231_10k.htm", "calculatedOtherExpenses": 2486000000, "calculatedOperatingExpenses": 6839000000, "calculatedNetInterest": 2084000000, "calculatedOtherIncome": -2513000000, "calculatedIncomeNonControlling": -1000000, "calculatedEbitda": 3478000000}, {"date": "2015-12-31", "symbol": "STT", "reportedCurrency": "USD", "cik": "0000093751", "fillingDate": "2016-02-19", "acceptedDate": "2016-02-19 08:16:47", "calendarYear": "2015", "period": "FY", "revenue": 10360000000, "costOfRevenue": 987000000, "grossProfit": 9373000000, "grossProfitRatio": 0.9047297297, "researchAndDevelopmentExpenses": 0, "generalAndAdministrativeExpenses": 4061000000, "sellingAndMarketingExpenses": 65000000, "sellingGeneralAndAdministrativeExpenses": 4061000000, "otherExpenses": 4250000000, "operatingExpenses": 8437000000, "costAndExpenses": 9424000000, "interestIncome": 2488000000, "interestExpense": 400000000, "depreciationAndAmortization": 793000000, "ebitda": 3491000000, "ebitdaratio": 0.336969112, "operatingIncome": 2698000000, "operatingIncomeRatio": 0.2604247104, "totalOtherIncomeExpensesNet": -400000000, "incomeBeforeTax": 2298000000, "incomeBeforeTaxRatio": 0.2218146718, "incomeTaxExpense": 318000000, "netIncome": 1980000000, "netIncomeRatio": 0.1911196911, "eps": 4.53, "epsdiluted": 4.47, "weightedAverageShsOut": 407856000, "weightedAverageShsOutDil": 413638000, "link": "https://www.sec.gov/Archives/edgar/data/93751/000009375116000446/0000093751-16-000446-index.html", "finalLink": "https://www.sec.gov/Archives/edgar/data/93751/000009375116000446/stt-20151231_10k.htm", "calculatedOtherExpenses": 2614000000, "calculatedOperatingExpenses": 6675000000, "calculatedNetInterest": 2088000000, "calculatedOtherIncome": -2488000000, "calculatedIncomeNonControlling": 0, "calculatedEbitda": 3491000000}, {"date": "2014-12-31", "symbol": "STT", "reportedCurrency": "USD", "cik": "0000093751", "fillingDate": "2015-02-20", "acceptedDate": "2015-02-20 17:25:20", "calendarYear": "2014", "period": "FY", "revenue": 10295000000, "costOfRevenue": 784000000, "grossProfit": 9511000000, "grossProfitRatio": 0.9238465274, "researchAndDevelopmentExpenses": 0, "generalAndAdministrativeExpenses": 4060000000, "sellingAndMarketingExpenses": 0, "sellingGeneralAndAdministrativeExpenses": 4060000000, "otherExpenses": 4036000000, "operatingExpenses": 8096000000, "costAndExpenses": 8880000000, "interestIncome": 2652000000, "interestExpense": 392000000, "depreciationAndAmortization": 699000000, "ebitda": 3549000000, "ebitdaratio": 0.3447304517, "operatingIncome": 2850000000, "operatingIncomeRatio": 0.2768334143, "totalOtherIncomeExpensesNet": -327000000, "incomeBeforeTax": 2523000000, "incomeBeforeTaxRatio": 0.2450704225, "incomeTaxExpense": 434000000, "netIncome": 2089000000, "netIncomeRatio": 0.2029140359, "eps": 4.77, "epsdiluted": 4.69, "weightedAverageShsOut": 424223000, "weightedAverageShsOutDil": 432007000, "link": "https://www.sec.gov/Archives/edgar/data/93751/000009375115000042/stt-20141231_10k.htm", "finalLink": "https://www.sec.gov/Archives/edgar/data/93751/000009375115000042/stt-20141231_10k.htm", "calculatedOtherExpenses": 2601000000, "calculatedOperatingExpenses": 6661000000, "calculatedNetInterest": 2260000000, "calculatedOtherIncome": -2587000000, "calculatedIncomeNonControlling": 0, "calculatedEbitda": 3549000000}, {"date": "2013-12-31", "symbol": "STT", "reportedCurrency": "USD", "cik": "0000093751", "fillingDate": "2014-02-21", "acceptedDate": "2014-02-21 17:08:29", "calendarYear": "2013", "period": "FY", "revenue": 9884000000, "costOfRevenue": 733000000, "grossProfit": 9151000000, "grossProfitRatio": 0.925839741, "researchAndDevelopmentExpenses": 0, "generalAndAdministrativeExpenses": 3800000000, "sellingAndMarketingExpenses": 0, "sellingGeneralAndAdministrativeExpenses": 3800000000, "otherExpenses": 3705000000, "operatingExpenses": 7505000000, "costAndExpenses": 8238000000, "interestIncome": 2714000000, "interestExpense": 411000000, "depreciationAndAmortization": 675000000, "ebitda": 3772000000, "ebitdaratio": 0.3816268717, "operatingIncome": 3097000000, "operatingIncomeRatio": 0.3133346823, "totalOtherIncomeExpensesNet": -411000000, "incomeBeforeTax": 2686000000, "incomeBeforeTaxRatio": 0.271752327, "incomeTaxExpense": 550000000, "netIncome": 2136000000, "netIncomeRatio": 0.2161068393, "eps": 4.71, "epsdiluted": 4.62, "weightedAverageShsOut": 446245000, "weightedAverageShsOutDil": 455155000, "link": "https://www.sec.gov/Archives/edgar/data/93751/000009375114000040/stt-20131231_10k.htm", "finalLink": "https://www.sec.gov/Archives/edgar/data/93751/000009375114000040/stt-20131231_10k.htm", "calculatedOtherExpenses": 2254000000, "calculatedOperatingExpenses": 6054000000, "calculatedNetInterest": 2303000000, "calculatedOtherIncome": -2714000000, "calculatedIncomeNonControlling": 0, "calculatedEbitda": 3772000000}, {"date": "2012-12-31", "symbol": "STT", "reportedCurrency": "USD", "cik": "0000093751", "fillingDate": "2013-02-22", "acceptedDate": "2013-02-22 16:13:53", "calendarYear": "2012", "period": "FY", "revenue": 9649000000, "costOfRevenue": 702000000, "grossProfit": 8947000000, "grossProfitRatio": 0.9272463468, "researchAndDevelopmentExpenses": 0, "generalAndAdministrativeExpenses": 3837000000, "sellingAndMarketingExpenses": 0, "sellingGeneralAndAdministrativeExpenses": 3837000000, "otherExpenses": 3297000000, "operatingExpenses": 7134000000, "costAndExpenses": 7836000000, "interestIncome": 3014000000, "interestExpense": 476000000, "depreciationAndAmortization": 456000000, "ebitda": 3698000000, "ebitdaratio": 0.3832521505, "operatingIncome": 3242000000, "operatingIncomeRatio": 0.3359933672, "totalOtherIncomeExpensesNet": -476000000, "incomeBeforeTax": 2766000000, "incomeBeforeTaxRatio": 0.2866618302, "incomeTaxExpense": 705000000, "netIncome": 2061000000, "netIncomeRatio": 0.213597264, "eps": 4.25, "epsdiluted": 4.2, "weightedAverageShsOut": 474458000, "weightedAverageShsOutDil": 481129000, "link": "https://www.sec.gov/Archives/edgar/data/93751/000009375113000040/0000093751-13-000040-index.html", "finalLink": "https://www.sec.gov/Archives/edgar/data/93751/000009375113000040/stt-20121231_10k.htm", "calculatedOtherExpenses": 1868000000, "calculatedOperatingExpenses": 5705000000, "calculatedNetInterest": 2538000000, "calculatedOtherIncome": -3014000000, "calculatedIncomeNonControlling": 0, "calculatedEbitda": 3698000000}, {"date": "2011-12-31", "symbol": "STT", "reportedCurrency": "USD", "cik": "0000093751", "fillingDate": "2012-02-27", "acceptedDate": "2012-02-27 06:22:22", "calendarYear": "2011", "period": "FY", "revenue": 9717000000, "costOfRevenue": -67000000, "grossProfit": 9784000000, "grossProfitRatio": 1.0068951322, "researchAndDevelopmentExpenses": 0, "generalAndAdministrativeExpenses": 5328000000, "sellingAndMarketingExpenses": 0, "sellingGeneralAndAdministrativeExpenses": 5328000000, "otherExpenses": 123000000, "operatingExpenses": 7402000000, "costAndExpenses": 7335000000, "interestIncome": 2946000000, "interestExpense": 613000000, "depreciationAndAmortization": 380000000, "ebitda": 3529000000, "ebitdaratio": 0.3631779356, "operatingIncome": 3149000000, "operatingIncomeRatio": 0.3240712154, "totalOtherIncomeExpensesNet": -613000000, "incomeBeforeTax": 2536000000, "incomeBeforeTaxRatio": 0.260985901, "incomeTaxExpense": 616000000, "netIncome": 1920000000, "netIncomeRatio": 0.1975918493, "eps": 3.82, "epsdiluted": 3.79, "weightedAverageShsOut": 492598000, "weightedAverageShsOutDil": 496072000, "link": "https://www.sec.gov/Archives/edgar/data/93751/000119312512079737/0001193125-12-079737-index.htm", "finalLink": "https://www.sec.gov/Archives/edgar/data/93751/000119312512079737/d262731d10k.htm", "calculatedOtherExpenses": 1307000000, "calculatedOperatingExpenses": 6635000000, "calculatedNetInterest": 2333000000, "calculatedOtherIncome": -2946000000, "calculatedIncomeNonControlling": 0, "calculatedEbitda": 3529000000}, {"date": "2010-12-31", "symbol": "STT", "reportedCurrency": "USD", "cik": "0000093751", "fillingDate": "2011-02-28", "acceptedDate": "2011-02-25 21:46:16", "calendarYear": "2010", "period": "FY", "revenue": 8953000000, "costOfRevenue": -651000000, "grossProfit": 9604000000, "grossProfitRatio": 1.0727130571, "researchAndDevelopmentExpenses": 0, "generalAndAdministrativeExpenses": 3524000000, "sellingAndMarketingExpenses": 0, "sellingGeneralAndAdministrativeExpenses": 3524000000, "otherExpenses": 651000000, "operatingExpenses": 7378000000, "costAndExpenses": 6727000000, "interestIncome": 3462000000, "interestExpense": 763000000, "depreciationAndAmortization": -230000000, "ebitda": 2619000000, "ebitdaratio": 0.2925276444, "operatingIncome": 2849000000, "operatingIncomeRatio": 0.3182173573, "totalOtherIncomeExpensesNet": -763000000, "incomeBeforeTax": 2086000000, "incomeBeforeTaxRatio": 0.232994527, "incomeTaxExpense": 530000000, "netIncome": 1556000000, "netIncomeRatio": 0.1737964928, "eps": 3.11, "epsdiluted": 3.09, "weightedAverageShsOut": 495394000, "weightedAverageShsOutDil": 497924000, "link": "https://www.sec.gov/Archives/edgar/data/93751/000119312511047982/d10k.htm", "finalLink": "https://www.sec.gov/Archives/edgar/data/93751/000119312511047982/d10k.htm", "calculatedOtherExpenses": 3231000000, "calculatedOperatingExpenses": 6755000000, "calculatedNetInterest": 2699000000, "calculatedOtherIncome": -3462000000, "calculatedIncomeNonControlling": 0, "calculatedEbitda": 2619000000}, {"date": "2009-12-31", "symbol": "STT", "reportedCurrency": "USD", "cik": "0000093751", "fillingDate": "2010-02-22", "acceptedDate": "2010-02-22 17:15:24", "calendarYear": "2009", "period": "FY", "revenue": 8867000000, "costOfRevenue": 0, "grossProfit": 8867000000, "grossProfitRatio": 1, "researchAndDevelopmentExpenses": 0, "generalAndAdministrativeExpenses": 5917000000, "sellingAndMarketingExpenses": 0, "sellingGeneralAndAdministrativeExpenses": 5917000000, "otherExpenses": 227000000, "operatingExpenses": 6538000000, "costAndExpenses": 6538000000, "interestIncome": 2564000000, "interestExpense": 722000000, "depreciationAndAmortization": -2284000000, "ebitda": -2721000000, "ebitdaratio": -0.3068681629, "operatingIncome": -437000000, "operatingIncomeRatio": -0.0492838615, "totalOtherIncomeExpensesNet": 2962000000, "incomeBeforeTax": 2525000000, "incomeBeforeTaxRatio": 0.2847637307, "incomeTaxExpense": 722000000, "netIncome": -2044000000, "netIncomeRatio": -0.2305176497, "eps": -4.42, "epsdiluted": -4.31, "weightedAverageShsOut": 462900000, "weightedAverageShsOutDil": 474003000, "link": "https://www.sec.gov/Archives/edgar/data/93751/000119312510036481/0001193125-10-036481-index.html", "finalLink": "https://www.sec.gov/Archives/edgar/data/93751/000119312510036481/d10k.htm", "calculatedOtherExpenses": 3387000000, "calculatedOperatingExpenses": 9304000000, "calculatedNetInterest": 1842000000, "calculatedOtherIncome": 1120000000, "calculatedIncomeNonControlling": 3847000000, "calculatedEbitda": -2721000000}, {"date": "2008-12-31", "symbol": "STT", "reportedCurrency": "USD", "cik": "0000093751", "fillingDate": "2009-02-27", "acceptedDate": "2009-02-27 17:08:32", "calendarYear": "2008", "period": "FY", "revenue": 9693000000, "costOfRevenue": 0, "grossProfit": 9693000000, "grossProfitRatio": 1, "researchAndDevelopmentExpenses": 0, "generalAndAdministrativeExpenses": 3842000000, "sellingAndMarketingExpenses": 0, "sellingGeneralAndAdministrativeExpenses": 3842000000, "otherExpenses": 5817000000, "operatingExpenses": 9659000000, "costAndExpenses": 8659000000, "interestIncome": 4879000000, "interestExpense": 2229000000, "depreciationAndAmortization": -282000000, "ebitda": 4789000000, "ebitdaratio": 0.494067884, "operatingIncome": 5071000000, "operatingIncomeRatio": 0.5231610441, "totalOtherIncomeExpensesNet": -2229000000, "incomeBeforeTax": 2842000000, "incomeBeforeTaxRatio": 0.2932012793, "incomeTaxExpense": 1031000000, "netIncome": 1811000000, "netIncomeRatio": 0.1868358609, "eps": 4.32, "epsdiluted": 4.3, "weightedAverageShsOut": 413182000, "weightedAverageShsOutDil": 416100000, "link": "https://www.sec.gov/Archives/edgar/data/93751/000119312509041171/0001193125-09-041171-index.html", "finalLink": "https://www.sec.gov/Archives/edgar/data/93751/000119312509041171/d10k.htm", "calculatedOtherExpenses": 780000000, "calculatedOperatingExpenses": 4622000000, "calculatedNetInterest": 2650000000, "calculatedOtherIncome": -4879000000, "calculatedIncomeNonControlling": 0, "calculatedEbitda": 4789000000}, {"date": "2007-12-31", "symbol": "STT", "reportedCurrency": "USD", "cik": "0000093751", "fillingDate": "2008-02-15", "acceptedDate": "2008-02-15 17:19:16", "calendarYear": "2007", "period": "FY", "revenue": 8336000000, "costOfRevenue": 0, "grossProfit": 8336000000, "grossProfitRatio": 1, "researchAndDevelopmentExpenses": 0, "generalAndAdministrativeExpenses": 3256000000, "sellingAndMarketingExpenses": 0, "sellingGeneralAndAdministrativeExpenses": 3256000000, "otherExpenses": 5861000000, "operatingExpenses": 9117000000, "costAndExpenses": 9117000000, "interestIncome": 5212000000, "interestExpense": 3482000000, "depreciationAndAmortization": 130000000, "ebitda": 5515000000, "ebitdaratio": 0.6615882917, "operatingIncome": 5385000000, "operatingIncomeRatio": 0.6459932821, "totalOtherIncomeExpensesNet": -3482000000, "incomeBeforeTax": 1903000000, "incomeBeforeTaxRatio": 0.2282869482, "incomeTaxExpense": 642000000, "netIncome": 1261000000, "netIncomeRatio": 0.1512715931, "eps": 3.49, "epsdiluted": 3.45, "weightedAverageShsOut": 360675000, "weightedAverageShsOutDil": 365488000, "link": "https://www.sec.gov/Archives/edgar/data/93751/000104746908001447/a2182320z10-k.htm", "finalLink": "https://www.sec.gov/Archives/edgar/data/93751/000104746908001447/a2182320z10-k.htm", "calculatedOtherExpenses": -305000000, "calculatedOperatingExpenses": 2951000000, "calculatedNetInterest": 1730000000, "calculatedOtherIncome": -5212000000, "calculatedIncomeNonControlling": 0, "calculatedEbitda": 5515000000}, {"date": "2006-12-31", "symbol": "STT", "reportedCurrency": "USD", "cik": "0000093751", "fillingDate": "2007-02-20", "acceptedDate": "2007-02-16 20:37:20", "calendarYear": "2006", "period": "FY", "revenue": 6311000000, "costOfRevenue": 0, "grossProfit": 6311000000, "grossProfitRatio": 1, "researchAndDevelopmentExpenses": 0, "generalAndAdministrativeExpenses": 2652000000, "sellingAndMarketingExpenses": 0, "sellingGeneralAndAdministrativeExpenses": 2652000000, "otherExpenses": 5102000000, "operatingExpenses": 7754000000, "costAndExpenses": 7754000000, "interestIncome": 4324000000, "interestExpense": 3214000000, "depreciationAndAmortization": 385000000, "ebitda": 5380000000, "ebitdaratio": 0.8524797972, "operatingIncome": 4995000000, "operatingIncomeRatio": 0.791475202, "totalOtherIncomeExpensesNet": -3224000000, "incomeBeforeTax": 1771000000, "incomeBeforeTaxRatio": 0.2806211377, "incomeTaxExpense": 675000000, "netIncome": 1106000000, "netIncomeRatio": 0.1752495643, "eps": 3.34, "epsdiluted": 3.29, "weightedAverageShsOut": 331350000, "weightedAverageShsOutDil": 335732000, "link": "https://www.sec.gov/Archives/edgar/data/93751/000110465907012016/a07-2771_110k.htm", "finalLink": "https://www.sec.gov/Archives/edgar/data/93751/000110465907012016/a07-2771_110k.htm", "calculatedOtherExpenses": -1336000000, "calculatedOperatingExpenses": 1316000000, "calculatedNetInterest": 1110000000, "calculatedOtherIncome": -4334000000, "calculatedIncomeNonControlling": -10000000, "calculatedEbitda": 5380000000}, {"date": "2005-12-31", "symbol": "STT", "reportedCurrency": "USD", "cik": "0000093751", "fillingDate": "2006-02-21", "acceptedDate": "2006-02-21 16:15:40", "calendarYear": "2005", "period": "FY", "revenue": 5473000000, "costOfRevenue": 0, "grossProfit": 5473000000, "grossProfitRatio": 1, "researchAndDevelopmentExpenses": 0, "generalAndAdministrativeExpenses": 2231000000, "sellingAndMarketingExpenses": 0, "sellingGeneralAndAdministrativeExpenses": 2231000000, "otherExpenses": 3833000000, "operatingExpenses": 6064000000, "costAndExpenses": 6064000000, "interestIncome": 2930000000, "interestExpense": 2023000000, "depreciationAndAmortization": 499000000, "ebitda": 3731000000, "ebitdaratio": 0.6817102138, "operatingIncome": 3232000000, "operatingIncomeRatio": 0.5905353554, "totalOtherIncomeExpensesNet": -1800000000, "incomeBeforeTax": 1432000000, "incomeBeforeTaxRatio": 0.2616480906, "incomeTaxExpense": 487000000, "netIncome": 722000000, "netIncomeRatio": 0.1319203362, "eps": 2.53, "epsdiluted": 2.5, "weightedAverageShsOut": 330361000, "weightedAverageShsOutDil": 334636000, "link": "https://www.sec.gov/Archives/edgar/data/93751/000114544306000351/d18466_10-k.htm", "finalLink": "https://www.sec.gov/Archives/edgar/data/93751/000114544306000351/d18466_10-k.htm", "calculatedOtherExpenses": 10000000, "calculatedOperatingExpenses": 2241000000, "calculatedNetInterest": 907000000, "calculatedOtherIncome": -2707000000, "calculatedIncomeNonControlling": 223000000, "calculatedEbitda": 3731000000}, {"date": "2004-12-31", "symbol": "STT", "reportedCurrency": "USD", "cik": "0000093751", "fillingDate": "2005-02-18", "acceptedDate": "2005-02-18 17:00:47", "calendarYear": "2004", "period": "FY", "revenue": 4933000000, "costOfRevenue": 0, "grossProfit": 4933000000, "grossProfitRatio": 1, "researchAndDevelopmentExpenses": 0, "generalAndAdministrativeExpenses": 1957000000, "sellingAndMarketingExpenses": 62000000, "sellingGeneralAndAdministrativeExpenses": 2019000000, "otherExpenses": -4832000000, "operatingExpenses": -2813000000, "costAndExpenses": -2813000000, "interestIncome": 1787000000, "interestExpense": 928000000, "depreciationAndAmortization": 639000000, "ebitda": 2759000000, "ebitdaratio": 0.5592945469, "operatingIncome": 2120000000, "operatingIncomeRatio": 0.4297587675, "totalOtherIncomeExpensesNet": -928000000, "incomeBeforeTax": 1192000000, "incomeBeforeTaxRatio": 0.2416379485, "incomeTaxExpense": 394000000, "netIncome": 798000000, "netIncomeRatio": 0.161767687, "eps": 2.38, "epsdiluted": 2.35, "weightedAverageShsOut": 334606000, "weightedAverageShsOutDil": 339605000, "link": "https://www.sec.gov/Archives/edgar/data/93751/000114544305000253/d16051.htm", "finalLink": "https://www.sec.gov/Archives/edgar/data/93751/000114544305000253/d16051.htm", "calculatedOtherExpenses": 794000000, "calculatedOperatingExpenses": 2813000000, "calculatedNetInterest": 859000000, "calculatedOtherIncome": -1787000000, "calculatedIncomeNonControlling": 0, "calculatedEbitda": 2759000000}, {"date": "2003-12-31", "symbol": "STT", "reportedCurrency": "USD", "cik": "0000093751", "fillingDate": "2004-02-24", "acceptedDate": "2004-02-24 12:50:32", "calendarYear": "2003", "period": "FY", "revenue": 4734000000, "costOfRevenue": 0, "grossProfit": 4734000000, "grossProfitRatio": 1, "researchAndDevelopmentExpenses": 0, "generalAndAdministrativeExpenses": 1731000000, "sellingAndMarketingExpenses": 0, "sellingGeneralAndAdministrativeExpenses": 1731000000, "otherExpenses": -4624000000, "operatingExpenses": -2893000000, "costAndExpenses": -2893000000, "interestIncome": 1539000000, "interestExpense": 729000000, "depreciationAndAmortization": 701000000, "ebitda": 2542000000, "ebitdaratio": 0.5369666244, "operatingIncome": 1841000000, "operatingIncomeRatio": 0.3888888889, "totalOtherIncomeExpensesNet": -729000000, "incomeBeforeTax": 1112000000, "incomeBeforeTaxRatio": 0.2348964935, "incomeTaxExpense": 390000000, "netIncome": 722000000, "netIncomeRatio": 0.1525137305, "eps": 2.18, "epsdiluted": 2.15, "weightedAverageShsOut": 331692000, "weightedAverageShsOutDil": 335326000, "link": "https://www.sec.gov/Archives/edgar/data/93751/000114544304000171/d13865.htm", "finalLink": "https://www.sec.gov/Archives/edgar/data/93751/000114544304000171/d13865.htm", "calculatedOtherExpenses": 1162000000, "calculatedOperatingExpenses": 2893000000, "calculatedNetInterest": 810000000, "calculatedOtherIncome": -1539000000, "calculatedIncomeNonControlling": 0, "calculatedEbitda": 2542000000}, {"date": "2002-12-31", "symbol": "STT", "reportedCurrency": "USD", "cik": "0000093751", "fillingDate": "2003-02-21", "acceptedDate": "2003-02-21 17:27:51", "calendarYear": "2002", "period": "FY", "revenue": 4400000000, "costOfRevenue": 0, "grossProfit": 4400000000, "grossProfitRatio": 1, "researchAndDevelopmentExpenses": 0, "generalAndAdministrativeExpenses": 1670000000, "sellingAndMarketingExpenses": 0, "sellingGeneralAndAdministrativeExpenses": 1670000000, "otherExpenses": -3520000000, "operatingExpenses": -1850000000, "costAndExpenses": -1850000000, "interestIncome": 1974000000, "interestExpense": 995000000, "depreciationAndAmortization": 688000000, "ebitda": 3238000000, "ebitdaratio": 0.7359090909, "operatingIncome": 2550000000, "operatingIncomeRatio": 0.5795454545, "totalOtherIncomeExpensesNet": -995000000, "incomeBeforeTax": 1555000000, "incomeBeforeTaxRatio": 0.3534090909, "incomeTaxExpense": 540000000, "netIncome": 1015000000, "netIncomeRatio": 0.2306818182, "eps": 3.14, "epsdiluted": 3.1, "weightedAverageShsOut": 323520000, "weightedAverageShsOutDil": 327477000, "link": "https://www.sec.gov/Archives/edgar/data/93751/000114544303000208/d11805-10k.htm", "finalLink": "https://www.sec.gov/Archives/edgar/data/93751/000114544303000208/d11805-10k.htm", "calculatedOtherExpenses": 180000000, "calculatedOperatingExpenses": 1850000000, "calculatedNetInterest": 979000000, "calculatedOtherIncome": -1974000000, "calculatedIncomeNonControlling": 0, "calculatedEbitda": 3238000000}, {"date": "2001-12-31", "symbol": "STT", "reportedCurrency": "USD", "cik": "0000093751", "fillingDate": "2002-02-22", "acceptedDate": "2002-02-22 00:00:00", "calendarYear": "2001", "period": "FY", "revenue": 3807000000, "costOfRevenue": 0, "grossProfit": 3807000000, "grossProfitRatio": 1, "researchAndDevelopmentExpenses": 0, "generalAndAdministrativeExpenses": 1663000000, "sellingAndMarketingExpenses": 57000000, "sellingGeneralAndAdministrativeExpenses": 1720000000, "otherExpenses": -2767000000, "operatingExpenses": -1047000000, "costAndExpenses": -1047000000, "interestIncome": 2855000000, "interestExpense": 1830000000, "depreciationAndAmortization": 398000000, "ebitda": 3158000000, "ebitdaratio": 0.82952456, "operatingIncome": 2760000000, "operatingIncomeRatio": 0.7249802994, "totalOtherIncomeExpensesNet": -1830000000, "incomeBeforeTax": 930000000, "incomeBeforeTaxRatio": 0.24428684, "incomeTaxExpense": 302000000, "netIncome": 628000000, "netIncomeRatio": 0.1649592855, "eps": 1.94, "epsdiluted": 1.9, "weightedAverageShsOut": 325030000, "weightedAverageShsOutDil": 330492000, "link": "https://www.sec.gov/Archives/edgar/data/93751/000114544302000006/d10-k.htm", "finalLink": "https://www.sec.gov/Archives/edgar/data/93751/000114544302000006/d10-k.htm", "calculatedOtherExpenses": -673000000, "calculatedOperatingExpenses": 1047000000, "calculatedNetInterest": 1025000000, "calculatedOtherIncome": -2855000000, "calculatedIncomeNonControlling": 0, "calculatedEbitda": 3158000000}, {"date": "2000-12-31", "symbol": "STT", "reportedCurrency": "USD", "cik": "0000093751", "fillingDate": "2001-02-16", "acceptedDate": "2001-02-16 00:00:00", "calendarYear": "2000", "period": "FY", "revenue": 3559000000, "costOfRevenue": 0, "grossProfit": 3559000000, "grossProfitRatio": 1, "researchAndDevelopmentExpenses": 0, "generalAndAdministrativeExpenses": 1524000000, "sellingAndMarketingExpenses": 60000000, "sellingGeneralAndAdministrativeExpenses": 1584000000, "otherExpenses": -1875000000, "operatingExpenses": -291000000, "costAndExpenses": -291000000, "interestIncome": 3256000000, "interestExpense": 2362000000, "depreciationAndAmortization": 374000000, "ebitda": 3642000000, "ebitdaratio": 1.0233211576, "operatingIncome": 3268000000, "operatingIncomeRatio": 0.9182354594, "totalOtherIncomeExpensesNet": -2362000000, "incomeBeforeTax": 906000000, "incomeBeforeTaxRatio": 0.2545658893, "incomeTaxExpense": 311000000, "netIncome": 595000000, "netIncomeRatio": 0.1671817926, "eps": 1.85, "epsdiluted": 1.82, "weightedAverageShsOut": 321678000, "weightedAverageShsOutDil": 328088000, "link": "https://www.sec.gov/Archives/edgar/data/93751/000091205701006183/0000912057-01-006183-index.htm", "finalLink": "https://www.sec.gov/Archives/edgar/data/93751/000091205701006183/a2039156z10-k405.txt", "calculatedOtherExpenses": -1293000000, "calculatedOperatingExpenses": 291000000, "calculatedNetInterest": 894000000, "calculatedOtherIncome": -3256000000, "calculatedIncomeNonControlling": 0, "calculatedEbitda": 3642000000}, {"date": "1999-12-31", "symbol": "STT", "reportedCurrency": "USD", "cik": "0000093751", "fillingDate": "2000-03-30", "acceptedDate": "2000-03-30 00:00:00", "calendarYear": "1999", "period": "FY", "revenue": 3036000000, "costOfRevenue": 0, "grossProfit": 3036000000, "grossProfitRatio": 1, "researchAndDevelopmentExpenses": 0, "generalAndAdministrativeExpenses": 1313000000, "sellingAndMarketingExpenses": 53000000, "sellingGeneralAndAdministrativeExpenses": 1366000000, "otherExpenses": -1778000000, "operatingExpenses": -412000000, "costAndExpenses": -412000000, "interestIncome": 2437000000, "interestExpense": 1656000000, "depreciationAndAmortization": 327000000, "ebitda": 2951000000, "ebitdaratio": 0.972002635, "operatingIncome": 2624000000, "operatingIncomeRatio": 0.8642951252, "totalOtherIncomeExpensesNet": -1656000000, "incomeBeforeTax": 968000000, "incomeBeforeTaxRatio": 0.3188405797, "incomeTaxExpense": 349000000, "netIncome": 619000000, "netIncomeRatio": 0.203886693, "eps": 1.93, "epsdiluted": 1.89, "weightedAverageShsOut": 321320000, "weightedAverageShsOutDil": 327502000, "link": "https://www.sec.gov/Archives/edgar/data/93751/000095014600000336/0000950146-00-000336-index.htm", "finalLink": "https://www.sec.gov/Archives/edgar/data/93751/000095014600000336/", "calculatedOtherExpenses": -954000000, "calculatedOperatingExpenses": 412000000, "calculatedNetInterest": 781000000, "calculatedOtherIncome": -2437000000, "calculatedIncomeNonControlling": 0, "calculatedEbitda": 2951000000}, {"date": "1998-12-31", "symbol": "STT", "reportedCurrency": "USD", "cik": "0000093751", "fillingDate": "1999-03-23", "acceptedDate": "1999-03-23 00:00:00", "calendarYear": "1998", "period": "FY", "revenue": 2742000000, "costOfRevenue": 0, "grossProfit": 2742000000, "grossProfitRatio": 1, "researchAndDevelopmentExpenses": 0, "generalAndAdministrativeExpenses": 1175000000, "sellingAndMarketingExpenses": 60000000, "sellingGeneralAndAdministrativeExpenses": 1235000000, "otherExpenses": -1828000000, "operatingExpenses": -593000000, "costAndExpenses": -593000000, "interestIncome": 2237000000, "interestExpense": 1492000000, "depreciationAndAmortization": 328000000, "ebitda": 2477000000, "ebitdaratio": 0.9033552152, "operatingIncome": 2149000000, "operatingIncomeRatio": 0.7837345004, "totalOtherIncomeExpensesNet": -1492000000, "incomeBeforeTax": 657000000, "incomeBeforeTaxRatio": 0.2396061269, "incomeTaxExpense": 221000000, "netIncome": 436000000, "netIncomeRatio": 0.1590080233, "eps": 1.36, "epsdiluted": 1.33, "weightedAverageShsOut": 321874000, "weightedAverageShsOutDil": 327854000, "link": "https://www.sec.gov/Archives/edgar/data/93751/000095014699000551/0000950146-99-000551-index.htm", "finalLink": "https://www.sec.gov/Archives/edgar/data/93751/0000950146-99-000551.txt", "calculatedOtherExpenses": -642000000, "calculatedOperatingExpenses": 593000000, "calculatedNetInterest": 745000000, "calculatedOtherIncome": -2237000000, "calculatedIncomeNonControlling": 0, "calculatedEbitda": 2477000000}, {"date": "1997-12-31", "symbol": "STT", "reportedCurrency": "USD", "cik": "0000093751", "fillingDate": "1998-03-26", "acceptedDate": "1998-03-26 00:00:00", "calendarYear": "1997", "period": "FY", "revenue": 2314000000, "costOfRevenue": 0, "grossProfit": 2314000000, "grossProfitRatio": 1, "researchAndDevelopmentExpenses": 0, "generalAndAdministrativeExpenses": 973000000, "sellingAndMarketingExpenses": 48000000, "sellingGeneralAndAdministrativeExpenses": 1021000000, "otherExpenses": -1657000000, "operatingExpenses": -636000000, "costAndExpenses": -636000000, "interestIncome": 1755000000, "interestExpense": 1114000000, "depreciationAndAmortization": 255000000, "ebitda": 1933000000, "ebitdaratio": 0.8353500432, "operatingIncome": 1678000000, "operatingIncomeRatio": 0.7251512532, "totalOtherIncomeExpensesNet": -1114000000, "incomeBeforeTax": 564000000, "incomeBeforeTaxRatio": 0.2437337943, "incomeTaxExpense": 184000000, "netIncome": 380000000, "netIncomeRatio": 0.1642178047, "eps": 1.19, "epsdiluted": 1.16, "weightedAverageShsOut": 321324000, "weightedAverageShsOutDil": 327578000, "link": "https://www.sec.gov/Archives/edgar/data/93751/000095015698000287/0000950156-98-000287-index.htm", "finalLink": "https://www.sec.gov/Archives/edgar/data/93751/0000950156-98-000287.txt", "calculatedOtherExpenses": -385000000, "calculatedOperatingExpenses": 636000000, "calculatedNetInterest": 641000000, "calculatedOtherIncome": -1755000000, "calculatedIncomeNonControlling": 0, "calculatedEbitda": 1933000000}, {"date": "1996-12-31", "symbol": "STT", "reportedCurrency": "USD", "cik": "0000093751", "fillingDate": "1997-03-26", "acceptedDate": "1997-03-26 00:00:00", "calendarYear": "1996", "period": "FY", "revenue": 1853000000, "costOfRevenue": 0, "grossProfit": 1853000000, "grossProfitRatio": 1, "researchAndDevelopmentExpenses": 0, "generalAndAdministrativeExpenses": 775000000, "sellingAndMarketingExpenses": 34000000, "sellingGeneralAndAdministrativeExpenses": 809000000, "otherExpenses": -1323000000, "operatingExpenses": -514000000, "costAndExpenses": -514000000, "interestIncome": 1443000000, "interestExpense": 892000000, "depreciationAndAmortization": 213000000, "ebitda": 1552000000, "ebitdaratio": 0.8375607124, "operatingIncome": 1339000000, "operatingIncomeRatio": 0.7226119806, "totalOtherIncomeExpensesNet": -892000000, "incomeBeforeTax": 447000000, "incomeBeforeTaxRatio": 0.2412304371, "incomeTaxExpense": 154000000, "netIncome": 293000000, "netIncomeRatio": 0.1581219644, "eps": 0.9, "epsdiluted": 0.89, "weightedAverageShsOut": 326532000, "weightedAverageShsOutDil": 329244000, "link": "https://www.sec.gov/Archives/edgar/data/93751/000095015697000348/0000950156-97-000348-index.htm", "finalLink": "https://www.sec.gov/Archives/edgar/data/93751/0000950156-97-000348.txt", "calculatedOtherExpenses": -295000000, "calculatedOperatingExpenses": 514000000, "calculatedNetInterest": 551000000, "calculatedOtherIncome": -1443000000, "calculatedIncomeNonControlling": 0, "calculatedEbitda": 1552000000}, {"date": "1995-12-31", "symbol": "STT", "reportedCurrency": "USD", "cik": "0000093751", "fillingDate": "1996-03-27", "acceptedDate": "1996-03-27 00:00:00", "calendarYear": "1995", "period": "FY", "revenue": 1548500000, "costOfRevenue": 0, "grossProfit": 1548500000, "grossProfitRatio": 1, "researchAndDevelopmentExpenses": 0, "generalAndAdministrativeExpenses": 650600000, "sellingAndMarketingExpenses": 0, "sellingGeneralAndAdministrativeExpenses": 650600000, "otherExpenses": -925400000, "operatingExpenses": -274800000, "costAndExpenses": -274800000, "interestIncome": 1336600000, "interestExpense": 907200000, "depreciationAndAmortization": 131800000, "ebitda": 1405500000, "ebitdaratio": 0.907652567, "operatingIncome": 1273700000, "operatingIncomeRatio": 0.8225379399, "totalOtherIncomeExpensesNet": -907200000, "incomeBeforeTax": 366500000, "incomeBeforeTaxRatio": 0.2366806587, "incomeTaxExpense": 119400000, "netIncome": 247100000, "netIncomeRatio": 0.1595737811, "eps": 0.75, "epsdiluted": 0.74, "weightedAverageShsOut": 332232000, "weightedAverageShsOutDil": 335372000, "link": "https://www.sec.gov/Archives/edgar/data/93751/000095015696000321/0000950156-96-000321-index.htm", "finalLink": "https://www.sec.gov/Archives/edgar/data/93751/0000950156-96-000321.txt", "calculatedOtherExpenses": -375800000, "calculatedOperatingExpenses": 274800000, "calculatedNetInterest": 429400000, "calculatedOtherIncome": -1336600000, "calculatedIncomeNonControlling": 0, "calculatedEbitda": 1405500000}, {"date": "1994-12-31", "symbol": "STT", "reportedCurrency": "USD", "cik": "0000093751", "fillingDate": "1995-03-29", "acceptedDate": "1995-03-29 00:00:00", "calendarYear": "1994", "period": "FY", "revenue": 1348200000, "costOfRevenue": 0, "grossProfit": 1348200000, "grossProfitRatio": 1, "researchAndDevelopmentExpenses": 0, "generalAndAdministrativeExpenses": 571100000, "sellingAndMarketingExpenses": 0, "sellingGeneralAndAdministrativeExpenses": 571100000, "otherExpenses": -1061600000, "operatingExpenses": -490500000, "costAndExpenses": -490500000, "interestIncome": 904700000, "interestExpense": 537500000, "depreciationAndAmortization": 0, "ebitda": 857700000, "ebitdaratio": 0.6361815754, "operatingIncome": 857700000, "operatingIncomeRatio": 0.6361815754, "totalOtherIncomeExpensesNet": -537500000, "incomeBeforeTax": 320200000, "incomeBeforeTaxRatio": 0.2375018543, "incomeTaxExpense": 112800000, "netIncome": 207400000, "netIncomeRatio": 0.1538347426, "eps": 0.67, "epsdiluted": 0.66, "weightedAverageShsOut": 331292000, "weightedAverageShsOutDil": 333816000, "link": "https://www.sec.gov/Archives/edgar/data/93751/000095015695000201/0000950156-95-000201-index.htm", "finalLink": "https://www.sec.gov/Archives/edgar/data/93751/0000950156-95-000201.txt", "calculatedOtherExpenses": -80600000, "calculatedOperatingExpenses": 490500000, "calculatedNetInterest": 367200000, "calculatedOtherIncome": -904700000, "calculatedIncomeNonControlling": 0, "calculatedEbitda": 857700000}, {"date": "1993-12-31", "symbol": "STT", "reportedCurrency": "USD", "cik": "0000093751", "fillingDate": "1994-03-30", "acceptedDate": "1994-03-30 00:00:00", "calendarYear": "1993", "period": "FY", "revenue": 1151000000, "costOfRevenue": 0, "grossProfit": 1151000000, "grossProfitRatio": 1, "researchAndDevelopmentExpenses": 0, "generalAndAdministrativeExpenses": 479200000, "sellingAndMarketingExpenses": 0, "sellingGeneralAndAdministrativeExpenses": 479200000, "otherExpenses": -971500000, "operatingExpenses": -492300000, "costAndExpenses": -492300000, "interestIncome": 698900000, "interestExpense": 381300000, "depreciationAndAmortization": 0, "ebitda": 658700000, "ebitdaratio": 0.5722849696, "operatingIncome": 658700000, "operatingIncomeRatio": 0.5722849696, "totalOtherIncomeExpensesNet": -381300000, "incomeBeforeTax": 277400000, "incomeBeforeTaxRatio": 0.2410078193, "incomeTaxExpense": 97600000, "netIncome": 179800000, "netIncomeRatio": 0.1562119896, "eps": 0.58, "epsdiluted": 0.57, "weightedAverageShsOut": 310000000, "weightedAverageShsOutDil": 315438596, "link": "https://www.sec.gov/Archives/edgar/data/93751/000095015694000009/0000950156-94-000009-index.htm", "finalLink": "https://www.sec.gov/Archives/edgar/data/93751/0000950156-94-000009.txt", "calculatedOtherExpenses": 13100000, "calculatedOperatingExpenses": 492300000, "calculatedNetInterest": 317600000, "calculatedOtherIncome": -698900000, "calculatedIncomeNonControlling": 0, "calculatedEbitda": 658700000}, {"date": "1992-12-31", "symbol": "STT", "reportedCurrency": "USD", "cik": "0000093751", "fillingDate": "1992-12-31", "acceptedDate": "1992-12-30 19:00:00", "calendarYear": "1992", "period": "FY", "revenue": 985200000, "costOfRevenue": 0, "grossProfit": 985200000, "grossProfitRatio": 1, "researchAndDevelopmentExpenses": 0, "generalAndAdministrativeExpenses": 409900000, "sellingAndMarketingExpenses": 0, "sellingGeneralAndAdministrativeExpenses": 409900000, "otherExpenses": -706500000, "operatingExpenses": -296600000, "costAndExpenses": -296600000, "interestIncome": 714400000, "interestExpense": 432100000, "depreciationAndAmortization": 0, "ebitda": 688600000, "ebitdaratio": 0.6989443768, "operatingIncome": 688600000, "operatingIncomeRatio": 0.6989443768, "totalOtherIncomeExpensesNet": -432100000, "incomeBeforeTax": 256500000, "incomeBeforeTaxRatio": 0.2603532278, "incomeTaxExpense": 96100000, "netIncome": 160400000, "netIncomeRatio": 0.1628095818, "eps": 0.53, "epsdiluted": 0.51, "weightedAverageShsOut": 305523810, "weightedAverageShsOutDil": 314509804, "link": "", "finalLink": "", "calculatedOtherExpenses": -113300000, "calculatedOperatingExpenses": 296600000, "calculatedNetInterest": 282300000, "calculatedOtherIncome": -714400000, "calculatedIncomeNonControlling": 0, "calculatedEbitda": 688600000}, {"date": "1991-12-31", "symbol": "STT", "reportedCurrency": "USD", "cik": "0000093751", "fillingDate": "1991-12-31", "acceptedDate": "1991-12-30 19:00:00", "calendarYear": "1991", "period": "FY", "revenue": 893700000, "costOfRevenue": 0, "grossProfit": 893700000, "grossProfitRatio": 1, "researchAndDevelopmentExpenses": 0, "generalAndAdministrativeExpenses": 336800000, "sellingAndMarketingExpenses": 0, "sellingGeneralAndAdministrativeExpenses": 336800000, "otherExpenses": -541200000, "operatingExpenses": -204400000, "costAndExpenses": -204400000, "interestIncome": 737800000, "interestExpense": 464200000, "depreciationAndAmortization": 56200000, "ebitda": 745500000, "ebitdaratio": 0.8341725411, "operatingIncome": 689300000, "operatingIncomeRatio": 0.7712879042, "totalOtherIncomeExpensesNet": -464200000, "incomeBeforeTax": 225100000, "incomeBeforeTaxRatio": 0.2518742307, "incomeTaxExpense": 85800000, "netIncome": 139300000, "netIncomeRatio": 0.1558688598, "eps": 0.47, "epsdiluted": 0.46, "weightedAverageShsOut": 299569892, "weightedAverageShsOutDil": 306153846, "link": "", "finalLink": "", "calculatedOtherExpenses": -132400000, "calculatedOperatingExpenses": 204400000, "calculatedNetInterest": 273600000, "calculatedOtherIncome": -737800000, "calculatedIncomeNonControlling": 0, "calculatedEbitda": 745500000}, {"date": "1990-12-31", "symbol": "STT", "reportedCurrency": "USD", "cik": "0000093751", "fillingDate": "1990-12-31", "acceptedDate": "1990-12-30 19:00:00", "calendarYear": "1990", "period": "FY", "revenue": 773700000, "costOfRevenue": 0, "grossProfit": 773700000, "grossProfitRatio": 1, "researchAndDevelopmentExpenses": 0, "generalAndAdministrativeExpenses": 300000000, "sellingAndMarketingExpenses": 0, "sellingGeneralAndAdministrativeExpenses": 300000000, "otherExpenses": -343600000, "operatingExpenses": -43600000, "costAndExpenses": -43600000, "interestIncome": 817500000, "interestExpense": 546700000, "depreciationAndAmortization": 89200000, "ebitda": 819300000, "ebitdaratio": 1.0589375727, "operatingIncome": 730100000, "operatingIncomeRatio": 0.9436474086, "totalOtherIncomeExpensesNet": -546700000, "incomeBeforeTax": 183400000, "incomeBeforeTaxRatio": 0.2370427814, "incomeTaxExpense": 66100000, "netIncome": 117300000, "netIncomeRatio": 0.1516091508, "eps": 0.4, "epsdiluted": 0.39, "weightedAverageShsOut": 293250000, "weightedAverageShsOutDil": 300769231, "link": "", "finalLink": "", "calculatedOtherExpenses": -256400000, "calculatedOperatingExpenses": 43600000, "calculatedNetInterest": 270800000, "calculatedOtherIncome": -817500000, "calculatedIncomeNonControlling": 0, "calculatedEbitda": 819300000}, {"date": "1989-12-31", "symbol": "STT", "reportedCurrency": "USD", "cik": "0000093751", "fillingDate": "1989-12-31", "acceptedDate": "1989-12-30 19:00:00", "calendarYear": "1989", "period": "FY", "revenue": 660600000, "costOfRevenue": 0, "grossProfit": 660600000, "grossProfitRatio": 1, "researchAndDevelopmentExpenses": 0, "generalAndAdministrativeExpenses": 264800000, "sellingAndMarketingExpenses": 0, "sellingGeneralAndAdministrativeExpenses": 264800000, "otherExpenses": -330900000, "operatingExpenses": -66100000, "costAndExpenses": -66100000, "interestIncome": 648300000, "interestExpense": 431300000, "depreciationAndAmortization": 62900000, "ebitda": 657400000, "ebitdaratio": 0.9951559189, "operatingIncome": 594500000, "operatingIncomeRatio": 0.899939449, "totalOtherIncomeExpensesNet": -431300000, "incomeBeforeTax": 163200000, "incomeBeforeTaxRatio": 0.2470481381, "incomeTaxExpense": 59200000, "netIncome": 104000000, "netIncomeRatio": 0.157432637, "eps": 0.36, "epsdiluted": 0.35, "weightedAverageShsOut": 292957746, "weightedAverageShsOutDil": 301449275, "link": "", "finalLink": "", "calculatedOtherExpenses": -198700000, "calculatedOperatingExpenses": 66100000, "calculatedNetInterest": 217000000, "calculatedOtherIncome": -648300000, "calculatedIncomeNonControlling": 0, "calculatedEbitda": 657400000}, {"date": "1988-12-31", "symbol": "STT", "reportedCurrency": "USD", "cik": "0000093751", "fillingDate": "1988-12-31", "acceptedDate": "1988-12-30 19:00:00", "calendarYear": "1988", "period": "FY", "revenue": 0, "costOfRevenue": 0, "grossProfit": 0, "grossProfitRatio": 0, "researchAndDevelopmentExpenses": 0, "generalAndAdministrativeExpenses": 0, "sellingAndMarketingExpenses": 0, "sellingGeneralAndAdministrativeExpenses": 0, "otherExpenses": 92300000, "operatingExpenses": 92300000, "costAndExpenses": 92300000, "interestIncome": 0, "interestExpense": 0, "depreciationAndAmortization": 0, "ebitda": 92300000, "ebitdaratio": 0, "operatingIncome": 92300000, "operatingIncomeRatio": 0, "totalOtherIncomeExpensesNet": 0, "incomeBeforeTax": 0, "incomeBeforeTaxRatio": 0, "incomeTaxExpense": -92300000, "netIncome": 92300000, "netIncomeRatio": 0, "eps": 0.32, "epsdiluted": 0.3, "weightedAverageShsOut": 293015873, "weightedAverageShsOutDil": 307666667, "link": "", "finalLink": "", "calculatedOtherExpenses": -92300000, "calculatedOperatingExpenses": -92300000, "calculatedNetInterest": 0, "calculatedOtherIncome": -92300000, "calculatedIncomeNonControlling": 0, "calculatedEbitda": 92300000}, {"date": "1987-12-31", "symbol": "STT", "reportedCurrency": "USD", "cik": "0000093751", "fillingDate": "1987-12-31", "acceptedDate": "1987-12-30 19:00:00", "calendarYear": "1987", "period": "FY", "revenue": 0, "costOfRevenue": 0, "grossProfit": 0, "grossProfitRatio": 0, "researchAndDevelopmentExpenses": 0, "generalAndAdministrativeExpenses": 0, "sellingAndMarketingExpenses": 0, "sellingGeneralAndAdministrativeExpenses": 0, "otherExpenses": 83100000, "operatingExpenses": 83100000, "costAndExpenses": 83100000, "interestIncome": 0, "interestExpense": 0, "depreciationAndAmortization": 0, "ebitda": 83100000, "ebitdaratio": 0, "operatingIncome": 83100000, "operatingIncomeRatio": 0, "totalOtherIncomeExpensesNet": 0, "incomeBeforeTax": 0, "incomeBeforeTaxRatio": 0, "incomeTaxExpense": -83100000, "netIncome": 83100000, "netIncomeRatio": 0, "eps": 0.28, "epsdiluted": 0.27, "weightedAverageShsOut": 296785714, "weightedAverageShsOutDil": 307777778, "link": "", "finalLink": "", "calculatedOtherExpenses": -83100000, "calculatedOperatingExpenses": -83100000, "calculatedNetInterest": 0, "calculatedOtherIncome": -83100000, "calculatedIncomeNonControlling": 0, "calculatedEbitda": 83100000}, {"date": "1986-12-31", "symbol": "STT", "reportedCurrency": "USD", "cik": "0000093751", "fillingDate": "1986-12-31", "acceptedDate": "1986-12-30 19:00:00", "calendarYear": "1986", "period": "FY", "revenue": 0, "costOfRevenue": 0, "grossProfit": 0, "grossProfitRatio": 0, "researchAndDevelopmentExpenses": 0, "generalAndAdministrativeExpenses": 0, "sellingAndMarketingExpenses": 0, "sellingGeneralAndAdministrativeExpenses": 0, "otherExpenses": 71400000, "operatingExpenses": 71400000, "costAndExpenses": 71400000, "interestIncome": 0, "interestExpense": 0, "depreciationAndAmortization": 0, "ebitda": 71400000, "ebitdaratio": 0, "operatingIncome": 71400000, "operatingIncomeRatio": 0, "totalOtherIncomeExpensesNet": 0, "incomeBeforeTax": 0, "incomeBeforeTaxRatio": 0, "incomeTaxExpense": -71400000, "netIncome": 71400000, "netIncomeRatio": 0, "eps": 0.25, "epsdiluted": 0.23, "weightedAverageShsOut": 285600000, "weightedAverageShsOutDil": 310434783, "link": "", "finalLink": "", "calculatedOtherExpenses": -71400000, "calculatedOperatingExpenses": -71400000, "calculatedNetInterest": 0, "calculatedOtherIncome": -71400000, "calculatedIncomeNonControlling": 0, "calculatedEbitda": 71400000}, {"date": "1985-12-31", "symbol": "STT", "reportedCurrency": "USD", "cik": "0000093751", "fillingDate": "1985-12-31", "acceptedDate": "1985-12-30 19:00:00", "calendarYear": "1985", "period": "FY", "revenue": 0, "costOfRevenue": 0, "grossProfit": 0, "grossProfitRatio": 0, "researchAndDevelopmentExpenses": 0, "generalAndAdministrativeExpenses": 0, "sellingAndMarketingExpenses": 0, "sellingGeneralAndAdministrativeExpenses": 0, "otherExpenses": 55300000, "operatingExpenses": 55300000, "costAndExpenses": 55300000, "interestIncome": 0, "interestExpense": 0, "depreciationAndAmortization": 0, "ebitda": 55300000, "ebitdaratio": 0, "operatingIncome": 55300000, "operatingIncomeRatio": 0, "totalOtherIncomeExpensesNet": 0, "incomeBeforeTax": 0, "incomeBeforeTaxRatio": 0, "incomeTaxExpense": -55300000, "netIncome": 55300000, "netIncomeRatio": 0, "eps": 0.2, "epsdiluted": 0.18, "weightedAverageShsOut": 276500000, "weightedAverageShsOutDil": 298918919, "link": "", "finalLink": "", "calculatedOtherExpenses": -55300000, "calculatedOperatingExpenses": -55300000, "calculatedNetInterest": 0, "calculatedOtherIncome": -55300000, "calculatedIncomeNonControlling": 0, "calculatedEbitda": 55300000}]}