{"originalCurrency": "USD", "convertedCurrency": "USD", "report": [{"date": "2023-12-31", "symbol": "STWD", "reportedCurrency": "USD", "cik": "0001465128", "fillingDate": "2024-02-22", "acceptedDate": "2024-02-22 06:52:18", "calendarYear": "2023", "period": "FY", "revenue": 2051982000, "costOfRevenue": 239291000, "grossProfit": 1812691000, "grossProfitRatio": 0.8833854293, "researchAndDevelopmentExpenses": 0, "generalAndAdministrativeExpenses": 321755000, "sellingAndMarketingExpenses": 0, "sellingGeneralAndAdministrativeExpenses": 321755000, "otherExpenses": -154679000, "operatingExpenses": 154679000, "costAndExpenses": 637698000, "interestIncome": 1880628000, "interestExpense": 1561164000, "depreciationAndAmortization": 51086000, "ebitda": 1709098000, "ebitdaratio": 0.8329010683, "operatingIncome": 1658012000, "operatingIncomeRatio": 0.8080051384, "totalOtherIncomeExpensesNet": -1240537000, "incomeBeforeTax": 417475000, "incomeBeforeTaxRatio": 0.2034496404, "incomeTaxExpense": -682000, "netIncome": 339213000, "netIncomeRatio": 0.1653099296, "eps": 1.07, "epsdiluted": 1.07, "weightedAverageShsOut": 309771000, "weightedAverageShsOutDil": 310507000, "link": "https://www.sec.gov/Archives/edgar/data/1465128/000162828024006128/0001628280-24-006128-index.htm", "finalLink": "https://www.sec.gov/Archives/edgar/data/1465128/000162828024006128/stwd-20231231.htm", "calculatedOtherExpenses": -167076000, "calculatedOperatingExpenses": 154679000, "calculatedNetInterest": 319464000, "calculatedOtherIncome": -1560001000, "calculatedIncomeNonControlling": 78944000, "calculatedEbitda": 1709098000}, {"date": "2022-12-31", "symbol": "STWD", "reportedCurrency": "USD", "cik": "0001465128", "fillingDate": "2023-03-01", "acceptedDate": "2023-03-01 06:50:29", "calendarYear": "2022", "period": "FY", "revenue": 1449575000, "costOfRevenue": 44115000, "grossProfit": 1405460000, "grossProfitRatio": 0.969566942, "researchAndDevelopmentExpenses": 0, "generalAndAdministrativeExpenses": 331051000, "sellingAndMarketingExpenses": 0, "sellingGeneralAndAdministrativeExpenses": 331051000, "otherExpenses": 31301000, "operatingExpenses": 362352000, "costAndExpenses": 1272951000, "interestIncome": 1283579000, "interestExpense": 797121000, "depreciationAndAmortization": 49293000, "ebitda": 1831722000, "ebitdaratio": 1.2636269251, "operatingIncome": 1782429000, "operatingIncomeRatio": 1.2296217857, "totalOtherIncomeExpensesNet": -784891000, "incomeBeforeTax": 997538000, "incomeBeforeTaxRatio": 0.6881589431, "incomeTaxExpense": -61523000, "netIncome": 871475000, "netIncomeRatio": 0.6011934533, "eps": 3.09, "epsdiluted": 3.09, "weightedAverageShsOut": 282483000, "weightedAverageShsOutDil": 282483000, "link": "https://www.sec.gov/Archives/edgar/data/1465128/000162828023005726/0001628280-23-005726-index.htm", "finalLink": "https://www.sec.gov/Archives/edgar/data/1465128/000162828023005726/stwd-20221231.htm", "calculatedOtherExpenses": -708020000, "calculatedOperatingExpenses": -376969000, "calculatedNetInterest": 486458000, "calculatedOtherIncome": -1271349000, "calculatedIncomeNonControlling": 187586000, "calculatedEbitda": 1831722000}, {"date": "2021-12-31", "symbol": "STWD", "reportedCurrency": "USD", "cik": "0001465128", "fillingDate": "2022-02-25", "acceptedDate": "2022-02-25 07:26:04", "calendarYear": "2021", "period": "FY", "revenue": 885144000, "costOfRevenue": 111667000, "grossProfit": 773477000, "grossProfitRatio": 0.8738431261, "researchAndDevelopmentExpenses": 0, "generalAndAdministrativeExpenses": 339075000, "sellingAndMarketingExpenses": 0, "sellingGeneralAndAdministrativeExpenses": 339075000, "otherExpenses": 158597000, "operatingExpenses": 497672000, "costAndExpenses": 497672000, "interestIncome": 845459000, "interestExpense": 445087000, "depreciationAndAmortization": 83001000, "ebitda": 539409000, "ebitdaratio": 0.6094025379, "operatingIncome": 456408000, "operatingIncomeRatio": 0.5156313549, "totalOtherIncomeExpensesNet": 44687000, "incomeBeforeTax": 501095000, "incomeBeforeTaxRatio": 0.5661169256, "incomeTaxExpense": 8669000, "netIncome": 447739000, "netIncomeRatio": 0.5058374683, "eps": 1.54, "epsdiluted": 1.52, "weightedAverageShsOut": 285942000, "weightedAverageShsOutDil": 296826000, "link": "https://www.sec.gov/Archives/edgar/data/1465128/000162828022003917/0001628280-22-003917-index.htm", "finalLink": "https://www.sec.gov/Archives/edgar/data/1465128/000162828022003917/stwd-20211231.htm", "calculatedOtherExpenses": -22006000, "calculatedOperatingExpenses": 317069000, "calculatedNetInterest": 400372000, "calculatedOtherIncome": -355685000, "calculatedIncomeNonControlling": 44687000, "calculatedEbitda": 539409000}, {"date": "2020-12-31", "symbol": "STWD", "reportedCurrency": "USD", "cik": "0001465128", "fillingDate": "2021-02-25", "acceptedDate": "2021-02-25 07:14:45", "calendarYear": "2020", "period": "FY", "revenue": 822436000, "costOfRevenue": 117676000, "grossProfit": 704760000, "grossProfitRatio": 0.8569177419, "researchAndDevelopmentExpenses": 0, "generalAndAdministrativeExpenses": 285001000, "sellingAndMarketingExpenses": 0, "sellingGeneralAndAdministrativeExpenses": 285001000, "otherExpenses": 74824000, "operatingExpenses": 359825000, "costAndExpenses": 359825000, "interestIncome": 806355000, "interestExpense": 419763000, "depreciationAndAmortization": 94154000, "ebitda": 446040000, "ebitdaratio": 0.5423400727, "operatingIncome": 351886000, "operatingIncomeRatio": 0.4278582163, "totalOtherIncomeExpensesNet": 34392000, "incomeBeforeTax": 386278000, "incomeBeforeTaxRatio": 0.469675452, "incomeTaxExpense": 20197000, "netIncome": 331689000, "netIncomeRatio": 0.4033006824, "eps": 1.16, "epsdiluted": 1.16, "weightedAverageShsOut": 281978000, "weightedAverageShsOutDil": 282483000, "link": "https://www.sec.gov/Archives/edgar/data/1465128/000155837021001712/0001558370-21-001712-index.htm", "finalLink": "https://www.sec.gov/Archives/edgar/data/1465128/000155837021001712/stwd-20201231x10k.htm", "calculatedOtherExpenses": 67873000, "calculatedOperatingExpenses": 352874000, "calculatedNetInterest": 386592000, "calculatedOtherIncome": -352200000, "calculatedIncomeNonControlling": 34392000, "calculatedEbitda": 446040000}, {"date": "2019-12-31", "symbol": "STWD", "reportedCurrency": "USD", "cik": "0001465128", "fillingDate": "2020-02-25", "acceptedDate": "2020-02-25 07:45:59", "calendarYear": "2019", "period": "FY", "revenue": 959424000, "costOfRevenue": 122982000, "grossProfit": 836442000, "grossProfitRatio": 0.8718168401, "researchAndDevelopmentExpenses": 0, "generalAndAdministrativeExpenses": 274244000, "sellingAndMarketingExpenses": 0, "sellingGeneralAndAdministrativeExpenses": 274244000, "otherExpenses": 232462000, "operatingExpenses": 506706000, "costAndExpenses": 506706000, "interestIncome": 800642000, "interestExpense": 508729000, "depreciationAndAmortization": 113322000, "ebitda": 636218000, "ebitdaratio": 0.6631249583, "operatingIncome": 522896000, "operatingIncomeRatio": 0.5450103395, "totalOtherIncomeExpensesNet": 27271000, "incomeBeforeTax": 550167000, "incomeBeforeTaxRatio": 0.5734346858, "incomeTaxExpense": 13232000, "netIncome": 509664000, "netIncomeRatio": 0.5312187312, "eps": 1.81, "epsdiluted": 1.79, "weightedAverageShsOut": 279337000, "weightedAverageShsOutDil": 284728492, "link": "https://www.sec.gov/Archives/edgar/data/1465128/000155837020001281/0001558370-20-001281-index.htm", "finalLink": "https://www.sec.gov/Archives/edgar/data/1465128/000155837020001281/stwd-20191231x10k996996.htm", "calculatedOtherExpenses": 39302000, "calculatedOperatingExpenses": 313546000, "calculatedNetInterest": 291913000, "calculatedOtherIncome": -264642000, "calculatedIncomeNonControlling": 27271000, "calculatedEbitda": 636218000}, {"date": "2018-12-31", "symbol": "STWD", "reportedCurrency": "USD", "cik": "0001465128", "fillingDate": "2019-02-28", "acceptedDate": "2019-02-28 07:09:43", "calendarYear": "2018", "period": "FY", "revenue": 836361000, "costOfRevenue": 127068000, "grossProfit": 709293000, "grossProfitRatio": 0.8480703907, "researchAndDevelopmentExpenses": 0, "generalAndAdministrativeExpenses": 265587000, "sellingAndMarketingExpenses": 0, "sellingGeneralAndAdministrativeExpenses": 265587000, "otherExpenses": 154878000, "operatingExpenses": 978000000, "costAndExpenses": 978000000, "interestIncome": 677382000, "interestExpense": 408188000, "depreciationAndAmortization": 132649000, "ebitda": 940186000, "ebitdaratio": 1.1241389783, "operatingIncome": 809348000, "operatingIncomeRatio": 0.967701746, "totalOtherIncomeExpensesNet": -382821000, "incomeBeforeTax": 426527000, "incomeBeforeTaxRatio": 0.5099795423, "incomeTaxExpense": 15330000, "netIncome": 385830000, "netIncomeRatio": 0.4613199324, "eps": 1.45, "epsdiluted": 1.4, "weightedAverageShsOut": 265279000, "weightedAverageShsOutDil": 275659552, "link": "https://www.sec.gov/Archives/edgar/data/1465128/000155837019001256/0001558370-19-001256-index.htm", "finalLink": "https://www.sec.gov/Archives/edgar/data/1465128/000155837019001256/stwd-20181231x10k.htm", "calculatedOtherExpenses": -365642000, "calculatedOperatingExpenses": -100055000, "calculatedNetInterest": 269194000, "calculatedOtherIncome": -652015000, "calculatedIncomeNonControlling": 25367000, "calculatedEbitda": 941997000}, {"date": "2017-12-31", "symbol": "STWD", "reportedCurrency": "USD", "cik": "0001465128", "fillingDate": "2018-02-28", "acceptedDate": "2018-02-28 07:14:45", "calendarYear": "2017", "period": "FY", "revenue": 628927000, "costOfRevenue": 94258000, "grossProfit": 534669000, "grossProfitRatio": 0.8501288703, "researchAndDevelopmentExpenses": 0, "generalAndAdministrativeExpenses": 252286000, "sellingAndMarketingExpenses": 0, "sellingGeneralAndAdministrativeExpenses": 252286000, "otherExpenses": 230355000, "operatingExpenses": 735000000, "costAndExpenses": 735249000, "interestIncome": 566627000, "interestExpense": 295666000, "depreciationAndAmortization": 90896000, "ebitda": 818854000, "ebitdaratio": 1.3019857631, "operatingIncome": 144639000, "operatingIncomeRatio": 0.229977406, "totalOtherIncomeExpensesNet": 299650000, "incomeBeforeTax": 444289000, "incomeBeforeTaxRatio": 0.706423798, "incomeTaxExpense": 31522000, "netIncome": 400770000, "netIncomeRatio": 0.637228168, "eps": 1.53, "epsdiluted": 1.52, "weightedAverageShsOut": 259620000, "weightedAverageShsOutDil": 262079000, "link": "https://www.sec.gov/Archives/edgar/data/1465128/000155837018001216/0001558370-18-001216-index.htm", "finalLink": "https://www.sec.gov/Archives/edgar/data/1465128/000155837018001216/stwd-20171231x10k.htm", "calculatedOtherExpenses": 137744000, "calculatedOperatingExpenses": 390030000, "calculatedNetInterest": 270961000, "calculatedOtherIncome": 28689000, "calculatedIncomeNonControlling": 11997000, "calculatedEbitda": 235535000}, {"date": "2016-12-31", "symbol": "STWD", "reportedCurrency": "USD", "cik": "0001465128", "fillingDate": "2017-02-23", "acceptedDate": "2017-02-23 07:10:14", "calendarYear": "2016", "period": "FY", "revenue": 664699000, "costOfRevenue": 65101000, "grossProfit": 599598000, "grossProfitRatio": 0.9020594284, "researchAndDevelopmentExpenses": 0, "generalAndAdministrativeExpenses": 270392000, "sellingAndMarketingExpenses": 0, "sellingGeneralAndAdministrativeExpenses": 270392000, "otherExpenses": 117954000, "operatingExpenses": 651000000, "costAndExpenses": 650399000, "interestIncome": 538043000, "interestExpense": 230799000, "depreciationAndAmortization": 61571000, "ebitda": 665900000, "ebitdaratio": 1.0018068329, "operatingIncome": 367651000, "operatingIncomeRatio": 0.5531090012, "totalOtherIncomeExpensesNet": 8344000, "incomeBeforeTax": 375995000, "incomeBeforeTaxRatio": 0.5656620515, "incomeTaxExpense": 8344000, "netIncome": 365186000, "netIncomeRatio": 0.5494005557, "eps": 1.52, "epsdiluted": 1.5, "weightedAverageShsOut": 238529000, "weightedAverageShsOutDil": 241794000, "link": "https://www.sec.gov/Archives/edgar/data/1465128/000155837017000816/0001558370-17-000816-index.htm", "finalLink": "https://www.sec.gov/Archives/edgar/data/1465128/000155837017000816/stwd-20161231x10k.htm", "calculatedOtherExpenses": -38445000, "calculatedOperatingExpenses": 231947000, "calculatedNetInterest": 307244000, "calculatedOtherIncome": -298900000, "calculatedIncomeNonControlling": 2465000, "calculatedEbitda": 429222000}, {"date": "2015-12-31", "symbol": "STWD", "reportedCurrency": "USD", "cik": "0001465128", "fillingDate": "2016-02-25", "acceptedDate": "2016-02-25 07:19:27", "calendarYear": "2015", "period": "FY", "revenue": 607772000, "costOfRevenue": 11542000, "grossProfit": 596230000, "grossProfitRatio": 0.9810093259, "researchAndDevelopmentExpenses": 0, "generalAndAdministrativeExpenses": 279361000, "sellingAndMarketingExpenses": 0, "sellingGeneralAndAdministrativeExpenses": 279361000, "otherExpenses": 174593000, "operatingExpenses": 536000000, "costAndExpenses": 536279000, "interestIncome": 571596000, "interestExpense": 202550000, "depreciationAndAmortization": 27232000, "ebitda": 697685000, "ebitdaratio": 1.1479387007, "operatingIncome": 452183000, "operatingIncomeRatio": 0.7440010399, "totalOtherIncomeExpensesNet": 17206000, "incomeBeforeTax": 469389000, "incomeBeforeTaxRatio": 0.7723109982, "incomeTaxExpense": 17206000, "netIncome": 450697000, "netIncomeRatio": 0.741556044, "eps": 1.92, "epsdiluted": 1.91, "weightedAverageShsOut": 233419000, "weightedAverageShsOutDil": 234142000, "link": "https://www.sec.gov/Archives/edgar/data/1465128/000155837016003494/0001558370-16-003494-index.htm", "finalLink": "https://www.sec.gov/Archives/edgar/data/1465128/000155837016003494/stwd-20151231x10k.htm", "calculatedOtherExpenses": -135314000, "calculatedOperatingExpenses": 144047000, "calculatedNetInterest": 369046000, "calculatedOtherIncome": -351840000, "calculatedIncomeNonControlling": 1486000, "calculatedEbitda": 479415000}, {"date": "2014-12-31", "symbol": "STWD", "reportedCurrency": "USD", "cik": "0001465128", "fillingDate": "2015-02-25", "acceptedDate": "2015-02-25 07:12:36", "calendarYear": "2014", "period": "FY", "revenue": 842113000, "costOfRevenue": 0, "grossProfit": 842113000, "grossProfitRatio": 1, "researchAndDevelopmentExpenses": 0, "generalAndAdministrativeExpenses": 287393000, "sellingAndMarketingExpenses": 0, "sellingGeneralAndAdministrativeExpenses": 287393000, "otherExpenses": -12955000, "operatingExpenses": 484000000, "costAndExpenses": 484009000, "interestIncome": 546678000, "interestExpense": 161104000, "depreciationAndAmortization": 16622000, "ebitda": 696843000, "ebitdaratio": 0.8274934599, "operatingIncome": 502089000, "operatingIncomeRatio": 0.5962252097, "totalOtherIncomeExpensesNet": 24096000, "incomeBeforeTax": 526185000, "incomeBeforeTaxRatio": 0.6248389468, "incomeTaxExpense": 24096000, "netIncome": 495021000, "netIncomeRatio": 0.5878320368, "eps": 2.28, "epsdiluted": 2.24, "weightedAverageShsOut": 214945000, "weightedAverageShsOutDil": 218781000, "link": "https://www.sec.gov/Archives/edgar/data/1465128/000104746915001147/0001047469-15-001147-index.htm", "finalLink": "https://www.sec.gov/Archives/edgar/data/1465128/000104746915001147/a2222886z10-k.htm", "calculatedOtherExpenses": 52631000, "calculatedOperatingExpenses": 340024000, "calculatedNetInterest": 385574000, "calculatedOtherIncome": -361478000, "calculatedIncomeNonControlling": 7068000, "calculatedEbitda": 518711000}, {"date": "2013-12-31", "symbol": "STWD", "reportedCurrency": "USD", "cik": "0001465128", "fillingDate": "2014-02-26", "acceptedDate": "2014-02-26 07:03:48", "calendarYear": "2013", "period": "FY", "revenue": 627208000, "costOfRevenue": 21383000, "grossProfit": 605825000, "grossProfitRatio": 0.9659076415, "researchAndDevelopmentExpenses": 0, "generalAndAdministrativeExpenses": 239728000, "sellingAndMarketingExpenses": 0, "sellingGeneralAndAdministrativeExpenses": 239728000, "otherExpenses": 2832000, "operatingExpenses": 373000000, "costAndExpenses": 422847000, "interestIncome": 418952000, "interestExpense": 118349000, "depreciationAndAmortization": 14925000, "ebitda": 462357000, "ebitdaratio": 0.7371669366, "operatingIncome": 142848000, "operatingIncomeRatio": 0.227752197, "totalOtherIncomeExpensesNet": 138129000, "incomeBeforeTax": 334383000, "incomeBeforeTaxRatio": 0.5331293606, "incomeTaxExpense": 24053000, "netIncome": 305030000, "netIncomeRatio": 0.4863298938, "eps": 1.82, "epsdiluted": 1.82, "weightedAverageShsOut": 166356000, "weightedAverageShsOutDil": 166356000, "link": "https://www.sec.gov/Archives/edgar/data/1465128/000104746914001344/0001047469-14-001344-index.htm", "finalLink": "https://www.sec.gov/Archives/edgar/data/1465128/000104746914001344/a2218482z10-k.htm", "calculatedOtherExpenses": 223249000, "calculatedOperatingExpenses": 462977000, "calculatedNetInterest": 300603000, "calculatedOtherIncome": -109068000, "calculatedIncomeNonControlling": 5300000, "calculatedEbitda": 157773000}, {"date": "2012-12-31", "symbol": "STWD", "reportedCurrency": "USD", "cik": "0001465128", "fillingDate": "2013-02-27", "acceptedDate": "2013-02-27 06:52:12", "calendarYear": "2012", "period": "FY", "revenue": 284500000, "costOfRevenue": 0, "grossProfit": 284500000, "grossProfitRatio": 1, "researchAndDevelopmentExpenses": 0, "generalAndAdministrativeExpenses": 69022000, "sellingAndMarketingExpenses": 0, "sellingGeneralAndAdministrativeExpenses": 69022000, "otherExpenses": 52978000, "operatingExpenses": 122000000, "costAndExpenses": 122000000, "interestIncome": 306980000, "interestExpense": 47125000, "depreciationAndAmortization": 0, "ebitda": 249343000, "ebitdaratio": 0.8764253076, "operatingIncome": 249343000, "operatingIncomeRatio": 0.8764253076, "totalOtherIncomeExpensesNet": -44638000, "incomeBeforeTax": 204705000, "incomeBeforeTaxRatio": 0.7195254833, "incomeTaxExpense": 1023000, "netIncome": 201195000, "netIncomeRatio": 0.7071880492, "eps": 1.76, "epsdiluted": 1.76, "weightedAverageShsOut": 113721000, "weightedAverageShsOutDil": 113734000, "link": "https://www.sec.gov/Archives/edgar/data/1465128/000104746913001746/0001047469-13-001746-index.htm", "finalLink": "https://www.sec.gov/Archives/edgar/data/1465128/000104746913001746/a2213096z10-k.htm", "calculatedOtherExpenses": -33865000, "calculatedOperatingExpenses": 35157000, "calculatedNetInterest": 259855000, "calculatedOtherIncome": -304493000, "calculatedIncomeNonControlling": 2487000, "calculatedEbitda": 249343000}, {"date": "2011-12-31", "symbol": "STWD", "reportedCurrency": "USD", "cik": "0001465128", "fillingDate": "2012-02-29", "acceptedDate": "2012-02-29 06:40:43", "calendarYear": "2011", "period": "FY", "revenue": 172318000, "costOfRevenue": 0, "grossProfit": 172318000, "grossProfitRatio": 1, "researchAndDevelopmentExpenses": 0, "generalAndAdministrativeExpenses": 48349000, "sellingAndMarketingExpenses": 0, "sellingGeneralAndAdministrativeExpenses": 48349000, "otherExpenses": 31651000, "operatingExpenses": 80000000, "costAndExpenses": 80000000, "interestIncome": 205362000, "interestExpense": 28782000, "depreciationAndAmortization": 0, "ebitda": 148949000, "ebitdaratio": 0.864384452, "operatingIncome": 148949000, "operatingIncomeRatio": 0.864384452, "totalOtherIncomeExpensesNet": -27551000, "incomeBeforeTax": 121398000, "incomeBeforeTaxRatio": 0.7044998201, "incomeTaxExpense": 790000, "netIncome": 119377000, "netIncomeRatio": 0.6927715038, "eps": 1.38, "epsdiluted": 1.38, "weightedAverageShsOut": 84974604, "weightedAverageShsOutDil": 86409327, "link": "https://www.sec.gov/Archives/edgar/data/1465128/000104746912001837/0001047469-12-001837-index.htm", "finalLink": "https://www.sec.gov/Archives/edgar/data/1465128/000104746912001837/a2207279z10-k.htm", "calculatedOtherExpenses": -24980000, "calculatedOperatingExpenses": 23369000, "calculatedNetInterest": 176580000, "calculatedOtherIncome": -204131000, "calculatedIncomeNonControlling": 1231000, "calculatedEbitda": 148949000}, {"date": "2010-12-31", "symbol": "STWD", "reportedCurrency": "USD", "cik": "0001465128", "fillingDate": "2011-03-01", "acceptedDate": "2011-03-01 17:10:20", "calendarYear": "2010", "period": "FY", "revenue": 89320000, "costOfRevenue": 0, "grossProfit": 89320000, "grossProfitRatio": 1, "researchAndDevelopmentExpenses": 0, "generalAndAdministrativeExpenses": 30052000, "sellingAndMarketingExpenses": 0, "sellingGeneralAndAdministrativeExpenses": 30052000, "otherExpenses": 15948000, "operatingExpenses": 46000000, "costAndExpenses": 46000000, "interestIncome": 94792000, "interestExpense": 15788000, "depreciationAndAmortization": 0, "ebitda": 73260000, "ebitdaratio": 0.8201970443, "operatingIncome": 73260000, "operatingIncomeRatio": 0.8201970443, "totalOtherIncomeExpensesNet": -13992000, "incomeBeforeTax": 59268000, "incomeBeforeTaxRatio": 0.663546798, "incomeTaxExpense": 426000, "netIncome": 57046000, "netIncomeRatio": 0.6386699507, "eps": 1.16, "epsdiluted": 1.14, "weightedAverageShsOut": 49138720, "weightedAverageShsOutDil": 50021824, "link": "https://www.sec.gov/Archives/edgar/data/1465128/000104746911001633/0001047469-11-001633-index.htm", "finalLink": "https://www.sec.gov/Archives/edgar/data/1465128/000104746911001633/a2202357z10-k.htm", "calculatedOtherExpenses": -13992000, "calculatedOperatingExpenses": 16060000, "calculatedNetInterest": 79004000, "calculatedOtherIncome": -92996000, "calculatedIncomeNonControlling": 1796000, "calculatedEbitda": 73260000}, {"date": "2009-12-31", "symbol": "STWD", "reportedCurrency": "USD", "cik": "0001465128", "fillingDate": "2010-03-08", "acceptedDate": "2010-03-08 17:10:33", "calendarYear": "2009", "period": "FY", "revenue": 5023000, "costOfRevenue": 0, "grossProfit": 5023000, "grossProfitRatio": 1, "researchAndDevelopmentExpenses": 0, "generalAndAdministrativeExpenses": 9286000, "sellingAndMarketingExpenses": 0, "sellingGeneralAndAdministrativeExpenses": 9286000, "otherExpenses": 1714000, "operatingExpenses": 11000000, "costAndExpenses": 11000000, "interestIncome": 6927000, "interestExpense": 1904000, "depreciationAndAmortization": 0, "ebitda": -1113000, "ebitdaratio": -0.2215807286, "operatingIncome": -1113000, "operatingIncomeRatio": -0.2215807286, "totalOtherIncomeExpensesNet": 0, "incomeBeforeTax": 0, "incomeBeforeTaxRatio": 0, "incomeTaxExpense": 3017000, "netIncome": -3017000, "netIncomeRatio": -0.6006370695, "eps": -0.0634, "epsdiluted": -0.0634, "weightedAverageShsOut": 47575634, "weightedAverageShsOutDil": 47575634, "link": "https://www.sec.gov/Archives/edgar/data/1465128/000095012310022138/0000950123-10-022138-index.htm", "finalLink": "https://www.sec.gov/Archives/edgar/data/1465128/000095012310022138/c97333e10vk.htm", "calculatedOtherExpenses": -3150000, "calculatedOperatingExpenses": 6136000, "calculatedNetInterest": 5023000, "calculatedOtherIncome": -3910000, "calculatedIncomeNonControlling": 0, "calculatedEbitda": -1113000}]}