{"originalCurrency": "USD", "convertedCurrency": "USD", "report": [{"date": "2024-02-29", "symbol": "STZ", "reportedCurrency": "USD", "cik": "0000016918", "fillingDate": "2024-04-23", "acceptedDate": "2024-04-23 12:45:24", "calendarYear": "2024", "period": "FY", "revenue": 9961900000, "costOfRevenue": 5052400000, "grossProfit": 4909500000, "grossProfitRatio": 0.4928276734, "researchAndDevelopmentExpenses": 0, "generalAndAdministrativeExpenses": 922000000, "sellingAndMarketingExpenses": 853500000, "sellingGeneralAndAdministrativeExpenses": 1775500000, "otherExpenses": 0, "operatingExpenses": 1775500000, "costAndExpenses": 6827900000, "interestIncome": 0, "interestExpense": 435400000, "depreciationAndAmortization": 429200000, "ebitda": 3563200000, "ebitdaratio": 0.3576827714, "operatingIncome": 3134000000, "operatingIncomeRatio": 0.3145986207, "totalOtherIncomeExpensesNet": -912200000, "incomeBeforeTax": 2221800000, "incomeBeforeTaxRatio": 0.2230297433, "incomeTaxExpense": 456600000, "netIncome": 1727400000, "netIncomeRatio": 0.1734006565, "eps": 9.42, "epsdiluted": 9.39, "weightedAverageShsOut": 183307000, "weightedAverageShsOutDil": 183959000, "link": "https://www.sec.gov/Archives/edgar/data/16918/000001691824000054/0000016918-24-000054-index.htm", "finalLink": "https://www.sec.gov/Archives/edgar/data/16918/000001691824000054/stz-20240229.htm", "calculatedOtherExpenses": 0, "calculatedOperatingExpenses": 1775500000, "calculatedNetInterest": -435400000, "calculatedOtherIncome": -476800000, "calculatedIncomeNonControlling": 37800000, "calculatedEbitda": 3563200000}, {"date": "2023-02-28", "symbol": "STZ", "reportedCurrency": "USD", "cik": "0000016918", "fillingDate": "2023-04-20", "acceptedDate": "2023-04-20 11:49:03", "calendarYear": "2023", "period": "FY", "revenue": 9452600000, "costOfRevenue": 4683600000, "grossProfit": 4769000000, "grossProfitRatio": 0.5045172757, "researchAndDevelopmentExpenses": 0, "generalAndAdministrativeExpenses": 1065300000, "sellingAndMarketingExpenses": 860800000, "sellingGeneralAndAdministrativeExpenses": 1926100000, "otherExpenses": 0, "operatingExpenses": 1926100000, "costAndExpenses": 6609700000, "interestIncome": 398700000, "interestExpense": 398700000, "depreciationAndAmortization": 383800000, "ebitda": 3226700000, "ebitdaratio": 0.3413558174, "operatingIncome": 2842900000, "operatingIncomeRatio": 0.3007532319, "totalOtherIncomeExpensesNet": -2459300000, "incomeBeforeTax": 383600000, "incomeBeforeTaxRatio": 0.0405814273, "incomeTaxExpense": 422100000, "netIncome": -38500000, "netIncomeRatio": -0.0040729535, "eps": -0.2, "epsdiluted": -0.2, "weightedAverageShsOut": 192543000, "weightedAverageShsOutDil": 192543000, "link": "https://www.sec.gov/Archives/edgar/data/16918/000001691823000045/0000016918-23-000045-index.htm", "finalLink": "https://www.sec.gov/Archives/edgar/data/16918/000001691823000045/stz-20230228.htm", "calculatedOtherExpenses": 0, "calculatedOperatingExpenses": 1926100000, "calculatedNetInterest": 0, "calculatedOtherIncome": -2459300000, "calculatedIncomeNonControlling": 0, "calculatedEbitda": 3226700000}, {"date": "2022-02-28", "symbol": "STZ", "reportedCurrency": "USD", "cik": "0000016918", "fillingDate": "2022-04-21", "acceptedDate": "2022-04-21 10:57:18", "calendarYear": "2022", "period": "FY", "revenue": 8820700000, "costOfRevenue": 4113400000, "grossProfit": 4707300000, "grossProfitRatio": 0.5336651286, "researchAndDevelopmentExpenses": 0, "generalAndAdministrativeExpenses": 885000000, "sellingAndMarketingExpenses": 826400000, "sellingGeneralAndAdministrativeExpenses": 1711400000, "otherExpenses": 0, "operatingExpenses": 1711400000, "costAndExpenses": 5824800000, "interestIncome": 356400000, "interestExpense": 356400000, "depreciationAndAmortization": 1001500000, "ebitda": 3333200000, "ebitdaratio": 0.3778838414, "operatingIncome": 2331700000, "operatingIncomeRatio": 0.2643440997, "totalOtherIncomeExpensesNet": -2021300000, "incomeBeforeTax": 310400000, "incomeBeforeTaxRatio": 0.0351899509, "incomeTaxExpense": 309400000, "netIncome": 1000000, "netIncomeRatio": 0.0001133697, "eps": 0.0053, "epsdiluted": 0.0053, "weightedAverageShsOut": 190357311, "weightedAverageShsOutDil": 190357311, "link": "https://www.sec.gov/Archives/edgar/data/16918/000001691822000069/0000016918-22-000069-index.htm", "finalLink": "https://www.sec.gov/Archives/edgar/data/16918/000001691822000069/stz-20220228.htm", "calculatedOtherExpenses": 664200000, "calculatedOperatingExpenses": 2375600000, "calculatedNetInterest": 0, "calculatedOtherIncome": -2021300000, "calculatedIncomeNonControlling": 0, "calculatedEbitda": 3333200000}, {"date": "2021-02-28", "symbol": "STZ", "reportedCurrency": "USD", "cik": "0000016918", "fillingDate": "2021-04-20", "acceptedDate": "2021-04-20 11:51:54", "calendarYear": "2021", "period": "FY", "revenue": 8614900000, "costOfRevenue": 4148900000, "grossProfit": 4466000000, "grossProfitRatio": 0.5184041602, "researchAndDevelopmentExpenses": 0, "generalAndAdministrativeExpenses": 860100000, "sellingAndMarketingExpenses": 805000000, "sellingGeneralAndAdministrativeExpenses": 1665100000, "otherExpenses": 0, "operatingExpenses": 1665100000, "costAndExpenses": 5814000000, "interestIncome": 385700000, "interestExpense": 385700000, "depreciationAndAmortization": 303600000, "ebitda": 3094700000, "ebitdaratio": 0.3592264565, "operatingIncome": 2791100000, "operatingIncomeRatio": 0.3239851885, "totalOtherIncomeExpensesNet": -248200000, "incomeBeforeTax": 2542900000, "incomeBeforeTaxRatio": 0.2951746393, "incomeTaxExpense": 511100000, "netIncome": 1998000000, "netIncomeRatio": 0.23192376, "eps": 10.42, "epsdiluted": 9.22, "weightedAverageShsOut": 191742642, "weightedAverageShsOutDil": 216811642, "link": "https://www.sec.gov/Archives/edgar/data/16918/000001691821000060/0000016918-21-000060-index.htm", "finalLink": "https://www.sec.gov/Archives/edgar/data/16918/000001691821000060/stz-20210228.htm", "calculatedOtherExpenses": 9800000, "calculatedOperatingExpenses": 1674900000, "calculatedNetInterest": 0, "calculatedOtherIncome": -248200000, "calculatedIncomeNonControlling": 33800000, "calculatedEbitda": 3094700000}, {"date": "2020-02-29", "symbol": "STZ", "reportedCurrency": "USD", "cik": "0000016918", "fillingDate": "2020-04-21", "acceptedDate": "2020-04-21 10:23:53", "calendarYear": "2020", "period": "FY", "revenue": 8343500000, "costOfRevenue": 4191600000, "grossProfit": 4151900000, "grossProfitRatio": 0.4976209025, "researchAndDevelopmentExpenses": 0, "generalAndAdministrativeExpenses": 852300000, "sellingAndMarketingExpenses": 769500000, "sellingGeneralAndAdministrativeExpenses": 1621800000, "otherExpenses": 0, "operatingExpenses": 1621800000, "costAndExpenses": 5813400000, "interestIncome": 428700000, "interestExpense": 428700000, "depreciationAndAmortization": 702100000, "ebitda": 2856600000, "ebitdaratio": 0.3423743033, "operatingIncome": 2154500000, "operatingIncomeRatio": 0.2582249655, "totalOtherIncomeExpensesNet": -3099700000, "incomeBeforeTax": -945200000, "incomeBeforeTaxRatio": -0.1132857913, "incomeTaxExpense": -966600000, "netIncome": 21400000, "netIncomeRatio": 0.0025648709, "eps": 0.11, "epsdiluted": 0.11, "weightedAverageShsOut": 189310700, "weightedAverageShsOutDil": 189310700, "link": "https://www.sec.gov/Archives/edgar/data/16918/000001691820000078/0000016918-20-000078-index.htm", "finalLink": "https://www.sec.gov/Archives/edgar/data/16918/000001691820000078/stz229202010k.htm", "calculatedOtherExpenses": 375600000, "calculatedOperatingExpenses": 1997400000, "calculatedNetInterest": 0, "calculatedOtherIncome": -3099700000, "calculatedIncomeNonControlling": 0, "calculatedEbitda": 2856600000}, {"date": "2019-02-28", "symbol": "STZ", "reportedCurrency": "USD", "cik": "0000016918", "fillingDate": "2019-04-23", "acceptedDate": "2019-04-23 14:51:36", "calendarYear": "2019", "period": "FY", "revenue": 8116000000, "costOfRevenue": 4035700000, "grossProfit": 4080300000, "grossProfitRatio": 0.5027476589, "researchAndDevelopmentExpenses": 0, "generalAndAdministrativeExpenses": 967300000, "sellingAndMarketingExpenses": 700800000, "sellingGeneralAndAdministrativeExpenses": 1668100000, "otherExpenses": 0, "operatingExpenses": 1668100000, "costAndExpenses": 5703800000, "interestIncome": 12000000, "interestExpense": 367100000, "depreciationAndAmortization": 333100000, "ebitda": 2745300000, "ebitdaratio": 0.3382577624, "operatingIncome": 2412200000, "operatingIncomeRatio": 0.297215377, "totalOtherIncomeExpensesNet": 2099900000, "incomeBeforeTax": 4145000000, "incomeBeforeTaxRatio": 0.5107195663, "incomeTaxExpense": 685900000, "netIncome": 3435900000, "netIncomeRatio": 0.4233489404, "eps": 18.03, "epsdiluted": 17.57, "weightedAverageShsOut": 190570000, "weightedAverageShsOutDil": 195532000, "link": "https://www.sec.gov/Archives/edgar/data/16918/000001691819000024/0000016918-19-000024-index.htm", "finalLink": "https://www.sec.gov/Archives/edgar/data/16918/000001691819000024/stz228201910k.htm", "calculatedOtherExpenses": 0, "calculatedOperatingExpenses": 1668100000, "calculatedNetInterest": -355100000, "calculatedOtherIncome": 2087900000, "calculatedIncomeNonControlling": 23200000, "calculatedEbitda": 2745300000}, {"date": "2018-02-28", "symbol": "STZ", "reportedCurrency": "USD", "cik": "0000016918", "fillingDate": "2018-04-23", "acceptedDate": "2018-04-23 15:43:32", "calendarYear": "2018", "period": "FY", "revenue": 7585000000, "costOfRevenue": 3767800000, "grossProfit": 3817200000, "grossProfitRatio": 0.5032564272, "researchAndDevelopmentExpenses": 0, "generalAndAdministrativeExpenses": 917000000, "sellingAndMarketingExpenses": 615700000, "sellingGeneralAndAdministrativeExpenses": 1532700000, "otherExpenses": 0, "operatingExpenses": 1532700000, "costAndExpenses": 5300500000, "interestIncome": 0, "interestExpense": 332000000, "depreciationAndAmortization": 293800000, "ebitda": 2578300000, "ebitdaratio": 0.3399208965, "operatingIncome": 2284500000, "operatingIncomeRatio": 0.3011865524, "totalOtherIncomeExpensesNet": 390200000, "incomeBeforeTax": 2342700000, "incomeBeforeTaxRatio": 0.3088595913, "incomeTaxExpense": 11900000, "netIncome": 2318900000, "netIncomeRatio": 0.3057218194, "eps": 11.55, "epsdiluted": 11.55, "weightedAverageShsOut": 194793000, "weightedAverageShsOutDil": 200745000, "link": "https://www.sec.gov/Archives/edgar/data/16918/000001691818000033/0000016918-18-000033-index.htm", "finalLink": "https://www.sec.gov/Archives/edgar/data/16918/000001691818000033/stz228201810k.htm", "calculatedOtherExpenses": 0, "calculatedOperatingExpenses": 1532700000, "calculatedNetInterest": -332000000, "calculatedOtherIncome": 390200000, "calculatedIncomeNonControlling": 11900000, "calculatedEbitda": 2578300000}, {"date": "2017-02-28", "symbol": "STZ", "reportedCurrency": "USD", "cik": "0000016918", "fillingDate": "2017-04-27", "acceptedDate": "2017-04-27 10:48:48", "calendarYear": "2017", "period": "FY", "revenue": 7331500000, "costOfRevenue": 3802100000, "grossProfit": 3529400000, "grossProfitRatio": 0.4814021687, "researchAndDevelopmentExpenses": 0, "generalAndAdministrativeExpenses": 839600000, "sellingAndMarketingExpenses": 552800000, "sellingGeneralAndAdministrativeExpenses": 1392400000, "otherExpenses": 0, "operatingExpenses": 1392400000, "costAndExpenses": 5194500000, "interestIncome": 0, "interestExpense": 333300000, "depreciationAndAmortization": 293900000, "ebitda": 2430900000, "ebitdaratio": 0.331569256, "operatingIncome": 2399400000, "operatingIncomeRatio": 0.3272727273, "totalOtherIncomeExpensesNet": 289700000, "incomeBeforeTax": 2093400000, "incomeBeforeTaxRatio": 0.2855350201, "incomeTaxExpense": 554200000, "netIncome": 1535100000, "netIncomeRatio": 0.2093841642, "eps": 7.79, "epsdiluted": 7.52, "weightedAverageShsOut": 199287000, "weightedAverageShsOutDil": 204099000, "link": "https://www.sec.gov/Archives/edgar/data/16918/000001691817000029/0000016918-17-000029-index.htm", "finalLink": "https://www.sec.gov/Archives/edgar/data/16918/000001691817000029/stz_228201710k.htm", "calculatedOtherExpenses": -262400000, "calculatedOperatingExpenses": 1130000000, "calculatedNetInterest": -333300000, "calculatedOtherIncome": 27300000, "calculatedIncomeNonControlling": 4100000, "calculatedEbitda": 2693300000}, {"date": "2016-02-29", "symbol": "STZ", "reportedCurrency": "USD", "cik": "0000016918", "fillingDate": "2016-04-25", "acceptedDate": "2016-04-25 13:27:38", "calendarYear": "2016", "period": "FY", "revenue": 6548400000, "costOfRevenue": 3606100000, "grossProfit": 2942300000, "grossProfitRatio": 0.4493158634, "researchAndDevelopmentExpenses": 0, "generalAndAdministrativeExpenses": 708900000, "sellingAndMarketingExpenses": 468300000, "sellingGeneralAndAdministrativeExpenses": 1177200000, "otherExpenses": 0, "operatingExpenses": 1177200000, "costAndExpenses": 4783300000, "interestIncome": 0, "interestExpense": 313900000, "depreciationAndAmortization": 221000000, "ebitda": 1986100000, "ebitdaratio": 0.3032954615, "operatingIncome": 1765100000, "operatingIncomeRatio": 0.2695467595, "totalOtherIncomeExpensesNet": 50000000, "incomeBeforeTax": 1501200000, "incomeBeforeTaxRatio": 0.2292468389, "incomeTaxExpense": 440600000, "netIncome": 1054900000, "netIncomeRatio": 0.161092786, "eps": 5.42, "epsdiluted": 5.18, "weightedAverageShsOut": 196746000, "weightedAverageShsOutDil": 203821000, "link": "https://www.sec.gov/Archives/edgar/data/16918/000001691816000075/0000016918-16-000075-index.htm", "finalLink": "https://www.sec.gov/Archives/edgar/data/16918/000001691816000075/stz229201610k.htm", "calculatedOtherExpenses": 0, "calculatedOperatingExpenses": 1177200000, "calculatedNetInterest": -313900000, "calculatedOtherIncome": 50000000, "calculatedIncomeNonControlling": 5700000, "calculatedEbitda": 1986100000}, {"date": "2015-02-28", "symbol": "STZ", "reportedCurrency": "USD", "cik": "0000016918", "fillingDate": "2015-04-28", "acceptedDate": "2015-04-28 14:17:43", "calendarYear": "2015", "period": "FY", "revenue": 6028000000, "costOfRevenue": 3449400000, "grossProfit": 2578600000, "grossProfitRatio": 0.4277704048, "researchAndDevelopmentExpenses": 0, "generalAndAdministrativeExpenses": 672300000, "sellingAndMarketingExpenses": 406100000, "sellingGeneralAndAdministrativeExpenses": 1078400000, "otherExpenses": 0, "operatingExpenses": 1078400000, "costAndExpenses": 4527800000, "interestIncome": 0, "interestExpense": 337700000, "depreciationAndAmortization": 202000000, "ebitda": 1702200000, "ebitdaratio": 0.2823822163, "operatingIncome": 1500200000, "operatingIncomeRatio": 0.248871931, "totalOtherIncomeExpensesNet": 17100000, "incomeBeforeTax": 1179600000, "incomeBeforeTaxRatio": 0.195686795, "incomeTaxExpense": 343400000, "netIncome": 839300000, "netIncomeRatio": 0.1392335766, "eps": 4.4, "epsdiluted": 4.17, "weightedAverageShsOut": 192722000, "weightedAverageShsOutDil": 201224000, "link": "https://www.sec.gov/Archives/edgar/data/16918/000001691815000016/0000016918-15-000016-index.htm", "finalLink": "https://www.sec.gov/Archives/edgar/data/16918/000001691815000016/stz228201510k.htm", "calculatedOtherExpenses": 0, "calculatedOperatingExpenses": 1078400000, "calculatedNetInterest": -337700000, "calculatedOtherIncome": 17100000, "calculatedIncomeNonControlling": -3100000, "calculatedEbitda": 1702200000}, {"date": "2014-02-28", "symbol": "STZ", "reportedCurrency": "USD", "cik": "0000016918", "fillingDate": "2014-04-29", "acceptedDate": "2014-04-29 11:20:49", "calendarYear": "2014", "period": "FY", "revenue": 4867700000, "costOfRevenue": 2876000000, "grossProfit": 1991700000, "grossProfitRatio": 0.4091665468, "researchAndDevelopmentExpenses": 0, "generalAndAdministrativeExpenses": 616600000, "sellingAndMarketingExpenses": 278500000, "sellingGeneralAndAdministrativeExpenses": 895100000, "otherExpenses": 0, "operatingExpenses": 895100000, "costAndExpenses": 3771100000, "interestIncome": 0, "interestExpense": 323200000, "depreciationAndAmortization": 155300000, "ebitda": 2893900000, "ebitdaratio": 0.5945107546, "operatingIncome": 2437700000, "operatingIncomeRatio": 0.500790928, "totalOtherIncomeExpensesNet": 1428900000, "incomeBeforeTax": 2202300000, "incomeBeforeTaxRatio": 0.4524313331, "incomeTaxExpense": 259200000, "netIncome": 1943100000, "netIncomeRatio": 0.3991823654, "eps": 10.45, "epsdiluted": 9.83, "weightedAverageShsOut": 188154000, "weightedAverageShsOutDil": 197570000, "link": "https://www.sec.gov/Archives/edgar/data/16918/000001691814000011/0000016918-14-000011-index.htm", "finalLink": "https://www.sec.gov/Archives/edgar/data/16918/000001691814000011/stz228201410k.htm", "calculatedOtherExpenses": -1341100000, "calculatedOperatingExpenses": -446000000, "calculatedNetInterest": -323200000, "calculatedOtherIncome": 87800000, "calculatedIncomeNonControlling": 0, "calculatedEbitda": 2593000000}, {"date": "2013-02-28", "symbol": "STZ", "reportedCurrency": "USD", "cik": "0000016918", "fillingDate": "2013-04-29", "acceptedDate": "2013-04-29 10:37:44", "calendarYear": "2013", "period": "FY", "revenue": 2796100000, "costOfRevenue": 1687800000, "grossProfit": 1108300000, "grossProfitRatio": 0.3963735203, "researchAndDevelopmentExpenses": 0, "generalAndAdministrativeExpenses": 462800000, "sellingAndMarketingExpenses": 121900000, "sellingGeneralAndAdministrativeExpenses": 584700000, "otherExpenses": 0, "operatingExpenses": 584700000, "costAndExpenses": 2272500000, "interestIncome": 0, "interestExpense": 227100000, "depreciationAndAmortization": 115400000, "ebitda": 639000000, "ebitdaratio": 0.228532599, "operatingIncome": 522900000, "operatingIncomeRatio": 0.1870104789, "totalOtherIncomeExpensesNet": 219900000, "incomeBeforeTax": 516400000, "incomeBeforeTaxRatio": 0.1846858124, "incomeTaxExpense": 128600000, "netIncome": 387800000, "netIncomeRatio": 0.1386931798, "eps": 2.15, "epsdiluted": 2.04, "weightedAverageShsOut": 182190000, "weightedAverageShsOutDil": 190307000, "link": "https://www.sec.gov/Archives/edgar/data/16918/000001691813000008/0000016918-13-000008-index.htm", "finalLink": "https://www.sec.gov/Archives/edgar/data/16918/000001691813000008/stz228201310k.htm", "calculatedOtherExpenses": 700000, "calculatedOperatingExpenses": 585400000, "calculatedNetInterest": -227100000, "calculatedOtherIncome": 220600000, "calculatedIncomeNonControlling": 0, "calculatedEbitda": 638300000}, {"date": "2012-02-29", "symbol": "STZ", "reportedCurrency": "USD", "cik": "0000016918", "fillingDate": "2012-04-30", "acceptedDate": "2012-04-30 14:27:40", "calendarYear": "2012", "period": "FY", "revenue": 2654300000, "costOfRevenue": 1592200000, "grossProfit": 1062100000, "grossProfitRatio": 0.4001431639, "researchAndDevelopmentExpenses": 0, "generalAndAdministrativeExpenses": 0, "sellingAndMarketingExpenses": 0, "sellingGeneralAndAdministrativeExpenses": 521500000, "otherExpenses": 0, "operatingExpenses": 521500000, "costAndExpenses": 2113700000, "interestIncome": 0, "interestExpense": 181000000, "depreciationAndAmortization": 110300000, "ebitda": 705000000, "ebitdaratio": 0.2656067513, "operatingIncome": 486500000, "operatingIncomeRatio": 0.1832874958, "totalOtherIncomeExpensesNet": 174400000, "incomeBeforeTax": 534000000, "incomeBeforeTaxRatio": 0.2011829861, "incomeTaxExpense": 89000000, "netIncome": 445000000, "netIncomeRatio": 0.1676524884, "eps": 2.2, "epsdiluted": 2.13, "weightedAverageShsOut": 204314000, "weightedAverageShsOutDil": 208655000, "link": "https://www.sec.gov/Archives/edgar/data/16918/000119312512195350/0001193125-12-195350-index.htm", "finalLink": "https://www.sec.gov/Archives/edgar/data/16918/000119312512195350/d285276d10k.htm", "calculatedOtherExpenses": 54100000, "calculatedOperatingExpenses": 575600000, "calculatedNetInterest": -181000000, "calculatedOtherIncome": 228500000, "calculatedIncomeNonControlling": 0, "calculatedEbitda": 596800000}, {"date": "2011-02-28", "symbol": "STZ", "reportedCurrency": "USD", "cik": "0000016918", "fillingDate": "2011-04-29", "acceptedDate": "2011-04-29 15:07:59", "calendarYear": "2011", "period": "FY", "revenue": 3332000000, "costOfRevenue": 2141900000, "grossProfit": 1190100000, "grossProfitRatio": 0.3571728691, "researchAndDevelopmentExpenses": 0, "generalAndAdministrativeExpenses": 0, "sellingAndMarketingExpenses": 0, "sellingGeneralAndAdministrativeExpenses": 640900000, "otherExpenses": 0, "operatingExpenses": 640900000, "costAndExpenses": 2782800000, "interestIncome": 0, "interestExpense": -48500000, "depreciationAndAmortization": 133800000, "ebitda": 729700000, "ebitdaratio": 0.218997599, "operatingIncome": 502500000, "operatingIncomeRatio": 0.1508103241, "totalOtherIncomeExpensesNet": 197100000, "incomeBeforeTax": 551000000, "incomeBeforeTaxRatio": 0.1653661465, "incomeTaxExpense": -8500000, "netIncome": 559500000, "netIncomeRatio": 0.1679171669, "eps": 2.68, "epsdiluted": 2.62, "weightedAverageShsOut": 210910000, "weightedAverageShsOutDil": 213765000, "link": "https://www.sec.gov/Archives/edgar/data/16918/000095012311041878/0000950123-11-041878-index.htm", "finalLink": "https://www.sec.gov/Archives/edgar/data/16918/000095012311041878/l41071e10vk.htm", "calculatedOtherExpenses": 46700000, "calculatedOperatingExpenses": 687600000, "calculatedNetInterest": 48500000, "calculatedOtherIncome": 0, "calculatedIncomeNonControlling": 0, "calculatedEbitda": 636300000}, {"date": "2010-02-28", "symbol": "STZ", "reportedCurrency": "USD", "cik": "0000016918", "fillingDate": "2010-04-29", "acceptedDate": "2010-04-29 16:24:11", "calendarYear": "2010", "period": "FY", "revenue": 3364800000, "costOfRevenue": 2220000000, "grossProfit": 1144800000, "grossProfitRatio": 0.3402282454, "researchAndDevelopmentExpenses": 0, "generalAndAdministrativeExpenses": 0, "sellingAndMarketingExpenses": 0, "sellingGeneralAndAdministrativeExpenses": 682300000, "otherExpenses": 0, "operatingExpenses": 682300000, "costAndExpenses": 2902300000, "interestIncome": 0, "interestExpense": 265100000, "depreciationAndAmortization": 155900000, "ebitda": 770100000, "ebitdaratio": 0.2288694722, "operatingIncome": 311500000, "operatingIncomeRatio": 0.0925760818, "totalOtherIncomeExpensesNet": 61900000, "incomeBeforeTax": 259300000, "incomeBeforeTaxRatio": 0.0770625297, "incomeTaxExpense": 160000000, "netIncome": 99300000, "netIncomeRatio": 0.0295114123, "eps": 0.45, "epsdiluted": 0.41, "weightedAverageShsOut": 219831000, "weightedAverageShsOutDil": 244946000, "link": "https://www.sec.gov/Archives/edgar/data/16918/000095012310040629/0000950123-10-040629-index.htm", "finalLink": "https://www.sec.gov/Archives/edgar/data/16918/000095012310040629/l39498e10vk.htm", "calculatedOtherExpenses": 151000000, "calculatedOperatingExpenses": 833300000, "calculatedNetInterest": -265100000, "calculatedOtherIncome": 212900000, "calculatedIncomeNonControlling": 0, "calculatedEbitda": 467400000}, {"date": "2009-02-28", "symbol": "STZ", "reportedCurrency": "USD", "cik": "0000016918", "fillingDate": "2009-04-29", "acceptedDate": "2009-04-29 15:36:27", "calendarYear": "2009", "period": "FY", "revenue": 3654600000, "costOfRevenue": 2424600000, "grossProfit": 1230000000, "grossProfitRatio": 0.3365621409, "researchAndDevelopmentExpenses": 0, "generalAndAdministrativeExpenses": 0, "sellingAndMarketingExpenses": 0, "sellingGeneralAndAdministrativeExpenses": 830400000, "otherExpenses": 0, "operatingExpenses": 830400000, "costAndExpenses": 3255000000, "interestIncome": 0, "interestExpense": 506400000, "depreciationAndAmortization": 157000000, "ebitda": 933200000, "ebitdaratio": 0.2553494226, "operatingIncome": 23000000, "operatingIncomeRatio": 0.0062934384, "totalOtherIncomeExpensesNet": -190000000, "incomeBeforeTax": -106800000, "incomeBeforeTaxRatio": -0.0292234444, "incomeTaxExpense": 194600000, "netIncome": -301400000, "netIncomeRatio": -0.0824714059, "eps": -1.38, "epsdiluted": -1.38, "weightedAverageShsOut": 217659000, "weightedAverageShsOutDil": 217659000, "link": "https://www.sec.gov/Archives/edgar/data/16918/000095015209004335/0000950152-09-004335-index.htm", "finalLink": "https://www.sec.gov/Archives/edgar/data/16918/000095015209004335/l36231ae10vk.htm", "calculatedOtherExpenses": 376600000, "calculatedOperatingExpenses": 1207000000, "calculatedNetInterest": -506400000, "calculatedOtherIncome": 376600000, "calculatedIncomeNonControlling": 0, "calculatedEbitda": 180000000}, {"date": "2008-02-29", "symbol": "STZ", "reportedCurrency": "USD", "cik": "0000016918", "fillingDate": "2008-04-29", "acceptedDate": "2008-04-29 14:26:50", "calendarYear": "2008", "period": "FY", "revenue": 3773000000, "costOfRevenue": 2491500000, "grossProfit": 1281500000, "grossProfitRatio": 0.3396501458, "researchAndDevelopmentExpenses": 0, "generalAndAdministrativeExpenses": 0, "sellingAndMarketingExpenses": 0, "sellingGeneralAndAdministrativeExpenses": 807300000, "otherExpenses": 0, "operatingExpenses": 807300000, "costAndExpenses": 3298800000, "interestIncome": 0, "interestExpense": 914800000, "depreciationAndAmortization": 165900000, "ebitda": 1471000000, "ebitdaratio": 0.3898754307, "operatingIncome": -356700000, "operatingIncomeRatio": -0.0945401537, "totalOtherIncomeExpensesNet": -573000000, "incomeBeforeTax": -440600000, "incomeBeforeTaxRatio": -0.1167771005, "incomeTaxExpense": 172700000, "netIncome": -613300000, "netIncomeRatio": -0.1625496952, "eps": -2.8, "epsdiluted": -2.8, "weightedAverageShsOut": 218947000, "weightedAverageShsOutDil": 218947000, "link": "https://www.sec.gov/Archives/edgar/data/16918/000095015208003169/0000950152-08-003169-index.htm", "finalLink": "https://www.sec.gov/Archives/edgar/data/16918/000095015208003169/l30627ae10vk.htm", "calculatedOtherExpenses": 830900000, "calculatedOperatingExpenses": 1638200000, "calculatedNetInterest": -914800000, "calculatedOtherIncome": 830900000, "calculatedIncomeNonControlling": 0, "calculatedEbitda": -190800000}, {"date": "2007-02-28", "symbol": "STZ", "reportedCurrency": "USD", "cik": "0000016918", "fillingDate": "2007-04-30", "acceptedDate": "2007-04-30 16:33:41", "calendarYear": "2007", "period": "FY", "revenue": 5216400000, "costOfRevenue": 3692500000, "grossProfit": 1523900000, "grossProfitRatio": 0.2921363392, "researchAndDevelopmentExpenses": 0, "generalAndAdministrativeExpenses": 0, "sellingAndMarketingExpenses": 0, "sellingGeneralAndAdministrativeExpenses": 768800000, "otherExpenses": 0, "operatingExpenses": 768800000, "costAndExpenses": 4461300000, "interestIncome": 0, "interestExpense": 219800000, "depreciationAndAmortization": 139300000, "ebitda": 895400000, "ebitdaratio": 0.171650947, "operatingIncome": 699000000, "operatingIncomeRatio": 0.1340004601, "totalOtherIncomeExpensesNet": 48900000, "incomeBeforeTax": 535300000, "incomeBeforeTaxRatio": 0.1026186642, "incomeTaxExpense": 203400000, "netIncome": 331900000, "netIncomeRatio": 0.0636262557, "eps": 1.44, "epsdiluted": 1.38, "weightedAverageShsOut": 228806000, "weightedAverageShsOutDil": 239772000, "link": "https://www.sec.gov/Archives/edgar/data/16918/000001691807000041/0000016918-07-000041-index.htm", "finalLink": "https://www.sec.gov/Archives/edgar/data/16918/000001691807000041/form10k-022807.htm", "calculatedOtherExpenses": 56100000, "calculatedOperatingExpenses": 824900000, "calculatedNetInterest": -219800000, "calculatedOtherIncome": 56100000, "calculatedIncomeNonControlling": 0, "calculatedEbitda": 838300000}, {"date": "2006-02-28", "symbol": "STZ", "reportedCurrency": "USD", "cik": "0000016918", "fillingDate": "2006-05-02", "acceptedDate": "2006-05-01 18:55:00", "calendarYear": "2006", "period": "FY", "revenue": 4603448000, "costOfRevenue": 3278857000, "grossProfit": 1324591000, "grossProfitRatio": 0.2877388862, "researchAndDevelopmentExpenses": 0, "generalAndAdministrativeExpenses": 0, "sellingAndMarketingExpenses": 0, "sellingGeneralAndAdministrativeExpenses": 612404000, "otherExpenses": 0, "operatingExpenses": 612404000, "costAndExpenses": 3891261000, "interestIncome": 0, "interestExpense": 234929000, "depreciationAndAmortization": 128175000, "ebitda": 886432000, "ebitdaratio": 0.1925582737, "operatingIncome": 666115000, "operatingIncomeRatio": 0.1446991472, "totalOtherIncomeExpensesNet": -45245000, "incomeBeforeTax": 477258000, "incomeBeforeTaxRatio": 0.1036740287, "incomeTaxExpense": 151996000, "netIncome": 325262000, "netIncomeRatio": 0.070656169, "eps": 1.44, "epsdiluted": 1.36, "weightedAverageShsOut": 220811000, "weightedAverageShsOutDil": 238707000, "link": "https://www.sec.gov/Archives/edgar/data/16918/000001691806000033/0000016918-06-000033-index.htm", "finalLink": "https://www.sec.gov/Archives/edgar/data/16918/000001691806000033/form10k-022806.htm", "calculatedOtherExpenses": 46072000, "calculatedOperatingExpenses": 658476000, "calculatedNetInterest": -234929000, "calculatedOtherIncome": 46072000, "calculatedIncomeNonControlling": 0, "calculatedEbitda": 794290000}, {"date": "2005-02-28", "symbol": "STZ", "reportedCurrency": "USD", "cik": "0000016918", "fillingDate": "2005-05-16", "acceptedDate": "2005-05-16 17:17:17", "calendarYear": "2005", "period": "FY", "revenue": 4087638000, "costOfRevenue": 2947049000, "grossProfit": 1140589000, "grossProfitRatio": 0.2790337598, "researchAndDevelopmentExpenses": 0, "generalAndAdministrativeExpenses": 0, "sellingAndMarketingExpenses": 0, "sellingGeneralAndAdministrativeExpenses": 555694000, "otherExpenses": 0, "operatingExpenses": 555694000, "costAndExpenses": 3502743000, "interestIncome": 0, "interestExpense": 152921000, "depreciationAndAmortization": 103727000, "ebitda": 705621000, "ebitdaratio": 0.1726231628, "operatingIncome": 567896000, "operatingIncomeRatio": 0.1389301107, "totalOtherIncomeExpensesNet": -15246000, "incomeBeforeTax": 431974000, "incomeBeforeTaxRatio": 0.1056781447, "incomeTaxExpense": 155510000, "netIncome": 276464000, "netIncomeRatio": 0.0676341692, "eps": 1.25, "epsdiluted": 1.19, "weightedAverageShsOut": 215532000, "weightedAverageShsOutDil": 233060000, "link": "https://www.sec.gov/Archives/edgar/data/16918/000001691805000031/0000016918-05-000031-index.htm", "finalLink": "https://www.sec.gov/Archives/edgar/data/16918/000001691805000031/form10k-022805.htm", "calculatedOtherExpenses": 16999000, "calculatedOperatingExpenses": 572693000, "calculatedNetInterest": -152921000, "calculatedOtherIncome": 16999000, "calculatedIncomeNonControlling": 0, "calculatedEbitda": 671623000}, {"date": "2004-02-29", "symbol": "STZ", "reportedCurrency": "USD", "cik": "0000016918", "fillingDate": "2004-05-14", "acceptedDate": "2004-05-14 17:30:27", "calendarYear": "2004", "period": "FY", "revenue": 3552429000, "costOfRevenue": 2576641000, "grossProfit": 975788000, "grossProfitRatio": 0.2746819148, "researchAndDevelopmentExpenses": 0, "generalAndAdministrativeExpenses": 0, "sellingAndMarketingExpenses": 0, "sellingGeneralAndAdministrativeExpenses": 457277000, "otherExpenses": 0, "operatingExpenses": 457277000, "costAndExpenses": 3033918000, "interestIncome": 0, "interestExpense": 174114000, "depreciationAndAmortization": 102047000, "ebitda": 650531000, "ebitdaratio": 0.1831228717, "operatingIncome": 487357000, "operatingIncomeRatio": 0.1371897932, "totalOtherIncomeExpensesNet": -29431000, "incomeBeforeTax": 344397000, "incomeBeforeTaxRatio": 0.0969469059, "incomeTaxExpense": 123983000, "netIncome": 220414000, "netIncomeRatio": 0.0620459973, "eps": 1.08, "epsdiluted": 1.03, "weightedAverageShsOut": 201404000, "weightedAverageShsOutDil": 213896000, "link": "https://www.sec.gov/Archives/edgar/data/16918/000001691804000029/0000016918-04-000029-index.htm", "finalLink": "https://www.sec.gov/Archives/edgar/data/16918/000001691804000029/doc1.txt", "calculatedOtherExpenses": 31154000, "calculatedOperatingExpenses": 488431000, "calculatedNetInterest": -174114000, "calculatedOtherIncome": 31154000, "calculatedIncomeNonControlling": 0, "calculatedEbitda": 589404000}, {"date": "2003-02-28", "symbol": "STZ", "reportedCurrency": "USD", "cik": "0000016918", "fillingDate": "2003-05-13", "acceptedDate": "2003-05-13 17:20:47", "calendarYear": "2003", "period": "FY", "revenue": 2731612000, "costOfRevenue": 1970897000, "grossProfit": 760715000, "grossProfitRatio": 0.2784857439, "researchAndDevelopmentExpenses": 0, "generalAndAdministrativeExpenses": 0, "sellingAndMarketingExpenses": 0, "sellingGeneralAndAdministrativeExpenses": 350993000, "otherExpenses": 0, "operatingExpenses": 350993000, "costAndExpenses": 2321890000, "interestIncome": 0, "interestExpense": 70022000, "depreciationAndAmortization": 60149000, "ebitda": 451506000, "ebitdaratio": 0.1652892138, "operatingIncome": 404958000, "operatingIncomeRatio": 0.1482487264, "totalOtherIncomeExpensesNet": 30601000, "incomeBeforeTax": 334936000, "incomeBeforeTaxRatio": 0.1226147784, "incomeTaxExpense": 131630000, "netIncome": 203306000, "netIncomeRatio": 0.0744271148, "eps": 1.13, "epsdiluted": 1.1, "weightedAverageShsOut": 179712000, "weightedAverageShsOutDil": 185492000, "link": "https://www.sec.gov/Archives/edgar/data/16918/000001691803000013/0000016918-03-000013-index.htm", "finalLink": "https://www.sec.gov/Archives/edgar/data/16918/000001691803000013/doc1.txt", "calculatedOtherExpenses": 4764000, "calculatedOperatingExpenses": 355757000, "calculatedNetInterest": -70022000, "calculatedOtherIncome": 0, "calculatedIncomeNonControlling": 0, "calculatedEbitda": 465107000}, {"date": "2002-02-28", "symbol": "STZ", "reportedCurrency": "USD", "cik": "0000016918", "fillingDate": "2002-05-21", "acceptedDate": "2002-05-20 21:08:09", "calendarYear": "2002", "period": "FY", "revenue": 2820503000, "costOfRevenue": 1901462000, "grossProfit": 919041000, "grossProfitRatio": 0.3258429436, "researchAndDevelopmentExpenses": 0, "generalAndAdministrativeExpenses": 576560000, "sellingAndMarketingExpenses": 0, "sellingGeneralAndAdministrativeExpenses": 576560000, "otherExpenses": 0, "operatingExpenses": 576560000, "costAndExpenses": 2478022000, "interestIncome": 0, "interestExpense": 114076000, "depreciationAndAmortization": 85404000, "ebitda": 427885000, "ebitdaratio": 0.15170521, "operatingIncome": 342481000, "operatingIncomeRatio": 0.1214255046, "totalOtherIncomeExpensesNet": 1667000, "incomeBeforeTax": 229959000, "incomeBeforeTaxRatio": 0.0815312021, "incomeTaxExpense": 91984000, "netIncome": 136421000, "netIncomeRatio": 0.0483676139, "eps": 0.8, "epsdiluted": 0.78, "weightedAverageShsOut": 171010000, "weightedAverageShsOutDil": 175650000, "link": "https://www.sec.gov/Archives/edgar/data/16918/000001691802000009/0000016918-02-000009-index.htm", "finalLink": "https://www.sec.gov/Archives/edgar/data/16918/000001691802000009/doc1.txt", "calculatedOtherExpenses": 0, "calculatedOperatingExpenses": 576560000, "calculatedNetInterest": -114076000, "calculatedOtherIncome": 1554000, "calculatedIncomeNonControlling": 1554000, "calculatedEbitda": 427885000}, {"date": "2001-02-28", "symbol": "STZ", "reportedCurrency": "USD", "cik": "0000016918", "fillingDate": "2001-05-29", "acceptedDate": "2001-05-29 00:00:00", "calendarYear": "2001", "period": "FY", "revenue": 2396685000, "costOfRevenue": 1594617000, "grossProfit": 802068000, "grossProfitRatio": 0.3346572453, "researchAndDevelopmentExpenses": 0, "generalAndAdministrativeExpenses": 486587000, "sellingAndMarketingExpenses": 0, "sellingGeneralAndAdministrativeExpenses": 486587000, "otherExpenses": 757609000, "operatingExpenses": 1244196000, "costAndExpenses": 2838813000, "interestIncome": 0, "interestExpense": -604365000, "depreciationAndAmortization": 70886000, "ebitda": -371242000, "ebitdaratio": -0.1548981197, "operatingIncome": 270868000, "operatingIncomeRatio": 0.1130177725, "totalOtherIncomeExpensesNet": 604365000, "incomeBeforeTax": 162237000, "incomeBeforeTaxRatio": 0.0676922499, "incomeTaxExpense": 64895000, "netIncome": 97342000, "netIncomeRatio": 0.0406152665, "eps": 0.67, "epsdiluted": 0.65, "weightedAverageShsOut": 146892000, "weightedAverageShsOutDil": 149502000, "link": "https://www.sec.gov/Archives/edgar/data/16918/000001691801500005/0000016918-01-500005-index.htm", "finalLink": "https://www.sec.gov/Archives/edgar/data/16918/000001691801500005/k10working.txt", "calculatedOtherExpenses": 44613000, "calculatedOperatingExpenses": 531200000, "calculatedNetInterest": 604365000, "calculatedOtherIncome": -712996000, "calculatedIncomeNonControlling": 0, "calculatedEbitda": 341754000}, {"date": "2000-02-29", "symbol": "STZ", "reportedCurrency": "USD", "cik": "0000016918", "fillingDate": "2000-05-30", "acceptedDate": "2000-05-30 00:00:00", "calendarYear": "2000", "period": "FY", "revenue": 2340469000, "costOfRevenue": 1552859000, "grossProfit": 787610000, "grossProfitRatio": 0.3365180227, "researchAndDevelopmentExpenses": 0, "generalAndAdministrativeExpenses": 481909000, "sellingAndMarketingExpenses": 0, "sellingGeneralAndAdministrativeExpenses": 481909000, "otherExpenses": 65150000, "operatingExpenses": 547059000, "costAndExpenses": 2099918000, "interestIncome": 0, "interestExpense": 111592000, "depreciationAndAmortization": 65150000, "ebitda": 311211000, "ebitdaratio": 0.1329695031, "operatingIncome": 240551000, "operatingIncomeRatio": 0.1027789729, "totalOtherIncomeExpensesNet": -5510000, "incomeBeforeTax": 128959000, "incomeBeforeTaxRatio": 0.0550996403, "incomeTaxExpense": 51584000, "netIncome": 77375000, "netIncomeRatio": 0.0330596133, "eps": 0.54, "epsdiluted": 0.53, "weightedAverageShsOut": 288864000, "weightedAverageShsOutDil": 295984000, "link": "https://www.sec.gov/Archives/edgar/data/16918/000001691800000009/0000016918-00-000009-index.htm", "finalLink": "https://www.sec.gov/Archives/edgar/data/16918/000001691800000009/0000016918-00-000009-0001.txt", "calculatedOtherExpenses": 65150000, "calculatedOperatingExpenses": 547059000, "calculatedNetInterest": -111592000, "calculatedOtherIncome": 0, "calculatedIncomeNonControlling": 0, "calculatedEbitda": 305701000}, {"date": "1999-02-28", "symbol": "STZ", "reportedCurrency": "USD", "cik": "0000016918", "fillingDate": "1999-06-01", "acceptedDate": "1999-06-01 00:00:00", "calendarYear": "1999", "period": "FY", "revenue": 1497300000, "costOfRevenue": 1010300000, "grossProfit": 487000000, "grossProfitRatio": 0.3252521205, "researchAndDevelopmentExpenses": 0, "generalAndAdministrativeExpenses": 299500000, "sellingAndMarketingExpenses": 0, "sellingGeneralAndAdministrativeExpenses": 299500000, "otherExpenses": 39000000, "operatingExpenses": 338500000, "costAndExpenses": 1348800000, "interestIncome": 0, "interestExpense": 55500000, "depreciationAndAmortization": 39000000, "ebitda": 190100000, "ebitdaratio": 0.1269618647, "operatingIncome": 148500000, "operatingIncomeRatio": 0.0991785213, "totalOtherIncomeExpensesNet": -2600000, "incomeBeforeTax": 104400000, "incomeBeforeTaxRatio": 0.0697255059, "incomeTaxExpense": 42500000, "netIncome": 50500000, "netIncomeRatio": 0.0337273759, "eps": 0.35, "epsdiluted": 0.34, "weightedAverageShsOut": 146344000, "weightedAverageShsOutDil": 150032000, "link": "https://www.sec.gov/Archives/edgar/data/16918/000001691899000008/0000016918-99-000008-index.html", "finalLink": "https://www.sec.gov/Archives/edgar/data/16918/000001691899000008/", "calculatedOtherExpenses": 39000000, "calculatedOperatingExpenses": 338500000, "calculatedNetInterest": -55500000, "calculatedOtherIncome": 11400000, "calculatedIncomeNonControlling": 11400000, "calculatedEbitda": 187500000}, {"date": "1998-02-28", "symbol": "STZ", "reportedCurrency": "USD", "cik": "0000016918", "fillingDate": "1998-05-29", "acceptedDate": "1998-05-29 00:00:00", "calendarYear": "1998", "period": "FY", "revenue": 1212800000, "costOfRevenue": 830600000, "grossProfit": 382200000, "grossProfitRatio": 0.3151385224, "researchAndDevelopmentExpenses": 0, "generalAndAdministrativeExpenses": 231700000, "sellingAndMarketingExpenses": 0, "sellingGeneralAndAdministrativeExpenses": 231700000, "otherExpenses": 33500000, "operatingExpenses": 265200000, "costAndExpenses": 1095800000, "interestIncome": 0, "interestExpense": 32100000, "depreciationAndAmortization": 33500000, "ebitda": 150500000, "ebitdaratio": 0.1240930079, "operatingIncome": 117000000, "operatingIncomeRatio": 0.0964709763, "totalOtherIncomeExpensesNet": -32100000, "incomeBeforeTax": 84900000, "incomeBeforeTaxRatio": 0.0700032982, "incomeTaxExpense": 34800000, "netIncome": 50100000, "netIncomeRatio": 0.0413093668, "eps": 0.32, "epsdiluted": 0.31, "weightedAverageShsOut": 149376000, "weightedAverageShsOutDil": 152840000, "link": "https://www.sec.gov/Archives/edgar/data/16918/0000016918-98-000001-index.html", "finalLink": "https://www.sec.gov/Archives/edgar/data/16918/0000016918-98-000001.txt", "calculatedOtherExpenses": 33500000, "calculatedOperatingExpenses": 265200000, "calculatedNetInterest": -32100000, "calculatedOtherIncome": 0, "calculatedIncomeNonControlling": 0, "calculatedEbitda": 150500000}, {"date": "1997-02-28", "symbol": "STZ", "reportedCurrency": "USD", "cik": "0000016918", "fillingDate": "1997-05-29", "acceptedDate": "1997-05-29 00:00:00", "calendarYear": "1997", "period": "FY", "revenue": 1135000000, "costOfRevenue": 812200000, "grossProfit": 322800000, "grossProfitRatio": 0.2844052863, "researchAndDevelopmentExpenses": 0, "generalAndAdministrativeExpenses": 209000000, "sellingAndMarketingExpenses": 0, "sellingGeneralAndAdministrativeExpenses": 209000000, "otherExpenses": 32000000, "operatingExpenses": 241000000, "costAndExpenses": 1053200000, "interestIncome": 0, "interestExpense": 34000000, "depreciationAndAmortization": 32000000, "ebitda": 113800000, "ebitdaratio": 0.1002643172, "operatingIncome": 81800000, "operatingIncomeRatio": 0.0720704846, "totalOtherIncomeExpensesNet": -34000000, "incomeBeforeTax": 47800000, "incomeBeforeTaxRatio": 0.0421145374, "incomeTaxExpense": 20100000, "netIncome": 27700000, "netIncomeRatio": 0.0244052863, "eps": 0.3, "epsdiluted": 0.3, "weightedAverageShsOut": 154644351, "weightedAverageShsOutDil": 155949367, "link": "https://www.sec.gov/Archives/edgar/data/16918/000001691897000006/0000016918-97-000006-index.html", "finalLink": "https://www.sec.gov/Archives/edgar/data/16918/", "calculatedOtherExpenses": 32000000, "calculatedOperatingExpenses": 241000000, "calculatedNetInterest": -34000000, "calculatedOtherIncome": 0, "calculatedIncomeNonControlling": 0, "calculatedEbitda": 113800000}, {"date": "1996-02-29", "symbol": "STZ", "reportedCurrency": "USD", "cik": "0000016918", "fillingDate": "1996-02-29", "acceptedDate": "1996-02-28 19:00:00", "calendarYear": "1996", "period": "FY", "revenue": 535000000, "costOfRevenue": 382300000, "grossProfit": 152700000, "grossProfitRatio": 0.2854205607, "researchAndDevelopmentExpenses": 0, "generalAndAdministrativeExpenses": 112400000, "sellingAndMarketingExpenses": 0, "sellingGeneralAndAdministrativeExpenses": 112400000, "otherExpenses": 13900000, "operatingExpenses": 126300000, "costAndExpenses": 508600000, "interestIncome": 0, "interestExpense": 19700000, "depreciationAndAmortization": 13900000, "ebitda": 42600000, "ebitdaratio": 0.0796261682, "operatingIncome": 26400000, "operatingIncomeRatio": 0.0493457944, "totalOtherIncomeExpensesNet": -2300000, "incomeBeforeTax": 6700000, "incomeBeforeTaxRatio": 0.0125233645, "incomeTaxExpense": 3400000, "netIncome": 3300000, "netIncomeRatio": 0.0061682243, "eps": 0.0213, "epsdiluted": 0.0213, "weightedAverageShsOut": 155294118, "weightedAverageShsOutDil": 155294118, "link": "", "finalLink": "", "calculatedOtherExpenses": 13900000, "calculatedOperatingExpenses": 126300000, "calculatedNetInterest": -19700000, "calculatedOtherIncome": 0, "calculatedIncomeNonControlling": 0, "calculatedEbitda": 40300000}, {"date": "1994-08-31", "symbol": "STZ", "reportedCurrency": "USD", "cik": "0000016918", "fillingDate": "1994-11-29", "acceptedDate": "1994-11-29 00:00:00", "calendarYear": "1995", "period": "FY", "revenue": 629600000, "costOfRevenue": 433400000, "grossProfit": 196200000, "grossProfitRatio": 0.3116264295, "researchAndDevelopmentExpenses": 0, "generalAndAdministrativeExpenses": 145400000, "sellingAndMarketingExpenses": 0, "sellingGeneralAndAdministrativeExpenses": 145400000, "otherExpenses": 13800000, "operatingExpenses": 159200000, "costAndExpenses": 592600000, "interestIncome": 0, "interestExpense": 17800000, "depreciationAndAmortization": 13800000, "ebitda": 50500000, "ebitdaratio": 0.0802096569, "operatingIncome": 37000000, "operatingIncomeRatio": 0.0587674714, "totalOtherIncomeExpensesNet": 300000, "incomeBeforeTax": 18900000, "incomeBeforeTaxRatio": 0.0300190597, "incomeTaxExpense": 7200000, "netIncome": 11700000, "netIncomeRatio": 0.0185832274, "eps": 0.0925, "epsdiluted": 0.0925, "weightedAverageShsOut": 126268664, "weightedAverageShsOutDil": 131212784, "link": "https://www.sec.gov/Archives/edgar/data/928683/000089183994000041/0000891839-94-000041-index.html", "finalLink": "https://www.sec.gov/Archives/edgar/data/16918/0000891839-94-000041.txt", "calculatedOtherExpenses": 13800000, "calculatedOperatingExpenses": 159200000, "calculatedNetInterest": -17800000, "calculatedOtherIncome": -300000, "calculatedIncomeNonControlling": 0, "calculatedEbitda": 50800000}, {"date": "1993-08-31", "symbol": "STZ", "reportedCurrency": "USD", "cik": "0000016918", "fillingDate": "1993-08-31", "acceptedDate": "1993-08-31 00:00:00", "calendarYear": "1994", "period": "FY", "revenue": 306300000, "costOfRevenue": 207500000, "grossProfit": 98800000, "grossProfitRatio": 0.3225595821, "researchAndDevelopmentExpenses": 0, "generalAndAdministrativeExpenses": 0, "sellingAndMarketingExpenses": 0, "sellingGeneralAndAdministrativeExpenses": 60000000, "otherExpenses": 7400000, "operatingExpenses": 67400000, "costAndExpenses": 274900000, "interestIncome": 0, "interestExpense": 6000000, "depreciationAndAmortization": 7400000, "ebitda": 38700000, "ebitdaratio": 0.1263467189, "operatingIncome": 31400000, "operatingIncomeRatio": 0.1025138753, "totalOtherIncomeExpensesNet": 100000, "incomeBeforeTax": 25300000, "incomeBeforeTaxRatio": 0.0825987594, "incomeTaxExpense": 9700000, "netIncome": 15600000, "netIncomeRatio": 0.0509304603, "eps": 0.16, "epsdiluted": 0.15, "weightedAverageShsOut": 96000000, "weightedAverageShsOutDil": 104000000, "link": null, "finalLink": null, "calculatedOtherExpenses": 7400000, "calculatedOperatingExpenses": 67400000, "calculatedNetInterest": -6000000, "calculatedOtherIncome": -100000, "calculatedIncomeNonControlling": 0, "calculatedEbitda": 38800000}, {"date": "1992-08-31", "symbol": "STZ", "reportedCurrency": "USD", "cik": "0000016918", "fillingDate": "1992-08-31", "acceptedDate": "1992-08-31 00:00:00", "calendarYear": "1993", "period": "FY", "revenue": 245200000, "costOfRevenue": 168600000, "grossProfit": 76600000, "grossProfitRatio": 0.3123980424, "researchAndDevelopmentExpenses": 0, "generalAndAdministrativeExpenses": 0, "sellingAndMarketingExpenses": 0, "sellingGeneralAndAdministrativeExpenses": 46500000, "otherExpenses": 6100000, "operatingExpenses": 52600000, "costAndExpenses": 221200000, "interestIncome": 0, "interestExpense": 5800000, "depreciationAndAmortization": 6100000, "ebitda": 29800000, "ebitdaratio": 0.1215334421, "operatingIncome": 24000000, "operatingIncomeRatio": 0.0978792822, "totalOtherIncomeExpensesNet": 300000, "incomeBeforeTax": 17900000, "incomeBeforeTaxRatio": 0.0730016313, "incomeTaxExpense": 6500000, "netIncome": 11400000, "netIncomeRatio": 0.0464926591, "eps": 0.14, "epsdiluted": 0.13, "weightedAverageShsOut": 84444444, "weightedAverageShsOutDil": 90297030, "link": null, "finalLink": null, "calculatedOtherExpenses": 6100000, "calculatedOperatingExpenses": 52600000, "calculatedNetInterest": -5800000, "calculatedOtherIncome": -300000, "calculatedIncomeNonControlling": 0, "calculatedEbitda": 30100000}, {"date": "1991-08-31", "symbol": "STZ", "reportedCurrency": "USD", "cik": "0000016918", "fillingDate": "1991-08-31", "acceptedDate": "1991-08-31 00:00:00", "calendarYear": "1992", "period": "FY", "revenue": 176600000, "costOfRevenue": 125600000, "grossProfit": 51000000, "grossProfitRatio": 0.288788222, "researchAndDevelopmentExpenses": 0, "generalAndAdministrativeExpenses": 0, "sellingAndMarketingExpenses": 0, "sellingGeneralAndAdministrativeExpenses": 30200000, "otherExpenses": 5400000, "operatingExpenses": 35600000, "costAndExpenses": 161200000, "interestIncome": 0, "interestExpense": 2700000, "depreciationAndAmortization": 5400000, "ebitda": 19800000, "ebitdaratio": 0.1121177803, "operatingIncome": 15400000, "operatingIncomeRatio": 0.087202718, "totalOtherIncomeExpensesNet": 1000000, "incomeBeforeTax": 11700000, "incomeBeforeTaxRatio": 0.0662514156, "incomeTaxExpense": 4000000, "netIncome": 7700000, "netIncomeRatio": 0.043601359, "eps": 0.11, "epsdiluted": 0.11, "weightedAverageShsOut": 73333333, "weightedAverageShsOutDil": 73333333, "link": null, "finalLink": null, "calculatedOtherExpenses": 5400000, "calculatedOperatingExpenses": 35600000, "calculatedNetInterest": -2700000, "calculatedOtherIncome": -1000000, "calculatedIncomeNonControlling": 0, "calculatedEbitda": 20800000}, {"date": "1990-08-31", "symbol": "STZ", "reportedCurrency": "USD", "cik": "0000016918", "fillingDate": "1990-08-31", "acceptedDate": "1990-08-31 00:00:00", "calendarYear": "1991", "period": "FY", "revenue": 179800000, "costOfRevenue": 130900000, "grossProfit": 48900000, "grossProfitRatio": 0.2719688543, "researchAndDevelopmentExpenses": 0, "generalAndAdministrativeExpenses": 0, "sellingAndMarketingExpenses": 0, "sellingGeneralAndAdministrativeExpenses": 33400000, "otherExpenses": 5300000, "operatingExpenses": 38700000, "costAndExpenses": 169600000, "interestIncome": 0, "interestExpense": 3000000, "depreciationAndAmortization": 5300000, "ebitda": 14700000, "ebitdaratio": 0.0817575083, "operatingIncome": 10200000, "operatingIncomeRatio": 0.0567296997, "totalOtherIncomeExpensesNet": 800000, "incomeBeforeTax": 6400000, "incomeBeforeTaxRatio": 0.0355951057, "incomeTaxExpense": 2000000, "netIncome": 4400000, "netIncomeRatio": 0.0244716352, "eps": 0.0575, "epsdiluted": 0.0575, "weightedAverageShsOut": 76521739, "weightedAverageShsOutDil": 76521739, "link": null, "finalLink": null, "calculatedOtherExpenses": 5300000, "calculatedOperatingExpenses": 38700000, "calculatedNetInterest": -3000000, "calculatedOtherIncome": -800000, "calculatedIncomeNonControlling": 0, "calculatedEbitda": 15500000}, {"date": "1989-08-31", "symbol": "STZ", "reportedCurrency": "USD", "cik": "0000016918", "fillingDate": "1989-08-31", "acceptedDate": "1989-08-31 00:00:00", "calendarYear": "1990", "period": "FY", "revenue": 164300000, "costOfRevenue": 118600000, "grossProfit": 45700000, "grossProfitRatio": 0.2781497261, "researchAndDevelopmentExpenses": 0, "generalAndAdministrativeExpenses": 0, "sellingAndMarketingExpenses": 0, "sellingGeneralAndAdministrativeExpenses": 33200000, "otherExpenses": 4900000, "operatingExpenses": 38100000, "costAndExpenses": 156700000, "interestIncome": 0, "interestExpense": 3700000, "depreciationAndAmortization": 4900000, "ebitda": 11900000, "ebitdaratio": 0.0724284845, "operatingIncome": 7600000, "operatingIncomeRatio": 0.0462568472, "totalOtherIncomeExpensesNet": 600000, "incomeBeforeTax": 3300000, "incomeBeforeTaxRatio": 0.02008521, "incomeTaxExpense": 900000, "netIncome": 2400000, "netIncomeRatio": 0.0146074254, "eps": 0.0288, "epsdiluted": 0.0288, "weightedAverageShsOut": 83478261, "weightedAverageShsOutDil": 83478261, "link": null, "finalLink": null, "calculatedOtherExpenses": 4900000, "calculatedOperatingExpenses": 38100000, "calculatedNetInterest": -3700000, "calculatedOtherIncome": -600000, "calculatedIncomeNonControlling": 0, "calculatedEbitda": 12500000}, {"date": "1988-08-31", "symbol": "STZ", "reportedCurrency": "USD", "cik": "0000016918", "fillingDate": "1988-08-31", "acceptedDate": "1988-08-31 00:00:00", "calendarYear": "1989", "period": "FY", "revenue": 163600000, "costOfRevenue": 116500000, "grossProfit": 47100000, "grossProfitRatio": 0.2878973105, "researchAndDevelopmentExpenses": 0, "generalAndAdministrativeExpenses": 0, "sellingAndMarketingExpenses": 0, "sellingGeneralAndAdministrativeExpenses": 47100000, "otherExpenses": 4400000, "operatingExpenses": 51500000, "costAndExpenses": 168000000, "interestIncome": 0, "interestExpense": 3600000, "depreciationAndAmortization": 4400000, "ebitda": -800000, "ebitdaratio": -0.0048899756, "operatingIncome": -4400000, "operatingIncomeRatio": -0.0268948655, "totalOtherIncomeExpensesNet": 800000, "incomeBeforeTax": -8800000, "incomeBeforeTaxRatio": -0.0537897311, "incomeTaxExpense": -3700000, "netIncome": -5100000, "netIncomeRatio": -0.0311735941, "eps": -0.0587, "epsdiluted": -0.0587, "weightedAverageShsOut": 86808511, "weightedAverageShsOutDil": 86808511, "link": null, "finalLink": null, "calculatedOtherExpenses": 4400000, "calculatedOperatingExpenses": 51500000, "calculatedNetInterest": -3600000, "calculatedOtherIncome": -800000, "calculatedIncomeNonControlling": 0, "calculatedEbitda": 0}, {"date": "1987-08-31", "symbol": "STZ", "reportedCurrency": "USD", "cik": "0000016918", "fillingDate": "1987-08-31", "acceptedDate": "1987-08-31 00:00:00", "calendarYear": "1988", "period": "FY", "revenue": 171300000, "costOfRevenue": 113100000, "grossProfit": 58200000, "grossProfitRatio": 0.3397548161, "researchAndDevelopmentExpenses": 0, "generalAndAdministrativeExpenses": 0, "sellingAndMarketingExpenses": 0, "sellingGeneralAndAdministrativeExpenses": 70400000, "otherExpenses": 3500000, "operatingExpenses": 73900000, "costAndExpenses": 187000000, "interestIncome": 0, "interestExpense": 1800000, "depreciationAndAmortization": 3500000, "ebitda": -13800000, "ebitdaratio": -0.0805604203, "operatingIncome": -15700000, "operatingIncomeRatio": -0.0916520724, "totalOtherIncomeExpensesNet": 1600000, "incomeBeforeTax": -19100000, "incomeBeforeTaxRatio": -0.1115002919, "incomeTaxExpense": -9400000, "netIncome": -9700000, "netIncomeRatio": -0.0566258027, "eps": -0.11, "epsdiluted": -0.11, "weightedAverageShsOut": 86222222, "weightedAverageShsOutDil": 86222222, "link": null, "finalLink": null, "calculatedOtherExpenses": 3500000, "calculatedOperatingExpenses": 73900000, "calculatedNetInterest": -1800000, "calculatedOtherIncome": -1600000, "calculatedIncomeNonControlling": 0, "calculatedEbitda": -12200000}, {"date": "1986-08-31", "symbol": "STZ", "reportedCurrency": "USD", "cik": "0000016918", "fillingDate": "1986-08-31", "acceptedDate": "1986-08-31 00:00:00", "calendarYear": "1987", "period": "FY", "revenue": 173500000, "costOfRevenue": 108000000, "grossProfit": 65500000, "grossProfitRatio": 0.3775216138, "researchAndDevelopmentExpenses": 0, "generalAndAdministrativeExpenses": 0, "sellingAndMarketingExpenses": 0, "sellingGeneralAndAdministrativeExpenses": 42800000, "otherExpenses": 2700000, "operatingExpenses": 45500000, "costAndExpenses": 153500000, "interestIncome": 0, "interestExpense": 200000, "depreciationAndAmortization": 2700000, "ebitda": 22100000, "ebitdaratio": 0.1273775216, "operatingIncome": 20000000, "operatingIncomeRatio": 0.1152737752, "totalOtherIncomeExpensesNet": 600000, "incomeBeforeTax": 19200000, "incomeBeforeTaxRatio": 0.1106628242, "incomeTaxExpense": 8600000, "netIncome": 10600000, "netIncomeRatio": 0.0610951009, "eps": 0.12, "epsdiluted": 0.12, "weightedAverageShsOut": 86530612, "weightedAverageShsOutDil": 86530612, "link": null, "finalLink": null, "calculatedOtherExpenses": 2700000, "calculatedOperatingExpenses": 45500000, "calculatedNetInterest": -200000, "calculatedOtherIncome": -600000, "calculatedIncomeNonControlling": 0, "calculatedEbitda": 22700000}, {"date": "1985-08-31", "symbol": "STZ", "reportedCurrency": "USD", "cik": "0000016918", "fillingDate": "1985-08-31", "acceptedDate": "1985-08-31 00:00:00", "calendarYear": "1986", "period": "FY", "revenue": 133600000, "costOfRevenue": 86000000, "grossProfit": 47600000, "grossProfitRatio": 0.3562874251, "researchAndDevelopmentExpenses": 0, "generalAndAdministrativeExpenses": 0, "sellingAndMarketingExpenses": 0, "sellingGeneralAndAdministrativeExpenses": 27700000, "otherExpenses": 2200000, "operatingExpenses": 29900000, "costAndExpenses": 115900000, "interestIncome": 0, "interestExpense": 300000, "depreciationAndAmortization": 2200000, "ebitda": 19600000, "ebitdaratio": 0.1467065868, "operatingIncome": 17700000, "operatingIncomeRatio": 0.1324850299, "totalOtherIncomeExpensesNet": 300000, "incomeBeforeTax": 17100000, "incomeBeforeTaxRatio": 0.127994012, "incomeTaxExpense": 7600000, "netIncome": 9500000, "netIncomeRatio": 0.0711077844, "eps": 0.89, "epsdiluted": 0.89, "weightedAverageShsOut": 86278212, "weightedAverageShsOutDil": 86278212, "link": null, "finalLink": null, "calculatedOtherExpenses": 2200000, "calculatedOperatingExpenses": 29900000, "calculatedNetInterest": -300000, "calculatedOtherIncome": -300000, "calculatedIncomeNonControlling": 0, "calculatedEbitda": 19900000}]}