{"originalCurrency": "CAD", "convertedCurrency": "CAD", "report": [{"date": "2023-12-31", "symbol": "SU", "reportedCurrency": "CAD", "cik": "0000311337", "fillingDate": "2023-12-31", "acceptedDate": "2023-12-29 19:00:00", "calendarYear": "2023", "period": "FY", "revenue": 49092000000, "costOfRevenue": 29549000000, "grossProfit": 19543000000, "grossProfitRatio": 0.3980893017, "researchAndDevelopmentExpenses": 0, "generalAndAdministrativeExpenses": 8458000000, "sellingAndMarketingExpenses": 2168000000, "sellingGeneralAndAdministrativeExpenses": 10865000000, "otherExpenses": 128000000, "operatingExpenses": 10865000000, "costAndExpenses": 40414000000, "interestIncome": 94000000, "interestExpense": 1030000000, "depreciationAndAmortization": 6967000000, "ebitda": 15645000000, "ebitdaratio": 0.3186873625, "operatingIncome": 8678000000, "operatingIncomeRatio": 0.1767701458, "totalOtherIncomeExpensesNet": 1911000000, "incomeBeforeTax": 10589000000, "incomeBeforeTaxRatio": 0.2156970586, "incomeTaxExpense": 2294000000, "netIncome": 8295000000, "netIncomeRatio": 0.1689684674, "eps": 6.34, "epsdiluted": 6.33, "weightedAverageShsOut": 1308000000, "weightedAverageShsOutDil": 1310000000, "link": null, "finalLink": null, "calculatedOtherExpenses": 0, "calculatedOperatingExpenses": 10865000000, "calculatedNetInterest": -936000000, "calculatedOtherIncome": 2847000000, "calculatedIncomeNonControlling": 0, "calculatedEbitda": 15645000000}, {"date": "2022-12-31", "symbol": "SU", "reportedCurrency": "CAD", "cik": "0000311337", "fillingDate": "2022-12-31", "acceptedDate": "2022-12-30 19:00:00", "calendarYear": "2022", "period": "FY", "revenue": 58336000000, "costOfRevenue": 29561000000, "grossProfit": 28775000000, "grossProfitRatio": 0.4932631651, "researchAndDevelopmentExpenses": 0, "generalAndAdministrativeExpenses": 12807000000, "sellingAndMarketingExpenses": 2344000000, "sellingGeneralAndAdministrativeExpenses": 12807000000, "otherExpenses": 1727000000, "operatingExpenses": 14534000000, "costAndExpenses": 44095000000, "interestIncome": 100000000, "interestExpense": 1222000000, "depreciationAndAmortization": 8786000000, "ebitda": 23188000000, "ebitdaratio": 0.3974904004, "operatingIncome": 14402000000, "operatingIncomeRatio": 0.2468801426, "totalOtherIncomeExpensesNet": -2086000000, "incomeBeforeTax": 12316000000, "incomeBeforeTaxRatio": 0.2111217773, "incomeTaxExpense": 3239000000, "netIncome": 9077000000, "netIncomeRatio": 0.1555986012, "eps": 6.54, "epsdiluted": 6.53, "weightedAverageShsOut": 1387000000, "weightedAverageShsOutDil": 1390000000, "link": "", "finalLink": "", "calculatedOtherExpenses": 1566000000, "calculatedOperatingExpenses": 14373000000, "calculatedNetInterest": -1122000000, "calculatedOtherIncome": -964000000, "calculatedIncomeNonControlling": 0, "calculatedEbitda": 23188000000}, {"date": "2021-12-31", "symbol": "SU", "reportedCurrency": "CAD", "cik": "0000311337", "fillingDate": "2021-12-31", "acceptedDate": "2021-12-31 00:00:00", "calendarYear": "2021", "period": "FY", "revenue": 39132000000, "costOfRevenue": 19641000000, "grossProfit": 19491000000, "grossProfitRatio": 0.49808341, "researchAndDevelopmentExpenses": 0, "generalAndAdministrativeExpenses": 11366000000, "sellingAndMarketingExpenses": 503000000, "sellingGeneralAndAdministrativeExpenses": 11366000000, "otherExpenses": 1526000000, "operatingExpenses": 12892000000, "costAndExpenses": 32533000000, "interestIncome": 64000000, "interestExpense": 1265000000, "depreciationAndAmortization": 5850000000, "ebitda": 12547000000, "ebitdaratio": 0.3206327302, "operatingIncome": 6697000000, "operatingIncomeRatio": 0.17113871, "totalOtherIncomeExpensesNet": -1127000000, "incomeBeforeTax": 5570000000, "incomeBeforeTaxRatio": 0.1423387509, "incomeTaxExpense": 1451000000, "netIncome": 4119000000, "netIncomeRatio": 0.105259123, "eps": 2.77, "epsdiluted": 2.77, "weightedAverageShsOut": 1488000000, "weightedAverageShsOutDil": 1489000000, "link": null, "finalLink": null, "calculatedOtherExpenses": 1428000000, "calculatedOperatingExpenses": 12794000000, "calculatedNetInterest": -1201000000, "calculatedOtherIncome": 74000000, "calculatedIncomeNonControlling": 0, "calculatedEbitda": 12547000000}, {"date": "2020-12-31", "symbol": "SU", "reportedCurrency": "CAD", "cik": "0000311337", "fillingDate": "2020-12-31", "acceptedDate": "2020-12-31 00:00:00", "calendarYear": "2020", "period": "FY", "revenue": 24662000000, "costOfRevenue": 18638000000, "grossProfit": 6024000000, "grossProfitRatio": 0.244262428, "researchAndDevelopmentExpenses": 0, "generalAndAdministrativeExpenses": 9927000000, "sellingAndMarketingExpenses": 391000000, "sellingGeneralAndAdministrativeExpenses": 9927000000, "otherExpenses": 1604000000, "operatingExpenses": 11531000000, "costAndExpenses": 30169000000, "interestIncome": 94000000, "interestExpense": 1314000000, "depreciationAndAmortization": 9526000000, "ebitda": 4264000000, "ebitdaratio": 0.1728975752, "operatingIncome": -5262000000, "operatingIncomeRatio": -0.2133646906, "totalOtherIncomeExpensesNet": -835000000, "incomeBeforeTax": -6097000000, "incomeBeforeTaxRatio": -0.2472224475, "incomeTaxExpense": -1778000000, "netIncome": -4319000000, "netIncomeRatio": -0.1751277269, "eps": -2.83, "epsdiluted": -2.83, "weightedAverageShsOut": 1526000000, "weightedAverageShsOutDil": 1526000000, "link": null, "finalLink": null, "calculatedOtherExpenses": 1359000000, "calculatedOperatingExpenses": 11286000000, "calculatedNetInterest": -1220000000, "calculatedOtherIncome": 385000000, "calculatedIncomeNonControlling": 0, "calculatedEbitda": 4264000000}, {"date": "2019-12-31", "symbol": "SU", "reportedCurrency": "CAD", "cik": "0000311337", "fillingDate": "2019-12-31", "acceptedDate": "2019-12-31 00:00:00", "calendarYear": "2019", "period": "FY", "revenue": 39866000000, "costOfRevenue": 24656000000, "grossProfit": 15210000000, "grossProfitRatio": 0.3815281192, "researchAndDevelopmentExpenses": 0, "generalAndAdministrativeExpenses": 11244000000, "sellingAndMarketingExpenses": 0, "sellingGeneralAndAdministrativeExpenses": 11244000000, "otherExpenses": 1698000000, "operatingExpenses": 12942000000, "costAndExpenses": 37598000000, "interestIncome": 89000000, "interestExpense": 1259000000, "depreciationAndAmortization": 10572000000, "ebitda": 12899000000, "ebitdaratio": 0.3235589224, "operatingIncome": 2327000000, "operatingIncomeRatio": 0.0583705413, "totalOtherIncomeExpensesNet": 206000000, "incomeBeforeTax": 2533000000, "incomeBeforeTaxRatio": 0.0635378518, "incomeTaxExpense": -366000000, "netIncome": 2899000000, "netIncomeRatio": 0.0727186073, "eps": 1.86, "epsdiluted": 1.86, "weightedAverageShsOut": 1559000000, "weightedAverageShsOutDil": 1561000000, "link": null, "finalLink": null, "calculatedOtherExpenses": 1639000000, "calculatedOperatingExpenses": 12883000000, "calculatedNetInterest": -1170000000, "calculatedOtherIncome": 1376000000, "calculatedIncomeNonControlling": 0, "calculatedEbitda": 12899000000}, {"date": "2018-12-31", "symbol": "SU", "reportedCurrency": "CAD", "cik": "0000311337", "fillingDate": "2018-12-31", "acceptedDate": "2018-12-30 19:00:00", "calendarYear": "2018", "period": "FY", "revenue": 39592000000, "costOfRevenue": 20921000000, "grossProfit": 18671000000, "grossProfitRatio": 0.4715851687, "researchAndDevelopmentExpenses": 0, "generalAndAdministrativeExpenses": 3623000000, "sellingAndMarketingExpenses": 0, "sellingGeneralAndAdministrativeExpenses": 3623000000, "otherExpenses": 164000000, "operatingExpenses": 12014000000, "costAndExpenses": 32935000000, "interestIncome": 34000000, "interestExpense": 1119000000, "depreciationAndAmortization": 5738000000, "ebitda": 12593000000, "ebitdaratio": 0.3180693069, "operatingIncome": 6821000000, "operatingIncomeRatio": 0.1722822792, "totalOtherIncomeExpensesNet": -589000000, "incomeBeforeTax": 4983000000, "incomeBeforeTaxRatio": 0.1258587593, "incomeTaxExpense": 1690000000, "netIncome": 3293000000, "netIncomeRatio": 0.0831733684, "eps": 2.03, "epsdiluted": 2.02, "weightedAverageShsOut": 1623000000, "weightedAverageShsOutDil": 1629000000, "link": "", "finalLink": "", "calculatedOtherExpenses": 8227000000, "calculatedOperatingExpenses": 11850000000, "calculatedNetInterest": -1085000000, "calculatedOtherIncome": -753000000, "calculatedIncomeNonControlling": 0, "calculatedEbitda": 12559000000}, {"date": "2017-12-31", "symbol": "SU", "reportedCurrency": "CAD", "cik": "0000311337", "fillingDate": "2017-12-31", "acceptedDate": "2017-12-30 19:00:00", "calendarYear": "2017", "period": "FY", "revenue": 32982000000, "costOfRevenue": 17653000000, "grossProfit": 15329000000, "grossProfitRatio": 0.4647686617, "researchAndDevelopmentExpenses": 0, "generalAndAdministrativeExpenses": 9245000000, "sellingAndMarketingExpenses": 0, "sellingGeneralAndAdministrativeExpenses": 9245000000, "otherExpenses": -94000000, "operatingExpenses": 10386000000, "costAndExpenses": 28039000000, "interestIncome": 162000000, "interestExpense": 526000000, "depreciationAndAmortization": 5601000000, "ebitda": 10450000000, "ebitdaratio": 0.3168394882, "operatingIncome": 4888000000, "operatingIncomeRatio": 0.1482020496, "totalOtherIncomeExpensesNet": 1499000000, "incomeBeforeTax": 5916000000, "incomeBeforeTaxRatio": 0.1793705658, "incomeTaxExpense": 1458000000, "netIncome": 4458000000, "netIncomeRatio": 0.1351646353, "eps": 2.68, "epsdiluted": 2.68, "weightedAverageShsOut": 1661000000, "weightedAverageShsOutDil": 1665000000, "link": "", "finalLink": "", "calculatedOtherExpenses": 1196000000, "calculatedOperatingExpenses": 10441000000, "calculatedNetInterest": -364000000, "calculatedOtherIncome": 1392000000, "calculatedIncomeNonControlling": 0, "calculatedEbitda": 10489000000}, {"date": "2016-12-31", "symbol": "SU", "reportedCurrency": "CAD", "cik": "0000311337", "fillingDate": "2016-12-31", "acceptedDate": "2016-12-30 19:00:00", "calendarYear": "2016", "period": "FY", "revenue": 27072000000, "costOfRevenue": 16259000000, "grossProfit": 10813000000, "grossProfitRatio": 0.3994163712, "researchAndDevelopmentExpenses": 0, "generalAndAdministrativeExpenses": 9150000000, "sellingAndMarketingExpenses": 0, "sellingGeneralAndAdministrativeExpenses": 9150000000, "otherExpenses": 44000000, "operatingExpenses": 10487000000, "costAndExpenses": 26746000000, "interestIncome": 77000000, "interestExpense": 743000000, "depreciationAndAmortization": 6117000000, "ebitda": 6564000000, "ebitdaratio": 0.242464539, "operatingIncome": 370000000, "operatingIncomeRatio": 0.0136672577, "totalOtherIncomeExpensesNet": 426000000, "incomeBeforeTax": 86000000, "incomeBeforeTaxRatio": 0.0031767139, "incomeTaxExpense": -359000000, "netIncome": 434000000, "netIncomeRatio": 0.0160313239, "eps": 0.27, "epsdiluted": 0.27, "weightedAverageShsOut": 1610000000, "weightedAverageShsOutDil": 1612000000, "link": "", "finalLink": "", "calculatedOtherExpenses": 1293000000, "calculatedOperatingExpenses": 10443000000, "calculatedNetInterest": -666000000, "calculatedOtherIncome": 382000000, "calculatedIncomeNonControlling": 11000000, "calculatedEbitda": 6487000000}, {"date": "2015-12-31", "symbol": "SU", "reportedCurrency": "CAD", "cik": "0000311337", "fillingDate": "2015-12-31", "acceptedDate": "2015-12-30 19:00:00", "calendarYear": "2015", "period": "FY", "revenue": 29589000000, "costOfRevenue": 19471000000, "grossProfit": 10118000000, "grossProfitRatio": 0.3419514009, "researchAndDevelopmentExpenses": 0, "generalAndAdministrativeExpenses": 8607000000, "sellingAndMarketingExpenses": 0, "sellingGeneralAndAdministrativeExpenses": 8607000000, "otherExpenses": 138000000, "operatingExpenses": 10140000000, "costAndExpenses": 29611000000, "interestIncome": 62000000, "interestExpense": 672000000, "depreciationAndAmortization": 7500000000, "ebitda": 7678000000, "ebitdaratio": 0.2594883234, "operatingIncome": 116000000, "operatingIncomeRatio": 0.0039203758, "totalOtherIncomeExpensesNet": -1395000000, "incomeBeforeTax": -2027000000, "incomeBeforeTaxRatio": -0.0685051877, "incomeTaxExpense": -32000000, "netIncome": -1995000000, "netIncomeRatio": -0.0674237048, "eps": -1.38, "epsdiluted": -1.38, "weightedAverageShsOut": 1446000000, "weightedAverageShsOutDil": 1447000000, "link": "", "finalLink": "", "calculatedOtherExpenses": 1395000000, "calculatedOperatingExpenses": 10002000000, "calculatedNetInterest": -610000000, "calculatedOtherIncome": -1533000000, "calculatedIncomeNonControlling": 0, "calculatedEbitda": 7616000000}, {"date": "2014-12-31", "symbol": "SU", "reportedCurrency": "CAD", "cik": "0000311337", "fillingDate": "2014-12-31", "acceptedDate": "2014-12-30 19:00:00", "calendarYear": "2014", "period": "FY", "revenue": 41516000000, "costOfRevenue": 25220000000, "grossProfit": 16296000000, "grossProfitRatio": 0.3925233645, "researchAndDevelopmentExpenses": 0, "generalAndAdministrativeExpenses": 3190000000, "sellingAndMarketingExpenses": 0, "sellingGeneralAndAdministrativeExpenses": 3190000000, "otherExpenses": 134000000, "operatingExpenses": 10961000000, "costAndExpenses": 36181000000, "interestIncome": 90000000, "interestExpense": 561000000, "depreciationAndAmortization": 6140000000, "ebitda": 11699000000, "ebitdaratio": 0.2817949706, "operatingIncome": 5469000000, "operatingIncomeRatio": 0.1317323442, "totalOtherIncomeExpensesNet": -274000000, "incomeBeforeTax": 4590000000, "incomeBeforeTaxRatio": 0.1105597842, "incomeTaxExpense": 1891000000, "netIncome": 2699000000, "netIncomeRatio": 0.0650110801, "eps": 1.84, "epsdiluted": 1.84, "weightedAverageShsOut": 1462000000, "weightedAverageShsOutDil": 1465000000, "link": "", "finalLink": "", "calculatedOtherExpenses": 7637000000, "calculatedOperatingExpenses": 10827000000, "calculatedNetInterest": -471000000, "calculatedOtherIncome": -408000000, "calculatedIncomeNonControlling": 0, "calculatedEbitda": 11609000000}, {"date": "2013-12-31", "symbol": "SU", "reportedCurrency": "CAD", "cik": "0000311337", "fillingDate": "2013-12-31", "acceptedDate": "2013-12-30 19:00:00", "calendarYear": "2013", "period": "FY", "revenue": 41598000000, "costOfRevenue": 24190000000, "grossProfit": 17408000000, "grossProfitRatio": 0.4184816578, "researchAndDevelopmentExpenses": 0, "generalAndAdministrativeExpenses": 9447000000, "sellingAndMarketingExpenses": 0, "sellingGeneralAndAdministrativeExpenses": 9447000000, "otherExpenses": -25000000, "operatingExpenses": 10567000000, "costAndExpenses": 34757000000, "interestIncome": 85000000, "interestExpense": 566000000, "depreciationAndAmortization": 4892000000, "ebitda": 11793000000, "ebitdaratio": 0.2834992067, "operatingIncome": 6913000000, "operatingIncomeRatio": 0.1661858743, "totalOtherIncomeExpensesNet": 16000000, "incomeBeforeTax": 6376000000, "incomeBeforeTaxRatio": 0.1532765998, "incomeTaxExpense": 2465000000, "netIncome": 3911000000, "netIncomeRatio": 0.0940189432, "eps": 2.61, "epsdiluted": 2.6, "weightedAverageShsOut": 1501000000, "weightedAverageShsOutDil": 1502000000, "link": "", "finalLink": "", "calculatedOtherExpenses": 1048000000, "calculatedOperatingExpenses": 10495000000, "calculatedNetInterest": -481000000, "calculatedOtherIncome": -56000000, "calculatedIncomeNonControlling": 0, "calculatedEbitda": 11805000000}, {"date": "2012-12-31", "symbol": "SU", "reportedCurrency": "CAD", "cik": "0000311337", "fillingDate": "2012-12-31", "acceptedDate": "2012-12-30 19:00:00", "calendarYear": "2012", "period": "FY", "revenue": 38208000000, "costOfRevenue": 23551000000, "grossProfit": 14657000000, "grossProfitRatio": 0.3836107621, "researchAndDevelopmentExpenses": 0, "generalAndAdministrativeExpenses": 3027000000, "sellingAndMarketingExpenses": 0, "sellingGeneralAndAdministrativeExpenses": 3027000000, "otherExpenses": -60000000, "operatingExpenses": 9861000000, "costAndExpenses": 33412000000, "interestIncome": 0, "interestExpense": 238000000, "depreciationAndAmortization": 6450000000, "ebitda": 11186000000, "ebitdaratio": 0.2927659129, "operatingIncome": 4809000000, "operatingIncomeRatio": 0.1258636935, "totalOtherIncomeExpensesNet": 483000000, "incomeBeforeTax": 5041000000, "incomeBeforeTaxRatio": 0.1319357203, "incomeTaxExpense": 2258000000, "netIncome": 2783000000, "netIncomeRatio": 0.0728381491, "eps": 1.8, "epsdiluted": 1.79, "weightedAverageShsOut": 1545000000, "weightedAverageShsOutDil": 1549000000, "link": "", "finalLink": "", "calculatedOtherExpenses": 6821000000, "calculatedOperatingExpenses": 9848000000, "calculatedNetInterest": -238000000, "calculatedOtherIncome": 470000000, "calculatedIncomeNonControlling": 0, "calculatedEbitda": 11259000000}, {"date": "2011-12-31", "symbol": "SU", "reportedCurrency": "CAD", "cik": "0000311337", "fillingDate": "2011-12-31", "acceptedDate": "2011-12-30 19:00:00", "calendarYear": "2011", "period": "FY", "revenue": 39649000000, "costOfRevenue": 19459000000, "grossProfit": 20190000000, "grossProfitRatio": 0.5092183914, "researchAndDevelopmentExpenses": 163000000, "generalAndAdministrativeExpenses": 0, "sellingAndMarketingExpenses": 0, "sellingGeneralAndAdministrativeExpenses": 8424000000, "otherExpenses": 3905000000, "operatingExpenses": 12948000000, "costAndExpenses": 32407000000, "interestIncome": 141000000, "interestExpense": 102000000, "depreciationAndAmortization": 3952000000, "ebitda": 11335000000, "ebitdaratio": 0.2858836288, "operatingIncome": 7839000000, "operatingIncomeRatio": 0.1977099044, "totalOtherIncomeExpensesNet": -212000000, "incomeBeforeTax": 7069000000, "incomeBeforeTaxRatio": 0.1782894903, "incomeTaxExpense": 2765000000, "netIncome": 4304000000, "netIncomeRatio": 0.1085525486, "eps": 2.74, "epsdiluted": 2.67, "weightedAverageShsOut": 1571000000, "weightedAverageShsOutDil": 1582000000, "link": "", "finalLink": "", "calculatedOtherExpenses": 3764000000, "calculatedOperatingExpenses": 12351000000, "calculatedNetInterest": 39000000, "calculatedOtherIncome": -809000000, "calculatedIncomeNonControlling": 0, "calculatedEbitda": 11791000000}, {"date": "2010-12-31", "symbol": "SU", "reportedCurrency": "CAD", "cik": "0000311337", "fillingDate": "2010-12-31", "acceptedDate": "2010-12-30 19:00:00", "calendarYear": "2010", "period": "FY", "revenue": 36287000000, "costOfRevenue": 20102000000, "grossProfit": 16185000000, "grossProfitRatio": 0.446027503, "researchAndDevelopmentExpenses": 77000000, "generalAndAdministrativeExpenses": 0, "sellingAndMarketingExpenses": 0, "sellingGeneralAndAdministrativeExpenses": 7810000000, "otherExpenses": -178000000, "operatingExpenses": 11968000000, "costAndExpenses": 32070000000, "interestIncome": 389000000, "interestExpense": 390000000, "depreciationAndAmortization": 3813000000, "ebitda": 8030000000, "ebitdaratio": 0.2212913716, "operatingIncome": 4187000000, "operatingIncomeRatio": 0.1153856753, "totalOtherIncomeExpensesNet": 420000000, "incomeBeforeTax": 4247000000, "incomeBeforeTaxRatio": 0.11703916, "incomeTaxExpense": 1559000000, "netIncome": 3571000000, "netIncomeRatio": 0.0984098989, "eps": 2.29, "epsdiluted": 2.27, "weightedAverageShsOut": 1562000000, "weightedAverageShsOutDil": 1574000000, "link": "", "finalLink": "", "calculatedOtherExpenses": 4111000000, "calculatedOperatingExpenses": 11998000000, "calculatedNetInterest": -1000000, "calculatedOtherIncome": 61000000, "calculatedIncomeNonControlling": -883000000, "calculatedEbitda": 8000000000}, {"date": "2009-12-31", "symbol": "SU", "reportedCurrency": "CAD", "cik": "0000311337", "fillingDate": "2009-12-31", "acceptedDate": "2009-12-30 19:00:00", "calendarYear": "2009", "period": "FY", "revenue": 26679000000, "costOfRevenue": 15963000000, "grossProfit": 10716000000, "grossProfitRatio": 0.4016642303, "researchAndDevelopmentExpenses": 51000000, "generalAndAdministrativeExpenses": 0, "sellingAndMarketingExpenses": 0, "sellingGeneralAndAdministrativeExpenses": 7068000000, "otherExpenses": -155000000, "operatingExpenses": 8990000000, "costAndExpenses": 24953000000, "interestIncome": 444000000, "interestExpense": 437000000, "depreciationAndAmortization": 2306000000, "ebitda": 4032000000, "ebitdaratio": 0.1511301023, "operatingIncome": 475000000, "operatingIncomeRatio": 0.0178042655, "totalOtherIncomeExpensesNet": -272000000, "incomeBeforeTax": 1289000000, "incomeBeforeTaxRatio": 0.0483151542, "incomeTaxExpense": 143000000, "netIncome": 1146000000, "netIncomeRatio": 0.0429551333, "eps": 0.96, "epsdiluted": 0.95, "weightedAverageShsOut": 1193750000, "weightedAverageShsOutDil": 1206315789, "link": "", "finalLink": "", "calculatedOtherExpenses": 3122000000, "calculatedOperatingExpenses": 10241000000, "calculatedNetInterest": 7000000, "calculatedOtherIncome": 807000000, "calculatedIncomeNonControlling": 0, "calculatedEbitda": 2781000000}, {"date": "2008-12-31", "symbol": "SU", "reportedCurrency": "CAD", "cik": "0000311337", "fillingDate": "2008-12-31", "acceptedDate": "2008-12-30 19:00:00", "calendarYear": "2008", "period": "FY", "revenue": 30061000000, "costOfRevenue": 20066000000, "grossProfit": 9995000000, "grossProfitRatio": 0.3324906024, "researchAndDevelopmentExpenses": 0, "generalAndAdministrativeExpenses": 0, "sellingAndMarketingExpenses": 0, "sellingGeneralAndAdministrativeExpenses": 4044000000, "otherExpenses": 1882000000, "operatingExpenses": 5926000000, "costAndExpenses": 25992000000, "interestIncome": 28000000, "interestExpense": 917000000, "depreciationAndAmortization": 1077000000, "ebitda": 5146000000, "ebitdaratio": 0.1711852566, "operatingIncome": 4069000000, "operatingIncomeRatio": 0.1353581052, "totalOtherIncomeExpensesNet": -48000000, "incomeBeforeTax": 3132000000, "incomeBeforeTaxRatio": 0.1041881508, "incomeTaxExpense": 995000000, "netIncome": 2137000000, "netIncomeRatio": 0.0710887861, "eps": 2.29, "epsdiluted": 2.26, "weightedAverageShsOut": 932000000, "weightedAverageShsOutDil": 945000000, "link": "", "finalLink": "", "calculatedOtherExpenses": 1882000000, "calculatedOperatingExpenses": 5926000000, "calculatedNetInterest": -889000000, "calculatedOtherIncome": -48000000, "calculatedIncomeNonControlling": 0, "calculatedEbitda": 5146000000}, {"date": "2007-12-31", "symbol": "SU", "reportedCurrency": "CAD", "cik": "0000311337", "fillingDate": "2007-12-31", "acceptedDate": "2007-12-30 19:00:00", "calendarYear": "2007", "period": "FY", "revenue": 17903000000, "costOfRevenue": 9694000000, "grossProfit": 8209000000, "grossProfitRatio": 0.4585265039, "researchAndDevelopmentExpenses": 0, "generalAndAdministrativeExpenses": 0, "sellingAndMarketingExpenses": 0, "sellingGeneralAndAdministrativeExpenses": 3375000000, "otherExpenses": -48000000, "operatingExpenses": 5030000000, "costAndExpenses": 14724000000, "interestIncome": 241000000, "interestExpense": 241000000, "depreciationAndAmortization": 939000000, "ebitda": 4118000000, "ebitdaratio": 0.2300173155, "operatingIncome": 3179000000, "operatingIncomeRatio": 0.1775680054, "totalOtherIncomeExpensesNet": -123000000, "incomeBeforeTax": 3345000000, "incomeBeforeTaxRatio": 0.1868401944, "incomeTaxExpense": 513000000, "netIncome": 2832000000, "netIncomeRatio": 0.1581857789, "eps": 3.23, "epsdiluted": 3.17, "weightedAverageShsOut": 922000000, "weightedAverageShsOutDil": 942000000, "link": "", "finalLink": "", "calculatedOtherExpenses": 1655000000, "calculatedOperatingExpenses": 5030000000, "calculatedNetInterest": 0, "calculatedOtherIncome": 166000000, "calculatedIncomeNonControlling": 0, "calculatedEbitda": 4118000000}, {"date": "2006-12-31", "symbol": "SU", "reportedCurrency": "CAD", "cik": "0000311337", "fillingDate": "2006-12-31", "acceptedDate": "2006-12-30 19:00:00", "calendarYear": "2006", "period": "FY", "revenue": 15829450140, "costOfRevenue": 5865563840, "grossProfit": 9963886300, "grossProfitRatio": 0.629452458, "researchAndDevelopmentExpenses": 0, "generalAndAdministrativeExpenses": 0, "sellingAndMarketingExpenses": 0, "sellingGeneralAndAdministrativeExpenses": 4796132339, "otherExpenses": 1290773532, "operatingExpenses": 6086905871, "costAndExpenses": 11952469711, "interestIncome": 0, "interestExpense": 0, "depreciationAndAmortization": 695479963, "ebitda": 4638863002, "ebitdaratio": 0.2930526936, "operatingIncome": 3876980429, "operatingIncomeRatio": 0.24492199, "totalOtherIncomeExpensesNet": -66402610, "incomeBeforeTax": 3805917987, "incomeBeforeTaxRatio": 0.2404327348, "incomeTaxExpense": 835274930, "netIncome": 2970643057, "netIncomeRatio": 0.1876655873, "eps": 3.23, "epsdiluted": 3.16, "weightedAverageShsOut": 918000000, "weightedAverageShsOutDil": 940000000, "link": "", "finalLink": "", "calculatedOtherExpenses": 1290773532, "calculatedOperatingExpenses": 6086905871, "calculatedNetInterest": 0, "calculatedOtherIncome": -71062442, "calculatedIncomeNonControlling": 0, "calculatedEbitda": 4572460392}, {"date": "2005-12-31", "symbol": "SU", "reportedCurrency": "CAD", "cik": "0000311337", "fillingDate": "2005-12-31", "acceptedDate": "2005-12-30 19:00:00", "calendarYear": "2005", "period": "FY", "revenue": 11086172811, "costOfRevenue": 4184207466, "grossProfit": 6901965345, "grossProfitRatio": 0.6225742159, "researchAndDevelopmentExpenses": 0, "generalAndAdministrativeExpenses": 0, "sellingAndMarketingExpenses": 0, "sellingGeneralAndAdministrativeExpenses": 3108500988, "otherExpenses": 1248982440, "operatingExpenses": 4357483428, "costAndExpenses": 8541690894, "interestIncome": 0, "interestExpense": 0, "depreciationAndAmortization": 719851145, "ebitda": 2501453657, "ebitdaratio": 0.22563726, "operatingIncome": 2544481917, "operatingIncomeRatio": 0.2295185147, "totalOtherIncomeExpensesNet": 762879405, "incomeBeforeTax": 1987440400, "incomeBeforeTaxRatio": 0.1792720025, "incomeTaxExpense": 741946738, "netIncome": 1245493662, "netIncomeRatio": 0.1123465855, "eps": 1.27, "epsdiluted": 1.24, "weightedAverageShsOut": 911811024, "weightedAverageShsOutDil": 933870968, "link": "", "finalLink": "", "calculatedOtherExpenses": 1248982440, "calculatedOperatingExpenses": 4357483428, "calculatedNetInterest": 0, "calculatedOtherIncome": -557041517, "calculatedIncomeNonControlling": 0, "calculatedEbitda": 3264333062}, {"date": "2004-12-31", "symbol": "SU", "reportedCurrency": "CAD", "cik": "0000311337", "fillingDate": "2004-12-31", "acceptedDate": "2004-12-30 19:00:00", "calendarYear": "2004", "period": "FY", "revenue": 8621310295, "costOfRevenue": 2921766259, "grossProfit": 5699544036, "grossProfitRatio": 0.6610995128, "researchAndDevelopmentExpenses": 0, "generalAndAdministrativeExpenses": 0, "sellingAndMarketingExpenses": 0, "sellingGeneralAndAdministrativeExpenses": 2300215983, "otherExpenses": 1213102951, "operatingExpenses": 3513318934, "costAndExpenses": 6435085193, "interestIncome": 0, "interestExpense": 0, "depreciationAndAmortization": 717542597, "ebitda": 3052555796, "ebitdaratio": 0.3540709813, "operatingIncome": 2186225102, "operatingIncomeRatio": 0.2535838553, "totalOtherIncomeExpensesNet": -148788097, "incomeBeforeTax": 1635469162, "incomeBeforeTaxRatio": 0.1897007654, "incomeTaxExpense": 536357091, "netIncome": 1100311975, "netIncomeRatio": 0.1276270007, "eps": 1.19, "epsdiluted": 1.17, "weightedAverageShsOut": 677592851, "weightedAverageShsOutDil": 692133470, "link": "", "finalLink": "", "calculatedOtherExpenses": 1213102951, "calculatedOperatingExpenses": 3513318934, "calculatedNetInterest": 0, "calculatedOtherIncome": -550755940, "calculatedIncomeNonControlling": -1199904, "calculatedEbitda": 2903767699}, {"date": "2003-12-31", "symbol": "SU", "reportedCurrency": "CAD", "cik": "0000311337", "fillingDate": "2003-12-31", "acceptedDate": "2003-12-30 19:00:00", "calendarYear": "2003", "period": "FY", "revenue": 6305551977, "costOfRevenue": 1507149298, "grossProfit": 4798402679, "grossProfitRatio": 0.7609805924, "researchAndDevelopmentExpenses": 0, "generalAndAdministrativeExpenses": 0, "sellingAndMarketingExpenses": 0, "sellingGeneralAndAdministrativeExpenses": 2040448280, "otherExpenses": 1036970244, "operatingExpenses": 3077418524, "costAndExpenses": 4584567822, "interestIncome": 0, "interestExpense": 0, "depreciationAndAmortization": 601571557, "ebitda": 2314826742, "ebitdaratio": 0.3671092952, "operatingIncome": 1720984155, "operatingIncomeRatio": 0.2729315627, "totalOtherIncomeExpensesNet": 16746103, "incomeBeforeTax": 1803426510, "incomeBeforeTaxRatio": 0.2860061287, "incomeTaxExpense": 720082442, "netIncome": 1084632230, "netIncomeRatio": 0.1720122574, "eps": 1.21, "epsdiluted": 1.13, "weightedAverageShsOut": 876162939, "weightedAverageShsOutDil": 938192173, "link": "", "finalLink": "", "calculatedOtherExpenses": 1036970244, "calculatedOperatingExpenses": 3077418524, "calculatedNetInterest": 0, "calculatedOtherIncome": 82442355, "calculatedIncomeNonControlling": -1288162, "calculatedEbitda": 2322555712}, {"date": "2002-12-31", "symbol": "SU", "reportedCurrency": "CAD", "cik": "0000311337", "fillingDate": "2002-12-31", "acceptedDate": "2002-12-30 19:00:00", "calendarYear": "2002", "period": "FY", "revenue": 4903997482, "costOfRevenue": 1298394712, "grossProfit": 3605602770, "grossProfitRatio": 0.735237484, "researchAndDevelopmentExpenses": 0, "generalAndAdministrativeExpenses": 0, "sellingAndMarketingExpenses": 0, "sellingGeneralAndAdministrativeExpenses": 1320428077, "otherExpenses": 960025181, "operatingExpenses": 2280453258, "costAndExpenses": 3578847970, "interestIncome": 0, "interestExpense": 0, "depreciationAndAmortization": 585457979, "ebitda": 1931067044, "ebitdaratio": 0.3937740692, "operatingIncome": 1325149512, "operatingIncomeRatio": 0.2702182285, "totalOtherIncomeExpensesNet": -20459553, "incomeBeforeTax": 1144161158, "incomeBeforeTaxRatio": 0.2333119383, "incomeTaxExpense": 382436261, "netIncome": 761724898, "netIncomeRatio": 0.1553273428, "eps": 0.82, "epsdiluted": 0.81, "weightedAverageShsOut": 896000000, "weightedAverageShsOutDil": 946000000, "link": "", "finalLink": "", "calculatedOtherExpenses": 960025181, "calculatedOperatingExpenses": 2280453258, "calculatedNetInterest": 0, "calculatedOtherIncome": -180988354, "calculatedIncomeNonControlling": -1, "calculatedEbitda": 1910607491}, {"date": "2001-12-31", "symbol": "SU", "reportedCurrency": "CAD", "cik": "0000311337", "fillingDate": "2001-12-31", "acceptedDate": "2001-12-30 19:00:00", "calendarYear": "2001", "period": "FY", "revenue": 3995542821, "costOfRevenue": 1413562560, "grossProfit": 2581980261, "grossProfitRatio": 0.6462151394, "researchAndDevelopmentExpenses": 0, "generalAndAdministrativeExpenses": 0, "sellingAndMarketingExpenses": 0, "sellingGeneralAndAdministrativeExpenses": 1009232728, "otherExpenses": 727475327, "operatingExpenses": 1736708055, "costAndExpenses": 3150270615, "interestIncome": 0, "interestExpense": 0, "depreciationAndAmortization": 359758039, "ebitda": 1709646609, "ebitdaratio": 0.4278884461, "operatingIncome": 845272206, "operatingIncomeRatio": 0.2115537848, "totalOtherIncomeExpensesNet": -504616364, "incomeBeforeTax": 512575613, "incomeBeforeTaxRatio": 0.1282868526, "incomeTaxExpense": 124164279, "netIncome": 388411334, "netIncomeRatio": 0.0972111554, "eps": 0.2, "epsdiluted": 0.2, "weightedAverageShsOut": 1780000000, "weightedAverageShsOutDil": 1804000000, "link": "", "finalLink": "", "calculatedOtherExpenses": 727475327, "calculatedOperatingExpenses": 1736708055, "calculatedNetInterest": 0, "calculatedOtherIncome": -332696593, "calculatedIncomeNonControlling": 0, "calculatedEbitda": 1205030245}, {"date": "2000-12-31", "symbol": "SU", "reportedCurrency": "CAD", "cik": "0000311337", "fillingDate": "2000-12-31", "acceptedDate": "2000-12-30 19:00:00", "calendarYear": "2000", "period": "FY", "revenue": 3384823035, "costOfRevenue": 1058788242, "grossProfit": 2326034793, "grossProfitRatio": 0.6871953922, "researchAndDevelopmentExpenses": 0, "generalAndAdministrativeExpenses": 0, "sellingAndMarketingExpenses": 0, "sellingGeneralAndAdministrativeExpenses": 917816437, "otherExpenses": 725854829, "operatingExpenses": 1643671266, "costAndExpenses": 2702459508, "interestIncome": 0, "interestExpense": 0, "depreciationAndAmortization": 364427115, "ebitda": 1243251350, "ebitdaratio": 0.3673017281, "operatingIncome": 682363527, "operatingIncomeRatio": 0.2015950376, "totalOtherIncomeExpensesNet": -196460708, "incomeBeforeTax": 619376125, "incomeBeforeTaxRatio": 0.182986265, "incomeTaxExpense": 242951410, "netIncome": 376424715, "netIncomeRatio": 0.1112095702, "eps": 0.4, "epsdiluted": 0.39, "weightedAverageShsOut": 888429909, "weightedAverageShsOutDil": 894088698, "link": "", "finalLink": "", "calculatedOtherExpenses": 725854829, "calculatedOperatingExpenses": 1643671266, "calculatedNetInterest": 0, "calculatedOtherIncome": -62987402, "calculatedIncomeNonControlling": 0, "calculatedEbitda": 1046790642}, {"date": "1999-12-31", "symbol": "SU", "reportedCurrency": "CAD", "cik": "0000311337", "fillingDate": "1999-12-31", "acceptedDate": "1999-12-30 19:00:00", "calendarYear": "1999", "period": "FY", "revenue": 2382812500, "costOfRevenue": 658275463, "grossProfit": 1724537037, "grossProfitRatio": 0.7237401336, "researchAndDevelopmentExpenses": 0, "generalAndAdministrativeExpenses": 0, "sellingAndMarketingExpenses": 0, "sellingGeneralAndAdministrativeExpenses": 749421296, "otherExpenses": 652488426, "operatingExpenses": 1401909722, "costAndExpenses": 2060185185, "interestIncome": 0, "interestExpense": 0, "depreciationAndAmortization": 318287037, "ebitda": 606192130, "ebitdaratio": 0.2544019431, "operatingIncome": 322627315, "operatingIncomeRatio": 0.1353976929, "totalOtherIncomeExpensesNet": 34722222, "incomeBeforeTax": 334201389, "incomeBeforeTaxRatio": 0.1402550092, "incomeTaxExpense": 134548611, "netIncome": 199652778, "netIncomeRatio": 0.0837887068, "eps": 0.0925, "epsdiluted": 0.0913, "weightedAverageShsOut": 884128000, "weightedAverageShsOutDil": 884128000, "link": "", "finalLink": "", "calculatedOtherExpenses": 652488426, "calculatedOperatingExpenses": 1401909722, "calculatedNetInterest": 0, "calculatedOtherIncome": 11574074, "calculatedIncomeNonControlling": 0, "calculatedEbitda": 640914352}, {"date": "1998-12-31", "symbol": "SU", "reportedCurrency": "CAD", "cik": "0000311337", "fillingDate": "1998-12-31", "acceptedDate": "1998-12-30 19:00:00", "calendarYear": "1998", "period": "FY", "revenue": 2067956656, "costOfRevenue": 484055728, "grossProfit": 1583900928, "grossProfitRatio": 0.765925593, "researchAndDevelopmentExpenses": 0, "generalAndAdministrativeExpenses": 0, "sellingAndMarketingExpenses": 0, "sellingGeneralAndAdministrativeExpenses": 682043344, "otherExpenses": 589009288, "operatingExpenses": 1271052632, "costAndExpenses": 1755108360, "interestIncome": 0, "interestExpense": 0, "depreciationAndAmortization": 263931889, "ebitda": 568730649, "ebitdaratio": 0.2750205849, "operatingIncome": 312848296, "operatingIncomeRatio": 0.1512837782, "totalOtherIncomeExpensesNet": 8049536, "incomeBeforeTax": 296904025, "incomeBeforeTaxRatio": 0.1435736209, "incomeTaxExpense": 108978328, "netIncome": 187925697, "netIncomeRatio": 0.0908750657, "eps": 0.1, "epsdiluted": 0.1, "weightedAverageShsOut": 881736000, "weightedAverageShsOutDil": 881736000, "link": "", "finalLink": "", "calculatedOtherExpenses": 589009288, "calculatedOperatingExpenses": 1271052632, "calculatedNetInterest": 0, "calculatedOtherIncome": -15944271, "calculatedIncomeNonControlling": 0, "calculatedEbitda": 576780185}, {"date": "1997-12-31", "symbol": "SU", "reportedCurrency": "CAD", "cik": "0000311337", "fillingDate": "1997-12-31", "acceptedDate": "1997-12-30 19:00:00", "calendarYear": "1997", "period": "FY", "revenue": 2147962831, "costOfRevenue": 558970693, "grossProfit": 1588992138, "grossProfitRatio": 0.7397670551, "researchAndDevelopmentExpenses": 0, "generalAndAdministrativeExpenses": 0, "sellingAndMarketingExpenses": 0, "sellingGeneralAndAdministrativeExpenses": 704932094, "otherExpenses": 545961401, "operatingExpenses": 1250893495, "costAndExpenses": 1809864188, "interestIncome": 0, "interestExpense": 0, "depreciationAndAmortization": 234024303, "ebitda": 557112224, "ebitdaratio": 0.2593677209, "operatingIncome": 338098643, "operatingIncomeRatio": 0.1574043266, "totalOtherIncomeExpensesNet": 15010722, "incomeBeforeTax": 339957112, "incomeBeforeTaxRatio": 0.1582695506, "incomeTaxExpense": 116940672, "netIncome": 223016440, "netIncomeRatio": 0.1038269549, "eps": 0.0322, "epsdiluted": 0.0322, "weightedAverageShsOut": 879256000, "weightedAverageShsOutDil": 879256000, "link": "", "finalLink": "", "calculatedOtherExpenses": 545961401, "calculatedOperatingExpenses": 1250893495, "calculatedNetInterest": 0, "calculatedOtherIncome": 1858469, "calculatedIncomeNonControlling": 0, "calculatedEbitda": 572122946}, {"date": "1996-12-31", "symbol": "SU", "reportedCurrency": "CAD", "cik": "0000311337", "fillingDate": "1996-12-31", "acceptedDate": "1996-12-30 19:00:00", "calendarYear": "1996", "period": "FY", "revenue": 2099904070, "costOfRevenue": 716047691, "grossProfit": 1383856379, "grossProfitRatio": 0.6590093323, "researchAndDevelopmentExpenses": 0, "generalAndAdministrativeExpenses": 0, "sellingAndMarketingExpenses": 0, "sellingGeneralAndAdministrativeExpenses": 424009867, "otherExpenses": 515006167, "operatingExpenses": 939016034, "costAndExpenses": 1655063725, "interestIncome": 0, "interestExpense": 0, "depreciationAndAmortization": 204056462, "ebitda": 767849801, "ebitdaratio": 0.3656594661, "operatingIncome": 444840345, "operatingIncomeRatio": 0.2118384127, "totalOtherIncomeExpensesNet": -118952994, "incomeBeforeTax": 320131561, "incomeBeforeTaxRatio": 0.1524505646, "incomeTaxExpense": 133068384, "netIncome": 187063177, "netIncomeRatio": 0.0890817727, "eps": 0.0135, "epsdiluted": 0.0135, "weightedAverageShsOut": 876592000, "weightedAverageShsOutDil": 876592000, "link": "", "finalLink": "", "calculatedOtherExpenses": 515006167, "calculatedOperatingExpenses": 939016034, "calculatedNetInterest": 0, "calculatedOtherIncome": -124708784, "calculatedIncomeNonControlling": 0, "calculatedEbitda": 648896807}, {"date": "1995-12-31", "symbol": "SU", "reportedCurrency": "CAD", "cik": "0000311337", "fillingDate": "1995-12-31", "acceptedDate": "1995-12-30 19:00:00", "calendarYear": "1995", "period": "FY", "revenue": 1898009272, "costOfRevenue": 763976002, "grossProfit": 1134033270, "grossProfitRatio": 0.5974856323, "researchAndDevelopmentExpenses": 0, "generalAndAdministrativeExpenses": 0, "sellingAndMarketingExpenses": 0, "sellingGeneralAndAdministrativeExpenses": 280065449, "otherExpenses": 509953640, "operatingExpenses": 790019089, "costAndExpenses": 1553995091, "interestIncome": 0, "interestExpense": 0, "depreciationAndAmortization": 189937278, "ebitda": 617943823, "ebitdaratio": 0.3255747125, "operatingIncome": 344014181, "operatingIncomeRatio": 0.1812500002, "totalOtherIncomeExpensesNet": -83992364, "incomeBeforeTax": 245977639, "incomeBeforeTaxRatio": 0.1295977015, "incomeTaxExpense": 95036815, "netIncome": 150940824, "netIncomeRatio": 0.0795258623, "eps": 0.0109, "epsdiluted": 0.0109, "weightedAverageShsOut": 874928000, "weightedAverageShsOutDil": 874928000, "link": "", "finalLink": "", "calculatedOtherExpenses": 509953640, "calculatedOperatingExpenses": 790019089, "calculatedNetInterest": 0, "calculatedOtherIncome": -98036542, "calculatedIncomeNonControlling": 0, "calculatedEbitda": 533951459}, {"date": "1994-12-31", "symbol": "SU", "reportedCurrency": "CAD", "cik": "0000311337", "fillingDate": "1994-12-31", "acceptedDate": "1994-12-30 19:00:00", "calendarYear": "1994", "period": "FY", "revenue": 1635011923, "costOfRevenue": 658016552, "grossProfit": 976995371, "grossProfitRatio": 0.5975463281, "researchAndDevelopmentExpenses": 0, "generalAndAdministrativeExpenses": 0, "sellingAndMarketingExpenses": 0, "sellingGeneralAndAdministrativeExpenses": 241969421, "otherExpenses": 466965914, "operatingExpenses": 708935335, "costAndExpenses": 1366951887, "interestIncome": 0, "interestExpense": 0, "depreciationAndAmortization": 178987235, "ebitda": 513115443, "ebitdaratio": 0.3138297867, "operatingIncome": 268060036, "operatingIncomeRatio": 0.1639498968, "totalOtherIncomeExpensesNet": -66068172, "incomeBeforeTax": 186000841, "incomeBeforeTaxRatio": 0.1137611527, "incomeTaxExpense": 64945995, "netIncome": 121054846, "netIncomeRatio": 0.0740391212, "eps": 0.0088, "epsdiluted": 0.0088, "weightedAverageShsOut": 872352000, "weightedAverageShsOutDil": 872352000, "link": "", "finalLink": "", "calculatedOtherExpenses": 466965914, "calculatedOperatingExpenses": 708935335, "calculatedNetInterest": 0, "calculatedOtherIncome": -82059195, "calculatedIncomeNonControlling": 0, "calculatedEbitda": 447047271}, {"date": "1993-12-31", "symbol": "SU", "reportedCurrency": "CAD", "cik": "0000311337", "fillingDate": "1993-12-31", "acceptedDate": "1993-12-30 19:00:00", "calendarYear": "1993", "period": "FY", "revenue": 1519989410, "costOfRevenue": 684935134, "grossProfit": 835054276, "grossProfitRatio": 0.5493816408, "researchAndDevelopmentExpenses": 0, "generalAndAdministrativeExpenses": 0, "sellingAndMarketingExpenses": 0, "sellingGeneralAndAdministrativeExpenses": 211940694, "otherExpenses": 430897537, "operatingExpenses": 642838231, "costAndExpenses": 1327773365, "interestIncome": 0, "interestExpense": 0, "depreciationAndAmortization": 173947577, "ebitda": 428117554, "ebitdaratio": 0.2816582479, "operatingIncome": 192216045, "operatingIncomeRatio": 0.1264588054, "totalOtherIncomeExpensesNet": -61953932, "incomeBeforeTax": 115038390, "incomeBeforeTaxRatio": 0.0756836786, "incomeTaxExpense": 39978819, "netIncome": 75059571, "netIncomeRatio": 0.0493816408, "eps": 0.0055, "epsdiluted": 0.0055, "weightedAverageShsOut": 871152000, "weightedAverageShsOutDil": 871152000, "link": "", "finalLink": "", "calculatedOtherExpenses": 430897537, "calculatedOperatingExpenses": 642838231, "calculatedNetInterest": 0, "calculatedOtherIncome": -77177655, "calculatedIncomeNonControlling": 0, "calculatedEbitda": 366163622}, {"date": "1992-12-31", "symbol": "SU", "reportedCurrency": "CAD", "cik": "0000311337", "fillingDate": "1992-12-31", "acceptedDate": "1992-12-30 19:00:00", "calendarYear": "1992", "period": "FY", "revenue": 1536045772, "costOfRevenue": 768976478, "grossProfit": 767069294, "grossProfitRatio": 0.4993791904, "researchAndDevelopmentExpenses": 0, "generalAndAdministrativeExpenses": 0, "sellingAndMarketingExpenses": 0, "sellingGeneralAndAdministrativeExpenses": 227972028, "otherExpenses": 428989193, "operatingExpenses": 656961221, "costAndExpenses": 1425937699, "interestIncome": 0, "interestExpense": 0, "depreciationAndAmortization": 189955499, "ebitda": 724094087, "ebitdaratio": 0.4714013737, "operatingIncome": 110108073, "operatingIncomeRatio": 0.0716828072, "totalOtherIncomeExpensesNet": -424030515, "incomeBeforeTax": -328925620, "incomeBeforeTaxRatio": -0.2141379027, "incomeTaxExpense": -100953592, "netIncome": -227972028, "netIncomeRatio": -0.1484148664, "eps": -0.26, "epsdiluted": -0.26, "weightedAverageShsOut": 870848000, "weightedAverageShsOutDil": 870848000, "link": "", "finalLink": "", "calculatedOtherExpenses": 428989193, "calculatedOperatingExpenses": 656961221, "calculatedNetInterest": 0, "calculatedOtherIncome": -439033693, "calculatedIncomeNonControlling": 0, "calculatedEbitda": 300063572}, {"date": "1991-12-31", "symbol": "SU", "reportedCurrency": "CAD", "cik": "0000311337", "fillingDate": "1991-12-31", "acceptedDate": "1991-12-30 19:00:00", "calendarYear": "1991", "period": "FY", "revenue": 1564016640, "costOfRevenue": 718973885, "grossProfit": 845042755, "grossProfitRatio": 0.5403029184, "researchAndDevelopmentExpenses": 0, "generalAndAdministrativeExpenses": 0, "sellingAndMarketingExpenses": 0, "sellingGeneralAndAdministrativeExpenses": 239889069, "otherExpenses": 418996995, "operatingExpenses": 658886064, "costAndExpenses": 1377859949, "interestIncome": 0, "interestExpense": 0, "depreciationAndAmortization": 180956783, "ebitda": 412063786, "ebitdaratio": 0.2634650908, "operatingIncome": 186156691, "operatingIncomeRatio": 0.1190247509, "totalOtherIncomeExpensesNet": -44950312, "incomeBeforeTax": 128957708, "incomeBeforeTaxRatio": 0.0824529002, "incomeTaxExpense": 51999076, "netIncome": 76958632, "netIncomeRatio": 0.0492057629, "eps": 0.0056, "epsdiluted": 0.0056, "weightedAverageShsOut": 869984000, "weightedAverageShsOutDil": 869984000, "link": "", "finalLink": "", "calculatedOtherExpenses": 418996995, "calculatedOperatingExpenses": 658886064, "calculatedNetInterest": 0, "calculatedOtherIncome": -57198983, "calculatedIncomeNonControlling": 0, "calculatedEbitda": 367113474}]}