{"originalCurrency": "USD", "convertedCurrency": "USD", "report": [{"date": "2023-12-31", "symbol": "SUI", "reportedCurrency": "USD", "cik": "0000912593", "fillingDate": "2024-02-28", "acceptedDate": "2024-02-27 20:21:37", "calendarYear": "2023", "period": "FY", "revenue": 3239500000, "costOfRevenue": 2348300000, "grossProfit": 891200000, "grossProfitRatio": 0.2751041827, "researchAndDevelopmentExpenses": 0, "generalAndAdministrativeExpenses": 270200000, "sellingAndMarketingExpenses": 0, "sellingGeneralAndAdministrativeExpenses": 270200000, "otherExpenses": -397100000, "operatingExpenses": 397100000, "costAndExpenses": 2745400000, "interestIncome": 45400000, "interestExpense": 344000000, "depreciationAndAmortization": 660000000, "ebitda": 1154100000, "ebitdaratio": 0.3562586819, "operatingIncome": 494100000, "operatingIncomeRatio": 0.1525235376, "totalOtherIncomeExpensesNet": -711600000, "incomeBeforeTax": -217500000, "incomeBeforeTaxRatio": -0.0671399907, "incomeTaxExpense": -8400000, "netIncome": -199200000, "netIncomeRatio": -0.0614909708, "eps": -1.61, "epsdiluted": -1.61, "weightedAverageShsOut": 123400000, "weightedAverageShsOutDil": 123800000, "link": "https://www.sec.gov/Archives/edgar/data/912593/000091259324000094/0000912593-24-000094-index.htm", "finalLink": "https://www.sec.gov/Archives/edgar/data/912593/000091259324000094/sui-20231231.htm", "calculatedOtherExpenses": 126900000, "calculatedOperatingExpenses": 397100000, "calculatedNetInterest": -298600000, "calculatedOtherIncome": -413000000, "calculatedIncomeNonControlling": -9900000, "calculatedEbitda": 1154100000}, {"date": "2022-12-31", "symbol": "SUI", "reportedCurrency": "USD", "cik": "0000912593", "fillingDate": "2023-02-23", "acceptedDate": "2023-02-23 16:34:35", "calendarYear": "2022", "period": "FY", "revenue": 2934500000, "costOfRevenue": 1519100000, "grossProfit": 1415400000, "grossProfitRatio": 0.4823308911, "researchAndDevelopmentExpenses": 0, "generalAndAdministrativeExpenses": 256800000, "sellingAndMarketingExpenses": 0, "sellingGeneralAndAdministrativeExpenses": 256800000, "otherExpenses": 604800000, "operatingExpenses": 861600000, "costAndExpenses": 2380700000, "interestIncome": 35200000, "interestExpense": 234000000, "depreciationAndAmortization": 604800000, "ebitda": 1192800000, "ebitdaratio": 0.4064746976, "operatingIncome": 588000000, "operatingIncomeRatio": 0.2003748509, "totalOtherIncomeExpensesNet": -318100000, "incomeBeforeTax": 269900000, "incomeBeforeTaxRatio": 0.0919747828, "incomeTaxExpense": 6100000, "netIncome": 242000000, "netIncomeRatio": 0.0824672005, "eps": 2, "epsdiluted": 2, "weightedAverageShsOut": 120200000, "weightedAverageShsOutDil": 122900000, "link": "https://www.sec.gov/Archives/edgar/data/912593/000091259323000080/0000912593-23-000080-index.htm", "finalLink": "https://www.sec.gov/Archives/edgar/data/912593/000091259323000080/sui-20221231.htm", "calculatedOtherExpenses": 570600000, "calculatedOperatingExpenses": 827400000, "calculatedNetInterest": -198800000, "calculatedOtherIncome": -119300000, "calculatedIncomeNonControlling": 21800000, "calculatedEbitda": 1192800000}, {"date": "2021-12-31", "symbol": "SUI", "reportedCurrency": "USD", "cik": "0000912593", "fillingDate": "2022-02-22", "acceptedDate": "2022-02-22 14:31:09", "calendarYear": "2021", "period": "FY", "revenue": 2260373000, "costOfRevenue": 1109271000, "grossProfit": 1151102000, "grossProfitRatio": 0.5092531188, "researchAndDevelopmentExpenses": 0, "generalAndAdministrativeExpenses": 181210000, "sellingAndMarketingExpenses": 0, "sellingGeneralAndAdministrativeExpenses": 181210000, "otherExpenses": 522745000, "operatingExpenses": 703955000, "costAndExpenses": 1813226000, "interestIncome": 12232000, "interestExpense": 162800000, "depreciationAndAmortization": 522745000, "ebitda": 985506000, "ebitdaratio": 0.4359926437, "operatingIncome": 462761000, "operatingIncomeRatio": 0.2047277153, "totalOtherIncomeExpensesNet": -47697000, "incomeBeforeTax": 415064000, "incomeBeforeTaxRatio": 0.1836263307, "incomeTaxExpense": 1327000, "netIncome": 380200000, "netIncomeRatio": 0.1682023277, "eps": 3.36, "epsdiluted": 3.36, "weightedAverageShsOut": 112600000, "weightedAverageShsOutDil": 112600000, "link": "https://www.sec.gov/Archives/edgar/data/912593/000091259322000039/0000912593-22-000039-index.htm", "finalLink": "https://www.sec.gov/Archives/edgar/data/912593/000091259322000039/sui-20211231.htm", "calculatedOtherExpenses": 507131000, "calculatedOperatingExpenses": 688341000, "calculatedNetInterest": -150568000, "calculatedOtherIncome": 102871000, "calculatedIncomeNonControlling": 33537000, "calculatedEbitda": 985506000}, {"date": "2020-12-31", "symbol": "SUI", "reportedCurrency": "USD", "cik": "0000912593", "fillingDate": "2021-02-18", "acceptedDate": "2021-02-18 15:35:16", "calendarYear": "2020", "period": "FY", "revenue": 1388228000, "costOfRevenue": 614009000, "grossProfit": 774219000, "grossProfitRatio": 0.5577030574, "researchAndDevelopmentExpenses": 0, "generalAndAdministrativeExpenses": 111288000, "sellingAndMarketingExpenses": 0, "sellingGeneralAndAdministrativeExpenses": 111288000, "otherExpenses": 376876000, "operatingExpenses": 488164000, "costAndExpenses": 1102173000, "interestIncome": 10119000, "interestExpense": 133248000, "depreciationAndAmortization": 376876000, "ebitda": 669907000, "ebitdaratio": 0.4825626626, "operatingIncome": 293031000, "operatingIncomeRatio": 0.2110827616, "totalOtherIncomeExpensesNet": -146355000, "incomeBeforeTax": 146676000, "incomeBeforeTaxRatio": 0.1056569958, "incomeTaxExpense": -775000, "netIncome": 131614000, "netIncomeRatio": 0.0948071931, "eps": 1.34, "epsdiluted": 1.34, "weightedAverageShsOut": 97521000, "weightedAverageShsOutDil": 97522000, "link": "https://www.sec.gov/Archives/edgar/data/912593/000091259321000054/0000912593-21-000054-index.htm", "finalLink": "https://www.sec.gov/Archives/edgar/data/912593/000091259321000054/sui-20201231.htm", "calculatedOtherExpenses": 369900000, "calculatedOperatingExpenses": 481188000, "calculatedNetInterest": -123129000, "calculatedOtherIncome": -23226000, "calculatedIncomeNonControlling": 15837000, "calculatedEbitda": 669907000}, {"date": "2019-12-31", "symbol": "SUI", "reportedCurrency": "USD", "cik": "0000912593", "fillingDate": "2020-02-20", "acceptedDate": "2020-02-20 14:14:39", "calendarYear": "2019", "period": "FY", "revenue": 1246180000, "costOfRevenue": 546732000, "grossProfit": 699448000, "grossProfitRatio": 0.5612736523, "researchAndDevelopmentExpenses": 0, "generalAndAdministrativeExpenses": 93964000, "sellingAndMarketingExpenses": 0, "sellingGeneralAndAdministrativeExpenses": 93964000, "otherExpenses": 328067000, "operatingExpenses": 422031000, "costAndExpenses": 968763000, "interestIncome": 17857000, "interestExpense": 137851000, "depreciationAndAmortization": 328067000, "ebitda": 628172000, "ebitdaratio": 0.5040780626, "operatingIncome": 300105000, "operatingIncomeRatio": 0.2408199458, "totalOtherIncomeExpensesNet": -121853000, "incomeBeforeTax": 178252000, "incomeBeforeTaxRatio": 0.1430387263, "incomeTaxExpense": 873000, "netIncome": 161553000, "netIncomeRatio": 0.1296385755, "eps": 1.8, "epsdiluted": 1.8, "weightedAverageShsOut": 88460000, "weightedAverageShsOutDil": 88460000, "link": "https://www.sec.gov/Archives/edgar/data/912593/000091259320000041/0000912593-20-000041-index.htm", "finalLink": "https://www.sec.gov/Archives/edgar/data/912593/000091259320000041/sui2019123110-k.htm", "calculatedOtherExpenses": 305379000, "calculatedOperatingExpenses": 399343000, "calculatedNetInterest": -119994000, "calculatedOtherIncome": -1859000, "calculatedIncomeNonControlling": 15826000, "calculatedEbitda": 628172000}, {"date": "2018-12-31", "symbol": "SUI", "reportedCurrency": "USD", "cik": "0000912593", "fillingDate": "2019-02-21", "acceptedDate": "2019-02-21 14:30:50", "calendarYear": "2018", "period": "FY", "revenue": 1105972000, "costOfRevenue": 492429000, "grossProfit": 613543000, "grossProfitRatio": 0.5547545507, "researchAndDevelopmentExpenses": 0, "generalAndAdministrativeExpenses": 81438000, "sellingAndMarketingExpenses": 0, "sellingGeneralAndAdministrativeExpenses": 81438000, "otherExpenses": -6453000, "operatingExpenses": 368700000, "costAndExpenses": 861129000, "interestIncome": 20853000, "interestExpense": 132783000, "depreciationAndAmortization": 287262000, "ebitda": 547151000, "ebitdaratio": 0.4947240979, "operatingIncome": 244843000, "operatingIncomeRatio": 0.221382639, "totalOtherIncomeExpensesNet": -12667000, "incomeBeforeTax": 120246000, "incomeBeforeTaxRatio": 0.1087242715, "incomeTaxExpense": 88000, "netIncome": 107229000, "netIncomeRatio": 0.0969545341, "eps": 1.32, "epsdiluted": 1.31, "weightedAverageShsOut": 81387000, "weightedAverageShsOutDil": 82040000, "link": "https://www.sec.gov/Archives/edgar/data/912593/000091259319000034/0000912593-19-000034-index.htm", "finalLink": "https://www.sec.gov/Archives/edgar/data/912593/000091259319000034/sui2018123110-k.htm", "calculatedOtherExpenses": 287262000, "calculatedOperatingExpenses": 368700000, "calculatedNetInterest": -111930000, "calculatedOtherIncome": -12667000, "calculatedIncomeNonControlling": 12929000, "calculatedEbitda": 532105000}, {"date": "2017-12-31", "symbol": "SUI", "reportedCurrency": "USD", "cik": "0000912593", "fillingDate": "2018-02-22", "acceptedDate": "2018-02-22 15:01:24", "calendarYear": "2017", "period": "FY", "revenue": 961390000, "costOfRevenue": 419208000, "grossProfit": 542182000, "grossProfitRatio": 0.5639563549, "researchAndDevelopmentExpenses": 0, "generalAndAdministrativeExpenses": 74711000, "sellingAndMarketingExpenses": 0, "sellingGeneralAndAdministrativeExpenses": 74711000, "otherExpenses": 8982000, "operatingExpenses": 336247000, "costAndExpenses": 755455000, "interestIncome": 21180000, "interestExpense": 130242000, "depreciationAndAmortization": 261536000, "ebitda": 497633000, "ebitdaratio": 0.5176182403, "operatingIncome": 205935000, "operatingIncomeRatio": 0.2142054733, "totalOtherIncomeExpensesNet": -15190000, "incomeBeforeTax": 81683000, "incomeBeforeTaxRatio": 0.0849634384, "incomeTaxExpense": -136000, "netIncome": 72183000, "netIncomeRatio": 0.0750819126, "eps": 0.85, "epsdiluted": 0.85, "weightedAverageShsOut": 76084000, "weightedAverageShsOutDil": 76711000, "link": "https://www.sec.gov/Archives/edgar/data/912593/000091259318000049/0000912593-18-000049-index.htm", "finalLink": "https://www.sec.gov/Archives/edgar/data/912593/000091259318000049/sui2017123110-k.htm", "calculatedOtherExpenses": 261536000, "calculatedOperatingExpenses": 336247000, "calculatedNetInterest": -109062000, "calculatedOtherIncome": -15190000, "calculatedIncomeNonControlling": 9636000, "calculatedEbitda": 467471000}, {"date": "2016-12-31", "symbol": "SUI", "reportedCurrency": "USD", "cik": "0000912593", "fillingDate": "2017-02-23", "acceptedDate": "2017-02-23 12:08:28", "calendarYear": "2016", "period": "FY", "revenue": 815665000, "costOfRevenue": 355463000, "grossProfit": 460202000, "grossProfitRatio": 0.5642046674, "researchAndDevelopmentExpenses": 0, "generalAndAdministrativeExpenses": 64087000, "sellingAndMarketingExpenses": 0, "sellingGeneralAndAdministrativeExpenses": 64087000, "otherExpenses": -5848000, "operatingExpenses": 285857000, "costAndExpenses": 641320000, "interestIncome": 18113000, "interestExpense": 122315000, "depreciationAndAmortization": 221770000, "ebitda": 408380000, "ebitdaratio": 0.5006712314, "operatingIncome": 174345000, "operatingIncomeRatio": 0.2137458393, "totalOtherIncomeExpensesNet": -38889000, "incomeBeforeTax": 31254000, "incomeBeforeTaxRatio": 0.0383172013, "incomeTaxExpense": 283000, "netIncome": 26315000, "netIncomeRatio": 0.0322620193, "eps": 0.27, "epsdiluted": 0.26, "weightedAverageShsOut": 65856000, "weightedAverageShsOutDil": 66321000, "link": "https://www.sec.gov/Archives/edgar/data/912593/000091259317000021/0000912593-17-000021-index.htm", "finalLink": "https://www.sec.gov/Archives/edgar/data/912593/000091259317000021/sui2016123110-k.htm", "calculatedOtherExpenses": 221770000, "calculatedOperatingExpenses": 285857000, "calculatedNetInterest": -104202000, "calculatedOtherIncome": -38889000, "calculatedIncomeNonControlling": 4656000, "calculatedEbitda": 396115000}, {"date": "2015-12-31", "symbol": "SUI", "reportedCurrency": "USD", "cik": "0000912593", "fillingDate": "2016-02-23", "acceptedDate": "2016-02-23 13:25:27", "calendarYear": "2015", "period": "FY", "revenue": 658793000, "costOfRevenue": 271927000, "grossProfit": 386866000, "grossProfitRatio": 0.5872345335, "researchAndDevelopmentExpenses": 0, "generalAndAdministrativeExpenses": 54931000, "sellingAndMarketingExpenses": 0, "sellingGeneralAndAdministrativeExpenses": 54931000, "otherExpenses": 177637000, "operatingExpenses": 232568000, "costAndExpenses": 504495000, "interestIncome": 15938000, "interestExpense": 110878000, "depreciationAndAmortization": 177637000, "ebitda": 347873000, "ebitdaratio": 0.5280459871, "operatingIncome": 154298000, "operatingIncomeRatio": 0.2342131747, "totalOtherIncomeExpensesNet": 112273000, "incomeBeforeTax": 171631000, "incomeBeforeTaxRatio": 0.2605234118, "incomeTaxExpense": 1158000, "netIncome": 155446000, "netIncomeRatio": 0.2359557554, "eps": 2.53, "epsdiluted": 2.52, "weightedAverageShsOut": 53686000, "weightedAverageShsOutDil": 53702000, "link": "https://www.sec.gov/Archives/edgar/data/912593/000091259316000134/0000912593-16-000134-index.htm", "finalLink": "https://www.sec.gov/Archives/edgar/data/912593/000091259316000134/sui2015123110k.htm", "calculatedOtherExpenses": 177637000, "calculatedOperatingExpenses": 232568000, "calculatedNetInterest": -94940000, "calculatedOtherIncome": 112273000, "calculatedIncomeNonControlling": 15027000, "calculatedEbitda": 331935000}, {"date": "2014-12-31", "symbol": "SUI", "reportedCurrency": "USD", "cik": "0000912593", "fillingDate": "2015-03-02", "acceptedDate": "2015-03-02 16:31:56", "calendarYear": "2014", "period": "FY", "revenue": 457213000, "costOfRevenue": 189141000, "grossProfit": 268072000, "grossProfitRatio": 0.5863175369, "researchAndDevelopmentExpenses": 0, "generalAndAdministrativeExpenses": 42622000, "sellingAndMarketingExpenses": 0, "sellingGeneralAndAdministrativeExpenses": 42622000, "otherExpenses": 133726000, "operatingExpenses": 176348000, "costAndExpenses": 365489000, "interestIncome": 14462000, "interestExpense": 76981000, "depreciationAndAmortization": 133726000, "ebitda": 239912000, "ebitdaratio": 0.5247269872, "operatingIncome": 91724000, "operatingIncomeRatio": 0.2006154681, "totalOtherIncomeExpensesNet": 4210000, "incomeBeforeTax": 33415000, "incomeBeforeTaxRatio": 0.0730840987, "incomeTaxExpense": 219000, "netIncome": 28509000, "netIncomeRatio": 0.0623538701, "eps": 0.54, "epsdiluted": 0.54, "weightedAverageShsOut": 41337000, "weightedAverageShsOutDil": 41805000, "link": "https://www.sec.gov/Archives/edgar/data/912593/000091259315000031/0000912593-15-000031-index.htm", "finalLink": "https://www.sec.gov/Archives/edgar/data/912593/000091259315000031/sui2014123110k.htm", "calculatedOtherExpenses": 133726000, "calculatedOperatingExpenses": 176348000, "calculatedNetInterest": -62519000, "calculatedOtherIncome": 4210000, "calculatedIncomeNonControlling": 4687000, "calculatedEbitda": 225450000}, {"date": "2013-12-31", "symbol": "SUI", "reportedCurrency": "USD", "cik": "0000912593", "fillingDate": "2014-02-20", "acceptedDate": "2014-02-20 07:47:45", "calendarYear": "2013", "period": "FY", "revenue": 402149000, "costOfRevenue": 170653000, "grossProfit": 231496000, "grossProfitRatio": 0.5756473347, "researchAndDevelopmentExpenses": 0, "generalAndAdministrativeExpenses": 35854000, "sellingAndMarketingExpenses": 0, "sellingGeneralAndAdministrativeExpenses": 35854000, "otherExpenses": 110078000, "operatingExpenses": 145932000, "costAndExpenses": 316585000, "interestIncome": 13073000, "interestExpense": 76577000, "depreciationAndAmortization": 110078000, "ebitda": 208715000, "ebitdaratio": 0.5189991769, "operatingIncome": 85564000, "operatingIncomeRatio": 0.2127669098, "totalOtherIncomeExpensesNet": -1678000, "incomeBeforeTax": 20382000, "incomeBeforeTaxRatio": 0.0506827072, "incomeTaxExpense": 234000, "netIncome": 16666000, "netIncomeRatio": 0.041442351, "eps": 0.31, "epsdiluted": 0.31, "weightedAverageShsOut": 34228000, "weightedAverageShsOutDil": 34410000, "link": "https://www.sec.gov/Archives/edgar/data/912593/000091259314000022/0000912593-14-000022-index.htm", "finalLink": "https://www.sec.gov/Archives/edgar/data/912593/000091259314000022/sui2013123110k.htm", "calculatedOtherExpenses": 110078000, "calculatedOperatingExpenses": 145932000, "calculatedNetInterest": -63504000, "calculatedOtherIncome": -1678000, "calculatedIncomeNonControlling": 3482000, "calculatedEbitda": 195642000}, {"date": "2012-12-31", "symbol": "SUI", "reportedCurrency": "USD", "cik": "0000912593", "fillingDate": "2013-02-25", "acceptedDate": "2013-02-25 17:10:31", "calendarYear": "2012", "period": "FY", "revenue": 327981000, "costOfRevenue": 141105000, "grossProfit": 186876000, "grossProfitRatio": 0.5697769078, "researchAndDevelopmentExpenses": 0, "generalAndAdministrativeExpenses": 29017000, "sellingAndMarketingExpenses": 0, "sellingGeneralAndAdministrativeExpenses": 29017000, "otherExpenses": 617000, "operatingExpenses": 118691000, "costAndExpenses": 259796000, "interestIncome": 11018000, "interestExpense": 71180000, "depreciationAndAmortization": 89674000, "ebitda": 169494000, "ebitdaratio": 0.5167799354, "operatingIncome": 68185000, "operatingIncomeRatio": 0.2078931402, "totalOtherIncomeExpensesNet": 221000, "incomeBeforeTax": 8244000, "incomeBeforeTaxRatio": 0.0251356024, "incomeTaxExpense": 249000, "netIncome": 5984000, "netIncomeRatio": 0.0182449593, "eps": 0.19, "epsdiluted": 0.18, "weightedAverageShsOut": 26970000, "weightedAverageShsOutDil": 27125000, "link": "https://www.sec.gov/Archives/edgar/data/912593/000091259313000024/0000912593-13-000024-index.htm", "finalLink": "https://www.sec.gov/Archives/edgar/data/912593/000091259313000024/sui2012123110k.htm", "calculatedOtherExpenses": 89674000, "calculatedOperatingExpenses": 118691000, "calculatedNetInterest": -60162000, "calculatedOtherIncome": 221000, "calculatedIncomeNonControlling": 2011000, "calculatedEbitda": 157859000}, {"date": "2011-12-31", "symbol": "SUI", "reportedCurrency": "USD", "cik": "0000912593", "fillingDate": "2012-02-23", "acceptedDate": "2012-02-23 17:10:57", "calendarYear": "2011", "period": "FY", "revenue": 289185000, "costOfRevenue": 118325000, "grossProfit": 170860000, "grossProfitRatio": 0.5908328579, "researchAndDevelopmentExpenses": 0, "generalAndAdministrativeExpenses": 19704000, "sellingAndMarketingExpenses": 8156000, "sellingGeneralAndAdministrativeExpenses": 27860000, "otherExpenses": 74193000, "operatingExpenses": 102053000, "costAndExpenses": 220378000, "interestIncome": 0, "interestExpense": 67939000, "depreciationAndAmortization": 73484000, "ebitda": 143000000, "ebitdaratio": 0.4944931445, "operatingIncome": 68807000, "operatingIncomeRatio": 0.2379341944, "totalOtherIncomeExpensesNet": -3353000, "incomeBeforeTax": -2485000, "incomeBeforeTaxRatio": -0.0085931151, "incomeTaxExpense": 150000, "netIncome": -1086000, "netIncomeRatio": -0.0037553815, "eps": -0.0514, "epsdiluted": -0.0514, "weightedAverageShsOut": 21147000, "weightedAverageShsOutDil": 21147000, "link": "https://www.sec.gov/Archives/edgar/data/912593/000091259312000017/0000912593-12-000017-index.htm", "finalLink": "https://www.sec.gov/Archives/edgar/data/912593/000091259312000017/sui10k_123111.htm", "calculatedOtherExpenses": 74193000, "calculatedOperatingExpenses": 102053000, "calculatedNetInterest": -67939000, "calculatedOtherIncome": -3353000, "calculatedIncomeNonControlling": -1549000, "calculatedEbitda": 142291000}, {"date": "2010-12-31", "symbol": "SUI", "reportedCurrency": "USD", "cik": "0000912593", "fillingDate": "2011-02-24", "acceptedDate": "2011-02-24 12:24:22", "calendarYear": "2010", "period": "FY", "revenue": 263140000, "costOfRevenue": 108720000, "grossProfit": 154420000, "grossProfitRatio": 0.5868359048, "researchAndDevelopmentExpenses": 0, "generalAndAdministrativeExpenses": 0, "sellingAndMarketingExpenses": 0, "sellingGeneralAndAdministrativeExpenses": 24810000, "otherExpenses": 66038000, "operatingExpenses": 90848000, "costAndExpenses": 199568000, "interestIncome": 0, "interestExpense": 65427000, "depreciationAndAmortization": 68356000, "ebitda": 131928000, "ebitdaratio": 0.5013604925, "operatingIncome": 63572000, "operatingIncomeRatio": 0.2415900281, "totalOtherIncomeExpensesNet": -65427000, "incomeBeforeTax": -1855000, "incomeBeforeTaxRatio": -0.0070494794, "incomeTaxExpense": 512000, "netIncome": -2883000, "netIncomeRatio": -0.010956145, "eps": -0.15, "epsdiluted": -0.15, "weightedAverageShsOut": 19168000, "weightedAverageShsOutDil": 19168000, "link": "https://www.sec.gov/Archives/edgar/data/912593/000091259311000005/0000912593-11-000005-index.htm", "finalLink": "https://www.sec.gov/Archives/edgar/data/912593/000091259311000005/sui10k_123110.htm", "calculatedOtherExpenses": 66038000, "calculatedOperatingExpenses": 90848000, "calculatedNetInterest": -65427000, "calculatedOtherIncome": 0, "calculatedIncomeNonControlling": 516000, "calculatedEbitda": 131928000}, {"date": "2009-12-31", "symbol": "SUI", "reportedCurrency": "USD", "cik": "0000912593", "fillingDate": "2010-03-11", "acceptedDate": "2010-03-11 12:25:12", "calendarYear": "2009", "period": "FY", "revenue": 256609000, "costOfRevenue": 107487000, "grossProfit": 149122000, "grossProfitRatio": 0.5811253697, "researchAndDevelopmentExpenses": 0, "generalAndAdministrativeExpenses": 0, "sellingAndMarketingExpenses": 0, "sellingGeneralAndAdministrativeExpenses": 25899000, "otherExpenses": 65011000, "operatingExpenses": 90910000, "costAndExpenses": 198397000, "interestIncome": 0, "interestExpense": 62779000, "depreciationAndAmortization": 67516000, "ebitda": 125728000, "ebitdaratio": 0.4899594324, "operatingIncome": 58212000, "operatingIncomeRatio": 0.2268509678, "totalOtherIncomeExpensesNet": -62779000, "incomeBeforeTax": -4567000, "incomeBeforeTaxRatio": -0.0177975052, "incomeTaxExpense": 413000, "netIncome": -6302000, "netIncomeRatio": -0.0245587645, "eps": -0.34, "epsdiluted": -0.34, "weightedAverageShsOut": 18484000, "weightedAverageShsOutDil": 18484000, "link": "https://www.sec.gov/Archives/edgar/data/912593/000091259310000004/0000912593-10-000004-index.html", "finalLink": "https://www.sec.gov/Archives/edgar/data/912593/000091259310000004/sui10k_123109.htm", "calculatedOtherExpenses": 65011000, "calculatedOperatingExpenses": 90910000, "calculatedNetInterest": -62779000, "calculatedOtherIncome": 0, "calculatedIncomeNonControlling": 1322000, "calculatedEbitda": 125728000}, {"date": "2008-12-31", "symbol": "SUI", "reportedCurrency": "USD", "cik": "0000912593", "fillingDate": "2009-03-13", "acceptedDate": "2009-03-13 17:24:16", "calendarYear": "2008", "period": "FY", "revenue": 255047000, "costOfRevenue": 90362000, "grossProfit": 164685000, "grossProfitRatio": 0.6457045172, "researchAndDevelopmentExpenses": 0, "generalAndAdministrativeExpenses": 16418000, "sellingAndMarketingExpenses": 6734000, "sellingGeneralAndAdministrativeExpenses": 23152000, "otherExpenses": 64998000, "operatingExpenses": 164907000, "costAndExpenses": 255269000, "interestIncome": 3902000, "interestExpense": 3382000, "depreciationAndAmortization": 64998000, "ebitda": 64776000, "ebitdaratio": 0.253976718, "operatingIncome": 60553000, "operatingIncomeRatio": 0.2374189855, "totalOtherIncomeExpensesNet": -13171000, "incomeBeforeTax": -16775000, "incomeBeforeTaxRatio": -0.065772191, "incomeTaxExpense": 336000, "netIncome": -34448000, "netIncomeRatio": -0.1350653017, "eps": -1.9, "epsdiluted": -1.9, "weightedAverageShsOut": 18176000, "weightedAverageShsOutDil": 18176000, "link": "https://www.sec.gov/Archives/edgar/data/912593/000091259309000015/0000912593-09-000015-index.htm", "finalLink": "https://www.sec.gov/Archives/edgar/data/912593/000091259309000015/sui123108form10k.htm", "calculatedOtherExpenses": 80980000, "calculatedOperatingExpenses": 104132000, "calculatedNetInterest": 520000, "calculatedOtherIncome": -77848000, "calculatedIncomeNonControlling": 17337000, "calculatedEbitda": 125551000}, {"date": "2007-12-31", "symbol": "SUI", "reportedCurrency": "USD", "cik": "0000912593", "fillingDate": "2008-03-17", "acceptedDate": "2008-03-17 12:14:48", "calendarYear": "2007", "period": "FY", "revenue": 235956000, "costOfRevenue": 67074000, "grossProfit": 168882000, "grossProfitRatio": 0.7157351371, "researchAndDevelopmentExpenses": 0, "generalAndAdministrativeExpenses": 20703000, "sellingAndMarketingExpenses": 0, "sellingGeneralAndAdministrativeExpenses": 20703000, "otherExpenses": 92674000, "operatingExpenses": 113377000, "costAndExpenses": 180451000, "interestIncome": 0, "interestExpense": -59728000, "depreciationAndAmortization": 66009000, "ebitda": 56742000, "ebitdaratio": 0.2404770381, "operatingIncome": 55505000, "operatingIncomeRatio": 0.2352345353, "totalOtherIncomeExpensesNet": 64772000, "incomeBeforeTax": -19540000, "incomeBeforeTaxRatio": -0.0828120497, "incomeTaxExpense": -768000, "netIncome": -16643000, "netIncomeRatio": -0.0705343369, "eps": -0.93, "epsdiluted": -0.93, "weightedAverageShsOut": 17938000, "weightedAverageShsOutDil": 17938000, "link": "https://www.sec.gov/Archives/edgar/data/912593/000091259308000005/0000912593-08-000005-index.htm", "finalLink": "https://www.sec.gov/Archives/edgar/data/912593/000091259308000005/sui10-k_12312007.htm", "calculatedOtherExpenses": 92674000, "calculatedOperatingExpenses": 113377000, "calculatedNetInterest": 59728000, "calculatedOtherIncome": -134773000, "calculatedIncomeNonControlling": -2129000, "calculatedEbitda": 121514000}, {"date": "2006-12-31", "symbol": "SUI", "reportedCurrency": "USD", "cik": "0000912593", "fillingDate": "2007-03-15", "acceptedDate": "2007-03-15 16:06:16", "calendarYear": "2006", "period": "FY", "revenue": 226894000, "costOfRevenue": 62616000, "grossProfit": 164278000, "grossProfitRatio": 0.7240297231, "researchAndDevelopmentExpenses": 0, "generalAndAdministrativeExpenses": 6311000, "sellingAndMarketingExpenses": 0, "sellingGeneralAndAdministrativeExpenses": 6311000, "otherExpenses": 108716000, "operatingExpenses": 115027000, "costAndExpenses": 177643000, "interestIncome": 0, "interestExpense": -48025000, "depreciationAndAmortization": 63447000, "ebitda": 112698000, "ebitdaratio": 0.496698899, "operatingIncome": 49251000, "operatingIncomeRatio": 0.217066119, "totalOtherIncomeExpensesNet": 105000, "incomeBeforeTax": -42300000, "incomeBeforeTaxRatio": -0.1864306681, "incomeTaxExpense": 74324000, "netIncome": -24968000, "netIncomeRatio": -0.1100425749, "eps": -1.42, "epsdiluted": -1.42, "weightedAverageShsOut": 17641000, "weightedAverageShsOutDil": 17641000, "link": "https://www.sec.gov/Archives/edgar/data/912593/000091259307000006/0000912593-07-000006-index.htm", "finalLink": "https://www.sec.gov/Archives/edgar/data/912593/000091259307000006/sui10-k_12312006.htm", "calculatedOtherExpenses": 108716000, "calculatedOperatingExpenses": 115027000, "calculatedNetInterest": 48025000, "calculatedOtherIncome": -139576000, "calculatedIncomeNonControlling": -91656000, "calculatedEbitda": 112698000}, {"date": "2005-12-31", "symbol": "SUI", "reportedCurrency": "USD", "cik": "0000912593", "fillingDate": "2006-03-16", "acceptedDate": "2006-03-16 16:58:07", "calendarYear": "2005", "period": "FY", "revenue": 210865000, "costOfRevenue": 58952000, "grossProfit": 151913000, "grossProfitRatio": 0.7204277618, "researchAndDevelopmentExpenses": 0, "generalAndAdministrativeExpenses": 20700000, "sellingAndMarketingExpenses": 0, "sellingGeneralAndAdministrativeExpenses": 20700000, "otherExpenses": 80807000, "operatingExpenses": 101507000, "costAndExpenses": 160459000, "interestIncome": 0, "interestExpense": 0, "depreciationAndAmortization": 59273000, "ebitda": 109679000, "ebitdaratio": 0.5201384772, "operatingIncome": 50406000, "operatingIncomeRatio": 0.2390439381, "totalOtherIncomeExpensesNet": 0, "incomeBeforeTax": 0, "incomeBeforeTaxRatio": 0, "incomeTaxExpense": 55858000, "netIncome": -5452000, "netIncomeRatio": -0.0258554051, "eps": -0.31, "epsdiluted": -0.31, "weightedAverageShsOut": 17716000, "weightedAverageShsOutDil": 17716000, "link": "https://www.sec.gov/Archives/edgar/data/912593/000095012406001279/0000950124-06-001279-index.htm", "finalLink": "https://www.sec.gov/Archives/edgar/data/912593/000095012406001279/k02504e10vk.txt", "calculatedOtherExpenses": 80807000, "calculatedOperatingExpenses": 101507000, "calculatedNetInterest": 0, "calculatedOtherIncome": -50406000, "calculatedIncomeNonControlling": -50406000, "calculatedEbitda": 109679000}, {"date": "2004-12-31", "symbol": "SUI", "reportedCurrency": "USD", "cik": "0000912593", "fillingDate": "2005-03-16", "acceptedDate": "2005-03-16 14:08:02", "calendarYear": "2004", "period": "FY", "revenue": 200853000, "costOfRevenue": 56202000, "grossProfit": 144651000, "grossProfitRatio": 0.7201834177, "researchAndDevelopmentExpenses": 0, "generalAndAdministrativeExpenses": 20639000, "sellingAndMarketingExpenses": 0, "sellingGeneralAndAdministrativeExpenses": 20639000, "otherExpenses": 161577000, "operatingExpenses": 182216000, "costAndExpenses": 238418000, "interestIncome": 0, "interestExpense": 0, "depreciationAndAmortization": 49510000, "ebitda": 63866000, "ebitdaratio": 0.3179738416, "operatingIncome": -37565000, "operatingIncomeRatio": -0.1870273284, "totalOtherIncomeExpensesNet": -51921000, "incomeBeforeTax": -89486000, "incomeBeforeTaxRatio": -0.4455298153, "incomeTaxExpense": 2903000, "netIncome": -40468000, "netIncomeRatio": -0.2014806849, "eps": -2.22, "epsdiluted": -2.19, "weightedAverageShsOut": 18228829, "weightedAverageShsOutDil": 18480000, "link": "https://www.sec.gov/Archives/edgar/data/912593/000095012405001571/0000950124-05-001571-index.htm", "finalLink": "https://www.sec.gov/Archives/edgar/data/912593/000095012405001571/k92013e10vk.txt", "calculatedOtherExpenses": 161577000, "calculatedOperatingExpenses": 182216000, "calculatedNetInterest": 0, "calculatedOtherIncome": -51921000, "calculatedIncomeNonControlling": -51921000, "calculatedEbitda": 11945000}, {"date": "2003-12-31", "symbol": "SUI", "reportedCurrency": "USD", "cik": "0000912593", "fillingDate": "2004-03-15", "acceptedDate": "2004-03-15 16:35:16", "calendarYear": "2003", "period": "FY", "revenue": 189138000, "costOfRevenue": 53716000, "grossProfit": 135422000, "grossProfitRatio": 0.715995728, "researchAndDevelopmentExpenses": 0, "generalAndAdministrativeExpenses": 18181000, "sellingAndMarketingExpenses": 0, "sellingGeneralAndAdministrativeExpenses": 18181000, "otherExpenses": 55866000, "operatingExpenses": 74047000, "costAndExpenses": 127763000, "interestIncome": 0, "interestExpense": 0, "depreciationAndAmortization": 44120000, "ebitda": 105495000, "ebitdaratio": 0.5577673445, "operatingIncome": 61375000, "operatingIncomeRatio": 0.3244985143, "totalOtherIncomeExpensesNet": 0, "incomeBeforeTax": 0, "incomeBeforeTaxRatio": 0, "incomeTaxExpense": 37661000, "netIncome": 23714000, "netIncomeRatio": 0.1253793526, "eps": 0.75, "epsdiluted": 0.75, "weightedAverageShsOut": 18065000, "weightedAverageShsOutDil": 18220000, "link": "https://www.sec.gov/Archives/edgar/data/912593/000095012404000947/0000950124-04-000947-index.htm", "finalLink": "https://www.sec.gov/Archives/edgar/data/912593/000095012404000947/k82518e10vk.txt", "calculatedOtherExpenses": 55866000, "calculatedOperatingExpenses": 74047000, "calculatedNetInterest": 0, "calculatedOtherIncome": -61375000, "calculatedIncomeNonControlling": -61375000, "calculatedEbitda": 105495000}, {"date": "2002-12-31", "symbol": "SUI", "reportedCurrency": "USD", "cik": "0000912593", "fillingDate": "2003-03-31", "acceptedDate": "2003-03-31 16:04:54", "calendarYear": "2002", "period": "FY", "revenue": 162296000, "costOfRevenue": 33387000, "grossProfit": 128909000, "grossProfitRatio": 0.7942832849, "researchAndDevelopmentExpenses": 0, "generalAndAdministrativeExpenses": 5220000, "sellingAndMarketingExpenses": 0, "sellingGeneralAndAdministrativeExpenses": 5220000, "otherExpenses": 83944000, "operatingExpenses": 89164000, "costAndExpenses": 122551000, "interestIncome": 0, "interestExpense": 0, "depreciationAndAmortization": 38525000, "ebitda": 78270000, "ebitdaratio": 0.482266969, "operatingIncome": 39745000, "operatingIncomeRatio": 0.2448920491, "totalOtherIncomeExpensesNet": 0, "incomeBeforeTax": 0, "incomeBeforeTaxRatio": 0, "incomeTaxExpense": 26153000, "netIncome": 13592000, "netIncomeRatio": 0.0837482131, "eps": 0.68, "epsdiluted": 0.68, "weightedAverageShsOut": 19988235, "weightedAverageShsOutDil": 19988235, "link": "https://www.sec.gov/Archives/edgar/data/912593/000095012403001035/0000950124-03-001035-index.htm", "finalLink": "https://www.sec.gov/Archives/edgar/data/912593/000095012403001035/k74386e10vk.txt", "calculatedOtherExpenses": 83944000, "calculatedOperatingExpenses": 89164000, "calculatedNetInterest": 0, "calculatedOtherIncome": -39745000, "calculatedIncomeNonControlling": -39745000, "calculatedEbitda": 78270000}, {"date": "2001-12-31", "symbol": "SUI", "reportedCurrency": "USD", "cik": "0000912593", "fillingDate": "2002-03-29", "acceptedDate": "2002-03-29 00:00:00", "calendarYear": "2001", "period": "FY", "revenue": 153554000, "costOfRevenue": 29154000, "grossProfit": 124400000, "grossProfitRatio": 0.8101384529, "researchAndDevelopmentExpenses": 0, "generalAndAdministrativeExpenses": 4627000, "sellingAndMarketingExpenses": 0, "sellingGeneralAndAdministrativeExpenses": 4627000, "otherExpenses": 76802000, "operatingExpenses": 81429000, "costAndExpenses": 110583000, "interestIncome": 0, "interestExpense": 0, "depreciationAndAmortization": 33516000, "ebitda": 76487000, "ebitdaratio": 0.4981114136, "operatingIncome": 42971000, "operatingIncomeRatio": 0.2798429217, "totalOtherIncomeExpensesNet": 0, "incomeBeforeTax": 0, "incomeBeforeTaxRatio": 0, "incomeTaxExpense": 9061000, "netIncome": 33910000, "netIncomeRatio": 0.2208343645, "eps": 1.96, "epsdiluted": 1.94, "weightedAverageShsOut": 17258000, "weightedAverageShsOutDil": 17440000, "link": "https://www.sec.gov/Archives/edgar/data/912593/000095012402001099/0000950124-02-001099-index.htm", "finalLink": "https://www.sec.gov/Archives/edgar/data/912593/000095012402001099/k68295e10-k.txt", "calculatedOtherExpenses": 76802000, "calculatedOperatingExpenses": 81429000, "calculatedNetInterest": 0, "calculatedOtherIncome": -42971000, "calculatedIncomeNonControlling": -42971000, "calculatedEbitda": 76487000}, {"date": "2000-12-31", "symbol": "SUI", "reportedCurrency": "USD", "cik": "0000912593", "fillingDate": "2001-03-30", "acceptedDate": "2001-03-30 00:00:00", "calendarYear": "2000", "period": "FY", "revenue": 146545000, "costOfRevenue": 28592000, "grossProfit": 117953000, "grossProfitRatio": 0.8048926951, "researchAndDevelopmentExpenses": 0, "generalAndAdministrativeExpenses": 4079000, "sellingAndMarketingExpenses": 0, "sellingGeneralAndAdministrativeExpenses": 4079000, "otherExpenses": 72371000, "operatingExpenses": 76450000, "costAndExpenses": 105042000, "interestIncome": 0, "interestExpense": 0, "depreciationAndAmortization": 943000, "ebitda": 72174000, "ebitdaratio": 0.492504009, "operatingIncome": 41503000, "operatingIncomeRatio": 0.2832099355, "totalOtherIncomeExpensesNet": 0, "incomeBeforeTax": 0, "incomeBeforeTaxRatio": 0, "incomeTaxExpense": 37937000, "netIncome": 33294000, "netIncomeRatio": 0.2271930124, "eps": 1.92, "epsdiluted": 1.91, "weightedAverageShsOut": 17304000, "weightedAverageShsOutDil": 17390000, "link": "https://www.sec.gov/Archives/edgar/data/912593/000095012401001852/0000950124-01-001852-index.htm", "finalLink": "https://www.sec.gov/Archives/edgar/data/912593/000095012401001852/k61296e10-k405.txt", "calculatedOtherExpenses": 72371000, "calculatedOperatingExpenses": 76450000, "calculatedNetInterest": 0, "calculatedOtherIncome": -41503000, "calculatedIncomeNonControlling": -71231000, "calculatedEbitda": 42446000}, {"date": "1999-12-31", "symbol": "SUI", "reportedCurrency": "USD", "cik": "0000912593", "fillingDate": "2000-03-21", "acceptedDate": "2000-03-21 00:00:00", "calendarYear": "1999", "period": "FY", "revenue": 134416000, "costOfRevenue": 27300000, "grossProfit": 107116000, "grossProfitRatio": 0.7968991787, "researchAndDevelopmentExpenses": 0, "generalAndAdministrativeExpenses": 3682000, "sellingAndMarketingExpenses": 0, "sellingGeneralAndAdministrativeExpenses": 3682000, "otherExpenses": 66828000, "operatingExpenses": 70510000, "costAndExpenses": 97810000, "interestIncome": 0, "interestExpense": 0, "depreciationAndAmortization": 29500000, "ebitda": 66106000, "ebitdaratio": 0.4918015712, "operatingIncome": 36606000, "operatingIncomeRatio": 0.2723336508, "totalOtherIncomeExpensesNet": 0, "incomeBeforeTax": 0, "incomeBeforeTaxRatio": 0, "incomeTaxExpense": 7517000, "netIncome": 29089000, "netIncomeRatio": 0.2164102488, "eps": 1.69, "epsdiluted": 1.68, "weightedAverageShsOut": 17191000, "weightedAverageShsOutDil": 17343000, "link": "https://www.sec.gov/Archives/edgar/data/912593/000095012400001398/0000950124-00-001398-index.html", "finalLink": "https://www.sec.gov/Archives/edgar/data/912593/000095012400001398/", "calculatedOtherExpenses": 66828000, "calculatedOperatingExpenses": 70510000, "calculatedNetInterest": 0, "calculatedOtherIncome": -36606000, "calculatedIncomeNonControlling": -36606000, "calculatedEbitda": 66106000}, {"date": "1998-12-31", "symbol": "SUI", "reportedCurrency": "USD", "cik": "0000912593", "fillingDate": "1999-03-17", "acceptedDate": "1999-03-17 00:00:00", "calendarYear": "1998", "period": "FY", "revenue": 120588000, "costOfRevenue": 25647000, "grossProfit": 94941000, "grossProfitRatio": 0.787317146, "researchAndDevelopmentExpenses": 0, "generalAndAdministrativeExpenses": 3339000, "sellingAndMarketingExpenses": 0, "sellingGeneralAndAdministrativeExpenses": 3339000, "otherExpenses": 60203000, "operatingExpenses": 63542000, "costAndExpenses": 89189000, "interestIncome": 0, "interestExpense": 0, "depreciationAndAmortization": 25600000, "ebitda": 56999000, "ebitdaratio": 0.4726755564, "operatingIncome": 31399000, "operatingIncomeRatio": 0.2603824593, "totalOtherIncomeExpensesNet": 0, "incomeBeforeTax": 0, "incomeBeforeTaxRatio": 0, "incomeTaxExpense": 5303000, "netIncome": 26096000, "netIncomeRatio": 0.2164062759, "eps": 1.55, "epsdiluted": 1.55, "weightedAverageShsOut": 16856000, "weightedAverageShsOutDil": 17031000, "link": "https://www.sec.gov/Archives/edgar/data/912593/000095012499001864/0000950124-99-001864-index.html", "finalLink": "https://www.sec.gov/Archives/edgar/data/912593/", "calculatedOtherExpenses": 60203000, "calculatedOperatingExpenses": 63542000, "calculatedNetInterest": 0, "calculatedOtherIncome": -31399000, "calculatedIncomeNonControlling": -31399000, "calculatedEbitda": 56999000}, {"date": "1997-12-31", "symbol": "SUI", "reportedCurrency": "USD", "cik": "0000912593", "fillingDate": "1998-03-24", "acceptedDate": "1998-03-24 00:00:00", "calendarYear": "1997", "period": "FY", "revenue": 96241000, "costOfRevenue": 21111000, "grossProfit": 75130000, "grossProfitRatio": 0.7806444239, "researchAndDevelopmentExpenses": 0, "generalAndAdministrativeExpenses": 4520000, "sellingAndMarketingExpenses": 0, "sellingGeneralAndAdministrativeExpenses": 4520000, "otherExpenses": 42683000, "operatingExpenses": 47203000, "costAndExpenses": 68314000, "interestIncome": 0, "interestExpense": 0, "depreciationAndAmortization": 20700000, "ebitda": 48627000, "ebitdaratio": 0.5052628298, "operatingIncome": 27927000, "operatingIncomeRatio": 0.2901777829, "totalOtherIncomeExpensesNet": 0, "incomeBeforeTax": 0, "incomeBeforeTaxRatio": 0, "incomeTaxExpense": 5672000, "netIncome": 22255000, "netIncomeRatio": 0.2312424019, "eps": 1.38, "epsdiluted": 1.37, "weightedAverageShsOut": 16081000, "weightedAverageShsOutDil": 16244526, "link": "https://www.sec.gov/Archives/edgar/data/912593/000095012498001513/0000950124-98-001513-index.html", "finalLink": "https://www.sec.gov/Archives/edgar/data/912593/", "calculatedOtherExpenses": 42683000, "calculatedOperatingExpenses": 47203000, "calculatedNetInterest": 0, "calculatedOtherIncome": -27927000, "calculatedIncomeNonControlling": -27927000, "calculatedEbitda": 48627000}, {"date": "1996-12-31", "symbol": "SUI", "reportedCurrency": "USD", "cik": "0000912593", "fillingDate": "1997-03-31", "acceptedDate": "1997-03-31 00:00:00", "calendarYear": "1996", "period": "FY", "revenue": 73199000, "costOfRevenue": 15970000, "grossProfit": 57229000, "grossProfitRatio": 0.7818276206, "researchAndDevelopmentExpenses": 0, "generalAndAdministrativeExpenses": 3458000, "sellingAndMarketingExpenses": 0, "sellingGeneralAndAdministrativeExpenses": 3458000, "otherExpenses": 31818000, "operatingExpenses": 35276000, "costAndExpenses": 51246000, "interestIncome": 0, "interestExpense": 0, "depreciationAndAmortization": 14900000, "ebitda": 36853000, "ebitdaratio": 0.5034631621, "operatingIncome": 21953000, "operatingIncomeRatio": 0.2999084687, "totalOtherIncomeExpensesNet": 0, "incomeBeforeTax": 0, "incomeBeforeTaxRatio": 0, "incomeTaxExpense": 10249000, "netIncome": 11704000, "netIncomeRatio": 0.1598928947, "eps": 0.85, "epsdiluted": 0.85, "weightedAverageShsOut": 13733000, "weightedAverageShsOutDil": 13733000, "link": "https://www.sec.gov/Archives/edgar/data/912593/000095012497001976/0000950124-97-001976-index.html", "finalLink": "https://www.sec.gov/Archives/edgar/data/912593/", "calculatedOtherExpenses": 31818000, "calculatedOperatingExpenses": 35276000, "calculatedNetInterest": 0, "calculatedOtherIncome": -21953000, "calculatedIncomeNonControlling": -21953000, "calculatedEbitda": 36853000}, {"date": "1995-12-31", "symbol": "SUI", "reportedCurrency": "USD", "cik": "0000912593", "fillingDate": "1995-12-31", "acceptedDate": "1995-12-30 19:00:00", "calendarYear": "1995", "period": "FY", "revenue": 45100000, "costOfRevenue": 0, "grossProfit": 45100000, "grossProfitRatio": 1, "researchAndDevelopmentExpenses": 0, "generalAndAdministrativeExpenses": 2500000, "sellingAndMarketingExpenses": 0, "sellingGeneralAndAdministrativeExpenses": 2500000, "otherExpenses": -25100000, "operatingExpenses": -22600000, "costAndExpenses": -22600000, "interestIncome": 0, "interestExpense": 0, "depreciationAndAmortization": 9700000, "ebitda": 77400000, "ebitdaratio": 1.7161862528, "operatingIncome": 67700000, "operatingIncomeRatio": 1.5011086475, "totalOtherIncomeExpensesNet": 0, "incomeBeforeTax": 0, "incomeBeforeTaxRatio": 0, "incomeTaxExpense": 56000000, "netIncome": 11700000, "netIncomeRatio": 0.2594235033, "eps": 1.19, "epsdiluted": 1.19, "weightedAverageShsOut": 9831933, "weightedAverageShsOutDil": 9831933, "link": "", "finalLink": "", "calculatedOtherExpenses": -25100000, "calculatedOperatingExpenses": -22600000, "calculatedNetInterest": 0, "calculatedOtherIncome": -67700000, "calculatedIncomeNonControlling": -67700000, "calculatedEbitda": 77400000}, {"date": "1994-12-31", "symbol": "SUI", "reportedCurrency": "USD", "cik": "0000912593", "fillingDate": "1994-12-31", "acceptedDate": "1994-12-30 19:00:00", "calendarYear": "1994", "period": "FY", "revenue": 32300000, "costOfRevenue": 0, "grossProfit": 32300000, "grossProfitRatio": 1, "researchAndDevelopmentExpenses": 0, "generalAndAdministrativeExpenses": 2000000, "sellingAndMarketingExpenses": 0, "sellingGeneralAndAdministrativeExpenses": 2000000, "otherExpenses": -18800000, "operatingExpenses": -16800000, "costAndExpenses": -16800000, "interestIncome": 0, "interestExpense": 0, "depreciationAndAmortization": 7300000, "ebitda": 56400000, "ebitdaratio": 1.746130031, "operatingIncome": 49100000, "operatingIncomeRatio": 1.520123839, "totalOtherIncomeExpensesNet": 0, "incomeBeforeTax": 0, "incomeBeforeTaxRatio": 0, "incomeTaxExpense": 41300000, "netIncome": 7800000, "netIncomeRatio": 0.2414860681, "eps": 1.05, "epsdiluted": 1.04, "weightedAverageShsOut": 7428571, "weightedAverageShsOutDil": 7500000, "link": "", "finalLink": "", "calculatedOtherExpenses": -18800000, "calculatedOperatingExpenses": -16800000, "calculatedNetInterest": 0, "calculatedOtherIncome": -49100000, "calculatedIncomeNonControlling": -49100000, "calculatedEbitda": 56400000}, {"date": "1993-12-31", "symbol": "SUI", "reportedCurrency": "USD", "cik": "0000912593", "fillingDate": "1993-12-31", "acceptedDate": "1993-12-30 19:00:00", "calendarYear": "1993", "period": "FY", "revenue": 14400000, "costOfRevenue": 0, "grossProfit": 14400000, "grossProfitRatio": 1, "researchAndDevelopmentExpenses": 0, "generalAndAdministrativeExpenses": 900000, "sellingAndMarketingExpenses": 0, "sellingGeneralAndAdministrativeExpenses": 900000, "otherExpenses": -9100000, "operatingExpenses": -8200000, "costAndExpenses": -8200000, "interestIncome": 0, "interestExpense": 0, "depreciationAndAmortization": 2700000, "ebitda": 25300000, "ebitdaratio": 1.7569444444, "operatingIncome": 22600000, "operatingIncomeRatio": 1.5694444444, "totalOtherIncomeExpensesNet": 0, "incomeBeforeTax": 0, "incomeBeforeTaxRatio": 0, "incomeTaxExpense": 22300000, "netIncome": 300000, "netIncomeRatio": 0.0208333333, "eps": 0.05, "epsdiluted": 0.05, "weightedAverageShsOut": 6000000, "weightedAverageShsOutDil": 6000000, "link": "", "finalLink": "", "calculatedOtherExpenses": -9100000, "calculatedOperatingExpenses": -8200000, "calculatedNetInterest": 0, "calculatedOtherIncome": -22600000, "calculatedIncomeNonControlling": -22600000, "calculatedEbitda": 25300000}]}