{"originalCurrency": "USD", "convertedCurrency": "USD", "report": [{"date": "2023-12-30", "symbol": "SUM", "reportedCurrency": "USD", "cik": "0001621563", "fillingDate": "2024-02-15", "acceptedDate": "2024-02-15 13:02:41", "calendarYear": "2023", "period": "FY", "revenue": 2619468000, "costOfRevenue": 2079958000, "grossProfit": 539510000, "grossProfitRatio": 0.2059616686, "researchAndDevelopmentExpenses": 0, "generalAndAdministrativeExpenses": 210357000, "sellingAndMarketingExpenses": 0, "sellingGeneralAndAdministrativeExpenses": 210357000, "otherExpenses": 183516000, "operatingExpenses": 210357000, "costAndExpenses": 2290315000, "interestIncome": 0, "interestExpense": 114155000, "depreciationAndAmortization": 217550000, "ebitda": 546703000, "ebitdaratio": 0.208707646, "operatingIncome": 329153000, "operatingIncomeRatio": 0.125656431, "totalOtherIncomeExpensesNet": 65311000, "incomeBeforeTax": 394464000, "incomeBeforeTaxRatio": 0.1505893563, "incomeTaxExpense": 104838000, "netIncome": 285856000, "netIncomeRatio": 0.1091275022, "eps": 2.4, "epsdiluted": 2.39, "weightedAverageShsOut": 119045393, "weightedAverageShsOutDil": 119774766, "link": "https://www.sec.gov/Archives/edgar/data/1621563/000162828024004995/0001628280-24-004995-index.htm", "finalLink": "https://www.sec.gov/Archives/edgar/data/1571371/000162828024004995/sum-20231230.htm", "calculatedOtherExpenses": 0, "calculatedOperatingExpenses": 210357000, "calculatedNetInterest": -114155000, "calculatedOtherIncome": 179466000, "calculatedIncomeNonControlling": 3770000, "calculatedEbitda": 546703000}, {"date": "2022-12-31", "symbol": "SUM", "reportedCurrency": "USD", "cik": "0001621563", "fillingDate": "2023-02-16", "acceptedDate": "2023-02-16 14:38:13", "calendarYear": "2022", "period": "FY", "revenue": 2412522000, "costOfRevenue": 1763177000, "grossProfit": 649345000, "grossProfitRatio": 0.2691560947, "researchAndDevelopmentExpenses": 0, "generalAndAdministrativeExpenses": 190218000, "sellingAndMarketingExpenses": 0, "sellingGeneralAndAdministrativeExpenses": 190218000, "otherExpenses": 200450000, "operatingExpenses": 390668000, "costAndExpenses": 2153845000, "interestIncome": 86969000, "interestExpense": 86969000, "depreciationAndAmortization": 209152000, "ebitda": 478199000, "ebitdaratio": 0.1982153945, "operatingIncome": 269047000, "operatingIncomeRatio": 0.1115210556, "totalOtherIncomeExpensesNet": 92441000, "incomeBeforeTax": 361488000, "incomeBeforeTaxRatio": 0.1498382191, "incomeTaxExpense": 85545000, "netIncome": 272145000, "netIncomeRatio": 0.1128051889, "eps": 2.27, "epsdiluted": 2.26, "weightedAverageShsOut": 119894444, "weightedAverageShsOutDil": 120628459, "link": "https://www.sec.gov/Archives/edgar/data/1621563/000162828023003866/0001628280-23-003866-index.htm", "finalLink": "https://www.sec.gov/Archives/edgar/data/1571371/000162828023003866/sum-20221231.htm", "calculatedOtherExpenses": 190080000, "calculatedOperatingExpenses": 380298000, "calculatedNetInterest": 0, "calculatedOtherIncome": 92441000, "calculatedIncomeNonControlling": 3798000, "calculatedEbitda": 478199000}, {"date": "2021-12-31", "symbol": "SUM", "reportedCurrency": "USD", "cik": "0001621563", "fillingDate": "2022-02-24", "acceptedDate": "2022-02-24 14:37:27", "calendarYear": "2021", "period": "FY", "revenue": 2409669000, "costOfRevenue": 1736410000, "grossProfit": 673259000, "grossProfitRatio": 0.2793989548, "researchAndDevelopmentExpenses": 0, "generalAndAdministrativeExpenses": 196728000, "sellingAndMarketingExpenses": 0, "sellingGeneralAndAdministrativeExpenses": 196728000, "otherExpenses": 229366000, "operatingExpenses": 426094000, "costAndExpenses": 2162504000, "interestIncome": 92240000, "interestExpense": 92240000, "depreciationAndAmortization": 247179000, "ebitda": 500244000, "ebitdaratio": 0.207598637, "operatingIncome": 253065000, "operatingIncomeRatio": 0.1050206481, "totalOtherIncomeExpensesNet": -54428000, "incomeBeforeTax": 198637000, "incomeBeforeTaxRatio": 0.0824333135, "incomeTaxExpense": 44356000, "netIncome": 152184000, "netIncomeRatio": 0.063155562, "eps": 1.27, "epsdiluted": 1.26, "weightedAverageShsOut": 119629294, "weightedAverageShsOutDil": 120721146, "link": "https://www.sec.gov/Archives/edgar/data/1621563/000162828022003781/0001628280-22-003781-index.htm", "finalLink": "https://www.sec.gov/Archives/edgar/data/1571371/000162828022003781/sum-20220101.htm", "calculatedOtherExpenses": 223466000, "calculatedOperatingExpenses": 420194000, "calculatedNetInterest": 0, "calculatedOtherIncome": -54428000, "calculatedIncomeNonControlling": 2097000, "calculatedEbitda": 500244000}, {"date": "2020-12-31", "symbol": "SUM", "reportedCurrency": "USD", "cik": "0001621563", "fillingDate": "2021-02-24", "acceptedDate": "2021-02-24 13:49:43", "calendarYear": "2020", "period": "FY", "revenue": 2332451000, "costOfRevenue": 1583996000, "grossProfit": 748455000, "grossProfitRatio": 0.32088777, "researchAndDevelopmentExpenses": 0, "generalAndAdministrativeExpenses": 309531000, "sellingAndMarketingExpenses": 0, "sellingGeneralAndAdministrativeExpenses": 309531000, "otherExpenses": 221320000, "operatingExpenses": 530851000, "costAndExpenses": 2114847000, "interestIncome": 103595000, "interestExpense": 103595000, "depreciationAndAmortization": 227725000, "ebitda": 452898000, "ebitdaratio": 0.1941725678, "operatingIncome": 225173000, "operatingIncomeRatio": 0.0965392199, "totalOtherIncomeExpensesNet": -96118000, "incomeBeforeTax": 129055000, "incomeBeforeTaxRatio": 0.0553302084, "incomeTaxExpense": -12185000, "netIncome": 137967000, "netIncomeRatio": 0.0591510818, "eps": 1.19, "epsdiluted": 1.18, "weightedAverageShsOut": 116169054, "weightedAverageShsOutDil": 116580508, "link": "https://www.sec.gov/Archives/edgar/data/1621563/000162828021003021/0001628280-21-003021-index.htm", "finalLink": "https://www.sec.gov/Archives/edgar/data/1571371/000162828021003021/sum-20210102.htm", "calculatedOtherExpenses": 213751000, "calculatedOperatingExpenses": 523282000, "calculatedNetInterest": 0, "calculatedOtherIncome": -96118000, "calculatedIncomeNonControlling": 3273000, "calculatedEbitda": 452898000}, {"date": "2019-12-28", "symbol": "SUM", "reportedCurrency": "USD", "cik": "0001621563", "fillingDate": "2020-02-05", "acceptedDate": "2020-02-05 14:22:47", "calendarYear": "2019", "period": "FY", "revenue": 2222140000, "costOfRevenue": 1526332000, "grossProfit": 695808000, "grossProfitRatio": 0.3131251856, "researchAndDevelopmentExpenses": 0, "generalAndAdministrativeExpenses": 265148000, "sellingAndMarketingExpenses": 0, "sellingGeneralAndAdministrativeExpenses": 265148000, "otherExpenses": 217102000, "operatingExpenses": 482250000, "costAndExpenses": 2008582000, "interestIncome": 116509000, "interestExpense": 116509000, "depreciationAndAmortization": 204037000, "ebitda": 417595000, "ebitdaratio": 0.1879247032, "operatingIncome": 213558000, "operatingIncomeRatio": 0.0961046559, "totalOtherIncomeExpensesNet": -135334000, "incomeBeforeTax": 78224000, "incomeBeforeTaxRatio": 0.0352021025, "incomeTaxExpense": 17101000, "netIncome": 59066000, "netIncomeRatio": 0.0265806835, "eps": 0.52, "epsdiluted": 0.52, "weightedAverageShsOut": 114111536, "weightedAverageShsOutDil": 114600358, "link": "https://www.sec.gov/Archives/edgar/data/1621563/000162828020001083/0001628280-20-001083-index.htm", "finalLink": "https://www.sec.gov/Archives/edgar/data/1571371/000162828020001083/a10k2019.htm", "calculatedOtherExpenses": 217102000, "calculatedOperatingExpenses": 482250000, "calculatedNetInterest": 0, "calculatedOtherIncome": -135334000, "calculatedIncomeNonControlling": 2057000, "calculatedEbitda": 417595000}, {"date": "2018-12-29", "symbol": "SUM", "reportedCurrency": "USD", "cik": "0001621563", "fillingDate": "2019-02-06", "acceptedDate": "2019-02-06 16:11:05", "calendarYear": "2018", "period": "FY", "revenue": 2101002000, "costOfRevenue": 1475779000, "grossProfit": 625223000, "grossProfitRatio": 0.2975832484, "researchAndDevelopmentExpenses": 0, "generalAndAdministrativeExpenses": 257847000, "sellingAndMarketingExpenses": 0, "sellingGeneralAndAdministrativeExpenses": 257847000, "otherExpenses": 38200000, "operatingExpenses": 462757000, "costAndExpenses": 1938536000, "interestIncome": 0, "interestExpense": 116548000, "depreciationAndAmortization": 208772000, "ebitda": 409289000, "ebitdaratio": 0.1948065732, "operatingIncome": 162466000, "operatingIncomeRatio": 0.0773278655, "totalOtherIncomeExpensesNet": 50308000, "incomeBeforeTax": 96077000, "incomeBeforeTaxRatio": 0.0457291331, "incomeTaxExpense": 59747000, "netIncome": 33906000, "netIncomeRatio": 0.0161380141, "eps": 0.3, "epsdiluted": 0.3, "weightedAverageShsOut": 113273637, "weightedAverageShsOutDil": 114226028, "link": "https://www.sec.gov/Archives/edgar/data/1621563/000162828019001027/0001628280-19-001027-index.htm", "finalLink": "https://www.sec.gov/Archives/edgar/data/1571371/000162828019001027/a122918summitmaterials10k.htm", "calculatedOtherExpenses": 204910000, "calculatedOperatingExpenses": 462757000, "calculatedNetInterest": -116548000, "calculatedOtherIncome": 50159000, "calculatedIncomeNonControlling": 2424000, "calculatedEbitda": 371238000}, {"date": "2017-12-30", "symbol": "SUM", "reportedCurrency": "USD", "cik": "0001621563", "fillingDate": "2018-02-14", "acceptedDate": "2018-02-14 17:35:40", "calendarYear": "2017", "period": "FY", "revenue": 1932575000, "costOfRevenue": 1281777000, "grossProfit": 650798000, "grossProfitRatio": 0.3367517431, "researchAndDevelopmentExpenses": 0, "generalAndAdministrativeExpenses": 250403000, "sellingAndMarketingExpenses": 0, "sellingGeneralAndAdministrativeExpenses": 250403000, "otherExpenses": -265713000, "operatingExpenses": 429921000, "costAndExpenses": 1711698000, "interestIncome": 0, "interestExpense": 108549000, "depreciationAndAmortization": 193107000, "ebitda": 143456000, "ebitdaratio": 0.0742304956, "operatingIncome": 220877000, "operatingIncomeRatio": 0.114291554, "totalOtherIncomeExpensesNet": -265713000, "incomeBeforeTax": -158200000, "incomeBeforeTaxRatio": -0.081859695, "incomeTaxExpense": -283977000, "netIncome": 121830000, "netIncomeRatio": 0.0630402442, "eps": 1.1, "epsdiluted": 1.09, "weightedAverageShsOut": 110544277, "weightedAverageShsOutDil": 111352243, "link": "https://www.sec.gov/Archives/edgar/data/1621563/000155837018000708/0001558370-18-000708-index.htm", "finalLink": "https://www.sec.gov/Archives/edgar/data/1571371/000155837018000708/sum-20171230x10k.htm", "calculatedOtherExpenses": 179518000, "calculatedOperatingExpenses": 429921000, "calculatedNetInterest": -108549000, "calculatedOtherIncome": -270528000, "calculatedIncomeNonControlling": 3947000, "calculatedEbitda": 413984000}, {"date": "2016-12-31", "symbol": "SUM", "reportedCurrency": "USD", "cik": "0001621563", "fillingDate": "2017-02-28", "acceptedDate": "2017-02-28 17:04:09", "calendarYear": "2016", "period": "FY", "revenue": 1626063000, "costOfRevenue": 1072070000, "grossProfit": 553993000, "grossProfitRatio": 0.3406959017, "researchAndDevelopmentExpenses": 0, "generalAndAdministrativeExpenses": 250659000, "sellingAndMarketingExpenses": 0, "sellingGeneralAndAdministrativeExpenses": 250659000, "otherExpenses": -15671000, "operatingExpenses": 399959000, "costAndExpenses": 1472029000, "interestIncome": 0, "interestExpense": 97536000, "depreciationAndAmortization": 160633000, "ebitda": 298996000, "ebitdaratio": 0.1838772544, "operatingIncome": 154034000, "operatingIncomeRatio": 0.094728187, "totalOtherIncomeExpensesNet": -15671000, "incomeBeforeTax": 40827000, "incomeBeforeTaxRatio": 0.0251078833, "incomeTaxExpense": -5299000, "netIncome": 36783000, "netIncomeRatio": 0.0226208948, "eps": 0.51, "epsdiluted": 0.51, "weightedAverageShsOut": 71551077, "weightedAverageShsOutDil": 72042762, "link": "https://www.sec.gov/Archives/edgar/data/1621563/000155837017001167/0001558370-17-001167-index.htm", "finalLink": "https://www.sec.gov/Archives/edgar/data/1571371/000155837017001167/sum-20161231x10k.htm", "calculatedOtherExpenses": 149300000, "calculatedOperatingExpenses": 399959000, "calculatedNetInterest": -97536000, "calculatedOtherIncome": -15671000, "calculatedIncomeNonControlling": 9343000, "calculatedEbitda": 314667000}, {"date": "2015-12-31", "symbol": "SUM", "reportedCurrency": "USD", "cik": "0001621563", "fillingDate": "2016-02-22", "acceptedDate": "2016-02-19 21:17:44", "calendarYear": "2015", "period": "FY", "revenue": 1432297000, "costOfRevenue": 990645000, "grossProfit": 441652000, "grossProfitRatio": 0.3083522482, "researchAndDevelopmentExpenses": 0, "generalAndAdministrativeExpenses": 187288000, "sellingAndMarketingExpenses": 0, "sellingGeneralAndAdministrativeExpenses": 187288000, "otherExpenses": 2425000, "operatingExpenses": 307011000, "costAndExpenses": 1297656000, "interestIncome": 0, "interestExpense": 84629000, "depreciationAndAmortization": 125019000, "ebitda": 190454000, "ebitdaratio": 0.1329710249, "operatingIncome": 134641000, "operatingIncomeRatio": 0.0940035481, "totalOtherIncomeExpensesNet": 2425000, "incomeBeforeTax": -19194000, "incomeBeforeTaxRatio": -0.0134008519, "incomeTaxExpense": -18263000, "netIncome": 27718000, "netIncomeRatio": 0.0193521316, "eps": 0.67, "epsdiluted": 0.49, "weightedAverageShsOut": 41583540, "weightedAverageShsOutDil": 92540208, "link": "https://www.sec.gov/Archives/edgar/data/1621563/000119312516470366/0001193125-16-470366-index.htm", "finalLink": "https://www.sec.gov/Archives/edgar/data/1571371/000119312516470366/d62652d10k.htm", "calculatedOtherExpenses": 119723000, "calculatedOperatingExpenses": 307011000, "calculatedNetInterest": -84629000, "calculatedOtherIncome": -69206000, "calculatedIncomeNonControlling": -28649000, "calculatedEbitda": 259660000}, {"date": "2014-12-31", "symbol": "SUM", "reportedCurrency": "USD", "cik": "0001621563", "fillingDate": "2014-12-31", "acceptedDate": "2014-12-30 19:00:00", "calendarYear": "2014", "period": "FY", "revenue": 1204231000, "costOfRevenue": 887160000, "grossProfit": 317071000, "grossProfitRatio": 0.2632974903, "researchAndDevelopmentExpenses": 0, "generalAndAdministrativeExpenses": 159286000, "sellingAndMarketingExpenses": 0, "sellingGeneralAndAdministrativeExpenses": 159286000, "otherExpenses": 3447000, "operatingExpenses": 247112000, "costAndExpenses": 1134272000, "interestIncome": 0, "interestExpense": 86742000, "depreciationAndAmortization": 95211000, "ebitda": 168617000, "ebitdaratio": 0.1400204778, "operatingIncome": 69959000, "operatingIncomeRatio": 0.0580943357, "totalOtherIncomeExpensesNet": 3447000, "incomeBeforeTax": -13336000, "incomeBeforeTaxRatio": -0.0110742872, "incomeTaxExpense": -6983000, "netIncome": -8777000, "netIncomeRatio": -0.0072884687, "eps": -0.36, "epsdiluted": -0.36, "weightedAverageShsOut": 24265465, "weightedAverageShsOutDil": 24265465, "link": "", "finalLink": "", "calculatedOtherExpenses": 87826000, "calculatedOperatingExpenses": 247112000, "calculatedNetInterest": -86742000, "calculatedOtherIncome": 3447000, "calculatedIncomeNonControlling": 2424000, "calculatedEbitda": 165170000}, {"date": "2013-12-31", "symbol": "SUM", "reportedCurrency": "USD", "cik": "0001621563", "fillingDate": "2013-12-31", "acceptedDate": "2013-12-30 19:00:00", "calendarYear": "2013", "period": "FY", "revenue": 916201000, "costOfRevenue": 677052000, "grossProfit": 239149000, "grossProfitRatio": 0.2610224176, "researchAndDevelopmentExpenses": 0, "generalAndAdministrativeExpenses": 145990000, "sellingAndMarketingExpenses": 0, "sellingGeneralAndAdministrativeExpenses": 145990000, "otherExpenses": 1737000, "operatingExpenses": 218924000, "costAndExpenses": 895976000, "interestIncome": 0, "interestExpense": 56443000, "depreciationAndAmortization": 75927000, "ebitda": 94774000, "ebitdaratio": 0.1034423669, "operatingIncome": -47977000, "operatingIncomeRatio": -0.0523651469, "totalOtherIncomeExpensesNet": -66465000, "incomeBeforeTax": -105798000, "incomeBeforeTaxRatio": -0.1154746611, "incomeTaxExpense": -2647000, "netIncome": -106791000, "netIncomeRatio": -0.1165584844, "eps": -4.4, "epsdiluted": -4.32, "weightedAverageShsOut": 24265042, "weightedAverageShsOutDil": 24700229, "link": "", "finalLink": "", "calculatedOtherExpenses": 141136000, "calculatedOperatingExpenses": 287126000, "calculatedNetInterest": -56443000, "calculatedOtherIncome": -1378000, "calculatedIncomeNonControlling": 3640000, "calculatedEbitda": 27950000}, {"date": "2012-12-31", "symbol": "SUM", "reportedCurrency": "USD", "cik": "0001621563", "fillingDate": "2012-12-31", "acceptedDate": "2012-12-30 19:00:00", "calendarYear": "2012", "period": "FY", "revenue": 926254000, "costOfRevenue": 713346000, "grossProfit": 212908000, "grossProfitRatio": 0.2298591963, "researchAndDevelopmentExpenses": 0, "generalAndAdministrativeExpenses": 129203000, "sellingAndMarketingExpenses": 0, "sellingGeneralAndAdministrativeExpenses": 129203000, "otherExpenses": 1182000, "operatingExpenses": 197493000, "costAndExpenses": 910839000, "interestIncome": 0, "interestExpense": 58079000, "depreciationAndAmortization": 72179000, "ebitda": 79307000, "ebitdaratio": 0.0856212227, "operatingIncome": 15415000, "operatingIncomeRatio": 0.0166423033, "totalOtherIncomeExpensesNet": 1182000, "incomeBeforeTax": -50951000, "incomeBeforeTaxRatio": -0.0550075897, "incomeTaxExpense": -3920000, "netIncome": -52496000, "netIncomeRatio": -0.0566755987, "eps": -2.16, "epsdiluted": -2.13, "weightedAverageShsOut": 24265042, "weightedAverageShsOutDil": 24700229, "link": "", "finalLink": "", "calculatedOtherExpenses": 68290000, "calculatedOperatingExpenses": 197493000, "calculatedNetInterest": -58079000, "calculatedOtherIncome": -8287000, "calculatedIncomeNonControlling": 5465000, "calculatedEbitda": 87594000}, {"date": "2011-12-31", "symbol": "SUM", "reportedCurrency": "USD", "cik": "0001621563", "fillingDate": "2011-12-31", "acceptedDate": "2011-12-30 19:00:00", "calendarYear": "2011", "period": "FY", "revenue": 789076000, "costOfRevenue": 597654000, "grossProfit": 191422000, "grossProfitRatio": 0.2425900674, "researchAndDevelopmentExpenses": 0, "generalAndAdministrativeExpenses": 104946000, "sellingAndMarketingExpenses": 0, "sellingGeneralAndAdministrativeExpenses": 104946000, "otherExpenses": 21244000, "operatingExpenses": 166323000, "costAndExpenses": 763977000, "interestIncome": 0, "interestExpense": 47784000, "depreciationAndAmortization": 64983000, "ebitda": 111326000, "ebitdaratio": 0.141084002, "operatingIncome": 25099000, "operatingIncomeRatio": 0.0318080895, "totalOtherIncomeExpensesNet": 21244000, "incomeBeforeTax": -1441000, "incomeBeforeTaxRatio": -0.0018261866, "incomeTaxExpense": 3408000, "netIncome": -10745000, "netIncomeRatio": -0.0136171928, "eps": -0.44, "epsdiluted": -0.44, "weightedAverageShsOut": 24265042, "weightedAverageShsOutDil": 24700229, "link": "", "finalLink": "", "calculatedOtherExpenses": 61377000, "calculatedOperatingExpenses": 166323000, "calculatedNetInterest": -47784000, "calculatedOtherIncome": 21244000, "calculatedIncomeNonControlling": 5896000, "calculatedEbitda": 90082000}]}