{"originalCurrency": "USD", "convertedCurrency": "USD", "report": [{"date": "2023-12-31", "symbol": "SUN", "reportedCurrency": "USD", "cik": "0001552275", "fillingDate": "2024-02-16", "acceptedDate": "2024-02-16 12:21:55", "calendarYear": "2023", "period": "FY", "revenue": 23068000000, "costOfRevenue": 21911000000, "grossProfit": 1157000000, "grossProfitRatio": 0.0501560603, "researchAndDevelopmentExpenses": 0, "generalAndAdministrativeExpenses": 194000000, "sellingAndMarketingExpenses": 0, "sellingGeneralAndAdministrativeExpenses": 194000000, "otherExpenses": -356000000, "operatingExpenses": 550000000, "costAndExpenses": 22461000000, "interestIncome": 3000000, "interestExpense": 220000000, "depreciationAndAmortization": 187000000, "ebitda": 794000000, "ebitdaratio": 0.0344199757, "operatingIncome": 607000000, "operatingIncomeRatio": 0.0263135079, "totalOtherIncomeExpensesNet": -177000000, "incomeBeforeTax": 430000000, "incomeBeforeTaxRatio": 0.018640541, "incomeTaxExpense": 36000000, "netIncome": 311000000, "netIncomeRatio": 0.0134818797, "eps": 3.7, "epsdiluted": 3.65, "weightedAverageShsOut": 84081083, "weightedAverageShsOutDil": 85093497, "link": "https://www.sec.gov/Archives/edgar/data/1552275/000155227524000013/0001552275-24-000013-index.htm", "finalLink": "https://www.sec.gov/Archives/edgar/data/1552275/000155227524000013/sun-20231231.htm", "calculatedOtherExpenses": 356000000, "calculatedOperatingExpenses": 550000000, "calculatedNetInterest": -217000000, "calculatedOtherIncome": 40000000, "calculatedIncomeNonControlling": 83000000, "calculatedEbitda": 794000000}, {"date": "2022-12-31", "symbol": "SUN", "reportedCurrency": "USD", "cik": "0001552275", "fillingDate": "2023-02-17", "acceptedDate": "2023-02-17 10:55:32", "calendarYear": "2022", "period": "FY", "revenue": 25729000000, "costOfRevenue": 24543000000, "grossProfit": 1186000000, "grossProfitRatio": 0.0460958452, "researchAndDevelopmentExpenses": 0, "generalAndAdministrativeExpenses": 183000000, "sellingAndMarketingExpenses": 0, "sellingGeneralAndAdministrativeExpenses": 183000000, "otherExpenses": 338000000, "operatingExpenses": 521000000, "costAndExpenses": 25064000000, "interestIncome": 1000000, "interestExpense": 182000000, "depreciationAndAmortization": 193000000, "ebitda": 670000000, "ebitdaratio": 0.0260406545, "operatingIncome": 477000000, "operatingIncomeRatio": 0.0185393913, "totalOtherIncomeExpensesNet": 24000000, "incomeBeforeTax": 501000000, "incomeBeforeTaxRatio": 0.0194721909, "incomeTaxExpense": 26000000, "netIncome": 397000000, "netIncomeRatio": 0.0154300595, "eps": 4.74, "epsdiluted": 4.68, "weightedAverageShsOut": 83755378, "weightedAverageShsOutDil": 84803698, "link": "https://www.sec.gov/Archives/edgar/data/1552275/000155227523000010/0001552275-23-000010-index.htm", "finalLink": "https://www.sec.gov/Archives/edgar/data/1552275/000155227523000010/sun-20221231.htm", "calculatedOtherExpenses": 526000000, "calculatedOperatingExpenses": 709000000, "calculatedNetInterest": -181000000, "calculatedOtherIncome": 205000000, "calculatedIncomeNonControlling": 78000000, "calculatedEbitda": 670000000}, {"date": "2021-12-31", "symbol": "SUN", "reportedCurrency": "USD", "cik": "0001552275", "fillingDate": "2022-02-18", "acceptedDate": "2022-02-18 11:46:56", "calendarYear": "2021", "period": "FY", "revenue": 17596000000, "costOfRevenue": 16423000000, "grossProfit": 1173000000, "grossProfitRatio": 0.0666628779, "researchAndDevelopmentExpenses": 0, "generalAndAdministrativeExpenses": 168000000, "sellingAndMarketingExpenses": 0, "sellingGeneralAndAdministrativeExpenses": 168000000, "otherExpenses": 270000000, "operatingExpenses": 438000000, "costAndExpenses": 16861000000, "interestIncome": 163000000, "interestExpense": 163000000, "depreciationAndAmortization": 177000000, "ebitda": 739000000, "ebitdaratio": 0.0419981814, "operatingIncome": 562000000, "operatingIncomeRatio": 0.0319390771, "totalOtherIncomeExpensesNet": -8000000, "incomeBeforeTax": 554000000, "incomeBeforeTaxRatio": 0.0314844283, "incomeTaxExpense": 30000000, "netIncome": 446000000, "netIncomeRatio": 0.0253466697, "eps": 5.35, "epsdiluted": 5.28, "weightedAverageShsOut": 83369534, "weightedAverageShsOutDil": 84438276, "link": "https://www.sec.gov/Archives/edgar/data/1552275/000155227522000019/0001552275-22-000019-index.htm", "finalLink": "https://www.sec.gov/Archives/edgar/data/1552275/000155227522000019/sun-20211231.htm", "calculatedOtherExpenses": 443000000, "calculatedOperatingExpenses": 611000000, "calculatedNetInterest": 0, "calculatedOtherIncome": -8000000, "calculatedIncomeNonControlling": 78000000, "calculatedEbitda": 739000000}, {"date": "2020-12-31", "symbol": "SUN", "reportedCurrency": "USD", "cik": "0001552275", "fillingDate": "2021-02-19", "acceptedDate": "2021-02-19 16:43:12", "calendarYear": "2020", "period": "FY", "revenue": 10710000000, "costOfRevenue": 9843000000, "grossProfit": 867000000, "grossProfitRatio": 0.080952381, "researchAndDevelopmentExpenses": 0, "generalAndAdministrativeExpenses": 173000000, "sellingAndMarketingExpenses": 0, "sellingGeneralAndAdministrativeExpenses": 173000000, "otherExpenses": 275000000, "operatingExpenses": 448000000, "costAndExpenses": 10291000000, "interestIncome": 2000000, "interestExpense": 175000000, "depreciationAndAmortization": 189000000, "ebitda": 426000000, "ebitdaratio": 0.0397759104, "operatingIncome": 237000000, "operatingIncomeRatio": 0.0221288515, "totalOtherIncomeExpensesNet": -1000000, "incomeBeforeTax": 236000000, "incomeBeforeTaxRatio": 0.0220354809, "incomeTaxExpense": 24000000, "netIncome": 212000000, "netIncomeRatio": 0.0197945845, "eps": 2.55, "epsdiluted": 2.53, "weightedAverageShsOut": 83062159, "weightedAverageShsOutDil": 83716464, "link": "https://www.sec.gov/Archives/edgar/data/1552275/000155227521000011/0001552275-21-000011-index.htm", "finalLink": "https://www.sec.gov/Archives/edgar/data/1552275/000155227521000011/sun-20201231.htm", "calculatedOtherExpenses": 457000000, "calculatedOperatingExpenses": 630000000, "calculatedNetInterest": -173000000, "calculatedOtherIncome": 172000000, "calculatedIncomeNonControlling": 0, "calculatedEbitda": 426000000}, {"date": "2019-12-31", "symbol": "SUN", "reportedCurrency": "USD", "cik": "0001552275", "fillingDate": "2020-02-21", "acceptedDate": "2020-02-21 13:30:15", "calendarYear": "2019", "period": "FY", "revenue": 16596000000, "costOfRevenue": 15563000000, "grossProfit": 1033000000, "grossProfitRatio": 0.0622439142, "researchAndDevelopmentExpenses": 0, "generalAndAdministrativeExpenses": 197000000, "sellingAndMarketingExpenses": 0, "sellingGeneralAndAdministrativeExpenses": 197000000, "otherExpenses": 304000000, "operatingExpenses": 501000000, "costAndExpenses": 16064000000, "interestIncome": 2000000, "interestExpense": 173000000, "depreciationAndAmortization": 183000000, "ebitda": 537000000, "ebitdaratio": 0.0323571945, "operatingIncome": 354000000, "operatingIncomeRatio": 0.0213304411, "totalOtherIncomeExpensesNet": -58000000, "incomeBeforeTax": 296000000, "incomeBeforeTaxRatio": 0.017835623, "incomeTaxExpense": -17000000, "netIncome": 313000000, "netIncomeRatio": 0.0188599663, "eps": 2.84, "epsdiluted": 2.81, "weightedAverageShsOut": 82755520, "weightedAverageShsOutDil": 83551962, "link": "https://www.sec.gov/Archives/edgar/data/1552275/000155227520000007/0001552275-20-000007-index.htm", "finalLink": "https://www.sec.gov/Archives/edgar/data/1552275/000155227520000007/sun-12312019x10k.htm", "calculatedOtherExpenses": 482000000, "calculatedOperatingExpenses": 679000000, "calculatedNetInterest": -171000000, "calculatedOtherIncome": 113000000, "calculatedIncomeNonControlling": 0, "calculatedEbitda": 537000000}, {"date": "2018-12-31", "symbol": "SUN", "reportedCurrency": "USD", "cik": "0001552275", "fillingDate": "2019-02-22", "acceptedDate": "2019-02-22 13:13:34", "calendarYear": "2018", "period": "FY", "revenue": 16994000000, "costOfRevenue": 16054000000, "grossProfit": 940000000, "grossProfitRatio": 0.0553136401, "researchAndDevelopmentExpenses": 0, "generalAndAdministrativeExpenses": 213000000, "sellingAndMarketingExpenses": 0, "sellingGeneralAndAdministrativeExpenses": 213000000, "otherExpenses": 363000000, "operatingExpenses": 576000000, "costAndExpenses": 16630000000, "interestIncome": 3000000, "interestExpense": 144000000, "depreciationAndAmortization": 182000000, "ebitda": 364000000, "ebitdaratio": 0.0214193245, "operatingIncome": 345000000, "operatingIncomeRatio": 0.0203012828, "totalOtherIncomeExpensesNet": -128000000, "incomeBeforeTax": 92000000, "incomeBeforeTaxRatio": 0.0054136754, "incomeTaxExpense": 34000000, "netIncome": -207000000, "netIncomeRatio": -0.0121807697, "eps": -2.46, "epsdiluted": -2.44, "weightedAverageShsOut": 84299893, "weightedAverageShsOutDil": 84820570, "link": "https://www.sec.gov/Archives/edgar/data/1552275/000155227519000011/0001552275-19-000011-index.htm", "finalLink": "https://www.sec.gov/Archives/edgar/data/1552275/000155227519000011/sun-12312018x10k.htm", "calculatedOtherExpenses": 382000000, "calculatedOperatingExpenses": 595000000, "calculatedNetInterest": -141000000, "calculatedOtherIncome": -112000000, "calculatedIncomeNonControlling": 265000000, "calculatedEbitda": 527000000}, {"date": "2017-12-31", "symbol": "SUN", "reportedCurrency": "USD", "cik": "0001552275", "fillingDate": "2018-02-23", "acceptedDate": "2018-02-23 16:08:34", "calendarYear": "2017", "period": "FY", "revenue": 11723000000, "costOfRevenue": 10784000000, "grossProfit": 939000000, "grossProfitRatio": 0.0800989508, "researchAndDevelopmentExpenses": 0, "generalAndAdministrativeExpenses": 221000000, "sellingAndMarketingExpenses": 0, "sellingGeneralAndAdministrativeExpenses": 221000000, "otherExpenses": 375000000, "operatingExpenses": 596000000, "costAndExpenses": 11380000000, "interestIncome": 1000000, "interestExpense": 209000000, "depreciationAndAmortization": 169000000, "ebitda": 343000000, "ebitdaratio": 0.0292587222, "operatingIncome": 229000000, "operatingIncomeRatio": 0.0195342489, "totalOtherIncomeExpensesNet": -114000000, "incomeBeforeTax": 20000000, "incomeBeforeTaxRatio": 0.0017060479, "incomeTaxExpense": -306000000, "netIncome": 149000000, "netIncomeRatio": 0.0127100572, "eps": 0.35, "epsdiluted": 0.34, "weightedAverageShsOut": 99270120, "weightedAverageShsOutDil": 99728354, "link": "https://www.sec.gov/Archives/edgar/data/1552275/000155227518000013/0001552275-18-000013-index.htm", "finalLink": "https://www.sec.gov/Archives/edgar/data/1552275/000155227518000013/sun-12312017x10k.htm", "calculatedOtherExpenses": 489000000, "calculatedOperatingExpenses": 710000000, "calculatedNetInterest": -208000000, "calculatedOtherIncome": -1000000, "calculatedIncomeNonControlling": 177000000, "calculatedEbitda": 398000000}, {"date": "2016-12-31", "symbol": "SUN", "reportedCurrency": "USD", "cik": "0001552275", "fillingDate": "2017-02-24", "acceptedDate": "2017-02-24 16:19:59", "calendarYear": "2016", "period": "FY", "revenue": 15698000000, "costOfRevenue": 13798000000, "grossProfit": 1900000000, "grossProfitRatio": 0.1210345267, "researchAndDevelopmentExpenses": 0, "generalAndAdministrativeExpenses": 409000000, "sellingAndMarketingExpenses": 0, "sellingGeneralAndAdministrativeExpenses": 409000000, "otherExpenses": 1059000000, "operatingExpenses": 1468000000, "costAndExpenses": 15266000000, "interestIncome": 10000000, "interestExpense": 189000000, "depreciationAndAmortization": 319000000, "ebitda": 432000000, "ebitdaratio": 0.0275194292, "operatingIncome": -248000000, "operatingIncomeRatio": -0.0157981909, "totalOtherIncomeExpensesNet": -680000000, "incomeBeforeTax": -437000000, "incomeBeforeTaxRatio": -0.0278379411, "incomeTaxExpense": -31000000, "netIncome": -406000000, "netIncomeRatio": -0.0258631673, "eps": -4.34, "epsdiluted": -4.34, "weightedAverageShsOut": 93575530, "weightedAverageShsOutDil": 93603835, "link": "https://www.sec.gov/Archives/edgar/data/1552275/000155227517000012/0001552275-17-000012-index.htm", "finalLink": "https://www.sec.gov/Archives/edgar/data/1552275/000155227517000012/sun-12312016x10k.htm", "calculatedOtherExpenses": 1739000000, "calculatedOperatingExpenses": 2148000000, "calculatedNetInterest": -179000000, "calculatedOtherIncome": -10000000, "calculatedIncomeNonControlling": 0, "calculatedEbitda": 71000000}, {"date": "2015-12-31", "symbol": "SUN", "reportedCurrency": "USD", "cik": "0001552275", "fillingDate": "2016-02-26", "acceptedDate": "2016-02-25 21:48:43", "calendarYear": "2015", "period": "FY", "revenue": 18460216000, "costOfRevenue": 16754622000, "grossProfit": 1705594000, "grossProfitRatio": 0.0923929601, "researchAndDevelopmentExpenses": 0, "generalAndAdministrativeExpenses": 356888000, "sellingAndMarketingExpenses": 0, "sellingGeneralAndAdministrativeExpenses": 356888000, "otherExpenses": 677207000, "operatingExpenses": 1372951000, "costAndExpenses": 18127573000, "interestIncome": 2764000, "interestExpense": 86824000, "depreciationAndAmortization": 278309000, "ebitda": 610201000, "ebitdaratio": 0.033054922, "operatingIncome": 333333000, "operatingIncomeRatio": 0.018056831, "totalOtherIncomeExpensesNet": 690000, "incomeBeforeTax": 245758000, "incomeBeforeTaxRatio": 0.0133128453, "incomeTaxExpense": 51689000, "netIncome": 190253000, "netIncomeRatio": 0.0103061091, "eps": 1.11, "epsdiluted": 1.11, "weightedAverageShsOut": 50264246, "weightedAverageShsOutDil": 50285984, "link": "https://www.sec.gov/Archives/edgar/data/1552275/000156459016013451/0001564590-16-013451-index.htm", "finalLink": "https://www.sec.gov/Archives/edgar/data/1552275/000156459016013451/sun-10k_20151231.htm", "calculatedOtherExpenses": 1015373000, "calculatedOperatingExpenses": 1372261000, "calculatedNetInterest": -84060000, "calculatedOtherIncome": -3515000, "calculatedIncomeNonControlling": 3816000, "calculatedEbitda": 611642000}, {"date": "2014-12-31", "symbol": "SUN", "reportedCurrency": "USD", "cik": "0001552275", "fillingDate": "2015-02-27", "acceptedDate": "2015-02-27 15:23:58", "calendarYear": "2014", "period": "FY", "revenue": 5382016000, "costOfRevenue": 5233045000, "grossProfit": 148971000, "grossProfitRatio": 0.0276794049, "researchAndDevelopmentExpenses": 0, "generalAndAdministrativeExpenses": 37621000, "sellingAndMarketingExpenses": 18000000, "sellingGeneralAndAdministrativeExpenses": 37621000, "otherExpenses": 34252000, "operatingExpenses": 71873000, "costAndExpenses": 5304918000, "interestIncome": 0, "interestExpense": 14329000, "depreciationAndAmortization": 26955000, "ebitda": 77098000, "ebitdaratio": 0.0143251153, "operatingIncome": 74467000, "operatingIncomeRatio": 0.0138362651, "totalOtherIncomeExpensesNet": -2631000, "incomeBeforeTax": 60138000, "incomeBeforeTaxRatio": 0.0111738798, "incomeTaxExpense": -2352000, "netIncome": 56743000, "netIncomeRatio": 0.0105430753, "eps": 1.69, "epsdiluted": 1.69, "weightedAverageShsOut": 35038613, "weightedAverageShsOutDil": 35038613, "link": "https://www.sec.gov/Archives/edgar/data/1552275/000155227515000007/0001552275-15-000007-index.htm", "finalLink": "https://www.sec.gov/Archives/edgar/data/1552275/000155227515000007/sun-20141231x10k.htm", "calculatedOtherExpenses": 36883000, "calculatedOperatingExpenses": 74504000, "calculatedNetInterest": -14329000, "calculatedOtherIncome": 0, "calculatedIncomeNonControlling": 5747000, "calculatedEbitda": 101422000}, {"date": "2013-12-31", "symbol": "SUN", "reportedCurrency": "USD", "cik": "0001552275", "fillingDate": "2014-03-14", "acceptedDate": "2014-03-14 12:50:19", "calendarYear": "2013", "period": "FY", "revenue": 4492579000, "costOfRevenue": 4430302000, "grossProfit": 62277000, "grossProfitRatio": 0.0138621936, "researchAndDevelopmentExpenses": 0, "generalAndAdministrativeExpenses": 17828000, "sellingAndMarketingExpenses": 0, "sellingGeneralAndAdministrativeExpenses": 17828000, "otherExpenses": 3187000, "operatingExpenses": 21015000, "costAndExpenses": 4451317000, "interestIncome": 266000, "interestExpense": 3471000, "depreciationAndAmortization": 8687000, "ebitda": 41262000, "ebitdaratio": 0.0091844796, "operatingIncome": 40938000, "operatingIncomeRatio": 0.0091123606, "totalOtherIncomeExpensesNet": -324000, "incomeBeforeTax": 37467000, "incomeBeforeTaxRatio": 0.0083397532, "incomeTaxExpense": -440000, "netIncome": 37027000, "netIncomeRatio": 0.0082418139, "eps": 1.69, "epsdiluted": 1.69, "weightedAverageShsOut": 21903694, "weightedAverageShsOutDil": 21903694, "link": "https://www.sec.gov/Archives/edgar/data/1552275/000155227514000019/0001552275-14-000019-index.htm", "finalLink": "https://www.sec.gov/Archives/edgar/data/1552275/000155227514000019/susp-20131231x10k.htm", "calculatedOtherExpenses": 3511000, "calculatedOperatingExpenses": 21339000, "calculatedNetInterest": -3205000, "calculatedOtherIncome": -266000, "calculatedIncomeNonControlling": 880000, "calculatedEbitda": 49625000}, {"date": "2012-12-31", "symbol": "SUN", "reportedCurrency": "USD", "cik": "0001552275", "fillingDate": "2013-03-29", "acceptedDate": "2013-03-29 12:02:41", "calendarYear": "2012", "period": "FY", "revenue": 4277341000, "costOfRevenue": 4232870000, "grossProfit": 44471000, "grossProfitRatio": 0.0103968797, "researchAndDevelopmentExpenses": 0, "generalAndAdministrativeExpenses": 15540000, "sellingAndMarketingExpenses": 0, "sellingGeneralAndAdministrativeExpenses": 15540000, "otherExpenses": 5178000, "operatingExpenses": 20718000, "costAndExpenses": 4253588000, "interestIncome": 233000, "interestExpense": 809000, "depreciationAndAmortization": 7031000, "ebitda": 23753000, "ebitdaratio": 0.0055532164, "operatingIncome": 23412000, "operatingIncomeRatio": 0.0054734939, "totalOtherIncomeExpensesNet": -341000, "incomeBeforeTax": 22603000, "incomeBeforeTaxRatio": 0.0052843577, "incomeTaxExpense": 5033000, "netIncome": 17570000, "netIncomeRatio": 0.0041076921, "eps": 0.42, "epsdiluted": 0.42, "weightedAverageShsOut": 21878872, "weightedAverageShsOutDil": 21878872, "link": "https://www.sec.gov/Archives/edgar/data/1552275/000155227513000013/0001552275-13-000013-index.htm", "finalLink": "https://www.sec.gov/Archives/edgar/data/1552275/000155227513000013/susp-20121231x10k1.htm", "calculatedOtherExpenses": 5519000, "calculatedOperatingExpenses": 21059000, "calculatedNetInterest": -576000, "calculatedOtherIncome": -233000, "calculatedIncomeNonControlling": 0, "calculatedEbitda": 30443000}, {"date": "2011-12-31", "symbol": "SUN", "reportedCurrency": "USD", "cik": "0001552275", "fillingDate": "2011-12-31", "acceptedDate": "2011-12-30 19:00:00", "calendarYear": "2011", "period": "FY", "revenue": 3820378000, "costOfRevenue": 3777355000, "grossProfit": 43023000, "grossProfitRatio": 0.0112614511, "researchAndDevelopmentExpenses": 0, "generalAndAdministrativeExpenses": 14881000, "sellingAndMarketingExpenses": 0, "sellingGeneralAndAdministrativeExpenses": 14881000, "otherExpenses": 10960000, "operatingExpenses": 25841000, "costAndExpenses": 3803196000, "interestIncome": 88000, "interestExpense": 412000, "depreciationAndAmortization": 6090000, "ebitda": 23360000, "ebitdaratio": 0.0061145782, "operatingIncome": 16961000, "operatingIncomeRatio": 0.004439613, "totalOtherIncomeExpensesNet": -221000, "incomeBeforeTax": 16637000, "incomeBeforeTaxRatio": 0.0043548047, "incomeTaxExpense": 6039000, "netIncome": 10598000, "netIncomeRatio": 0.002774071, "eps": 0.48, "epsdiluted": 0.48, "weightedAverageShsOut": 21878872, "weightedAverageShsOutDil": 21878872, "link": "", "finalLink": "", "calculatedOtherExpenses": 11181000, "calculatedOperatingExpenses": 26062000, "calculatedNetInterest": -324000, "calculatedOtherIncome": 0, "calculatedIncomeNonControlling": 0, "calculatedEbitda": 23051000}, {"date": "2010-12-31", "symbol": "SUN", "reportedCurrency": "USD", "cik": "0001552275", "fillingDate": "2010-12-31", "acceptedDate": "2010-12-30 19:00:00", "calendarYear": "2010", "period": "FY", "revenue": 2683792000, "costOfRevenue": 2652464000, "grossProfit": 31328000, "grossProfitRatio": 0.0116730358, "researchAndDevelopmentExpenses": 0, "generalAndAdministrativeExpenses": 12277000, "sellingAndMarketingExpenses": 0, "sellingGeneralAndAdministrativeExpenses": 12277000, "otherExpenses": 4229000, "operatingExpenses": 16506000, "costAndExpenses": 2668970000, "interestIncome": 48000, "interestExpense": 332000, "depreciationAndAmortization": 4771000, "ebitda": 19641000, "ebitdaratio": 0.0073183764, "operatingIncome": 14736000, "operatingIncomeRatio": 0.0054907385, "totalOtherIncomeExpensesNet": -86000, "incomeBeforeTax": 14452000, "incomeBeforeTaxRatio": 0.0053849181, "incomeTaxExpense": 5236000, "netIncome": 9216000, "netIncomeRatio": 0.0034339472, "eps": 0.42, "epsdiluted": 0.42, "weightedAverageShsOut": 21878872, "weightedAverageShsOutDil": 21878872, "link": "", "finalLink": "", "calculatedOtherExpenses": 4315000, "calculatedOperatingExpenses": 16592000, "calculatedNetInterest": -284000, "calculatedOtherIncome": 0, "calculatedIncomeNonControlling": 0, "calculatedEbitda": 19507000}]}