{"originalCurrency": "USD", "convertedCurrency": "USD", "report": [{"date": "2023-12-30", "symbol": "SWK", "reportedCurrency": "USD", "cik": "0000093556", "fillingDate": "2024-02-27", "acceptedDate": "2024-02-27 16:53:14", "calendarYear": "2023", "period": "FY", "revenue": 15781100000, "costOfRevenue": 11682200000, "grossProfit": 4098900000, "grossProfitRatio": 0.259734746, "researchAndDevelopmentExpenses": 362000000, "generalAndAdministrativeExpenses": 2691000000, "sellingAndMarketingExpenses": 138300000, "sellingGeneralAndAdministrativeExpenses": 2829300000, "otherExpenses": -320100000, "operatingExpenses": 3191300000, "costAndExpenses": 14873500000, "interestIncome": 186900000, "interestExpense": 553300000, "depreciationAndAmortization": 625100000, "ebitda": 1532700000, "ebitdaratio": 0.0971225073, "operatingIncome": 907600000, "operatingIncomeRatio": 0.0575118338, "totalOtherIncomeExpensesNet": -1283300000, "incomeBeforeTax": -375700000, "incomeBeforeTaxRatio": -0.023806959, "incomeTaxExpense": -94000000, "netIncome": -296200000, "netIncomeRatio": -0.0187692873, "eps": -1.98, "epsdiluted": -1.98, "weightedAverageShsOut": 149751000, "weightedAverageShsOutDil": 149751000, "link": "https://www.sec.gov/Archives/edgar/data/93556/000009355624000032/0000093556-24-000032-index.htm", "finalLink": "https://www.sec.gov/Archives/edgar/data/93556/000009355624000032/swk-20231230.htm", "calculatedOtherExpenses": 0, "calculatedOperatingExpenses": 3191300000, "calculatedNetInterest": -366400000, "calculatedOtherIncome": -916900000, "calculatedIncomeNonControlling": 14500000, "calculatedEbitda": 1532700000}, {"date": "2022-12-31", "symbol": "SWK", "reportedCurrency": "USD", "cik": "0000093556", "fillingDate": "2023-02-23", "acceptedDate": "2023-02-23 17:26:30", "calendarYear": "2022", "period": "FY", "revenue": 16947400000, "costOfRevenue": 12663300000, "grossProfit": 4284100000, "grossProfitRatio": 0.2527880383, "researchAndDevelopmentExpenses": 357400000, "generalAndAdministrativeExpenses": 3219300000, "sellingAndMarketingExpenses": 150700000, "sellingGeneralAndAdministrativeExpenses": 3370000000, "otherExpenses": 274800000, "operatingExpenses": 3644800000, "costAndExpenses": 16308100000, "interestIncome": 54700000, "interestExpense": 338500000, "depreciationAndAmortization": 572200000, "ebitda": 1529100000, "ebitdaratio": 0.0902262294, "operatingIncome": 956900000, "operatingIncomeRatio": 0.0564629383, "totalOtherIncomeExpensesNet": -919000000, "incomeBeforeTax": 37900000, "incomeBeforeTaxRatio": 0.0022363312, "incomeTaxExpense": -132400000, "netIncome": 170300000, "netIncomeRatio": 0.010048739, "eps": 1.15, "epsdiluted": 1.15, "weightedAverageShsOut": 148170000, "weightedAverageShsOutDil": 148170000, "link": "https://www.sec.gov/Archives/edgar/data/93556/000009355623000007/0000093556-23-000007-index.htm", "finalLink": "https://www.sec.gov/Archives/edgar/data/93556/000009355623000007/swk-20221231.htm", "calculatedOtherExpenses": -400200000, "calculatedOperatingExpenses": 3327200000, "calculatedNetInterest": -283800000, "calculatedOtherIncome": -635200000, "calculatedIncomeNonControlling": 0, "calculatedEbitda": 1529100000}, {"date": "2021-12-31", "symbol": "SWK", "reportedCurrency": "USD", "cik": "0000093556", "fillingDate": "2022-02-22", "acceptedDate": "2022-02-22 06:04:11", "calendarYear": "2021", "period": "FY", "revenue": 15617200000, "costOfRevenue": 10423000000, "grossProfit": 5194200000, "grossProfitRatio": 0.3325948313, "researchAndDevelopmentExpenses": 276300000, "generalAndAdministrativeExpenses": 3122300000, "sellingAndMarketingExpenses": 118100000, "sellingGeneralAndAdministrativeExpenses": 3240400000, "otherExpenses": 122100000, "operatingExpenses": 3362500000, "costAndExpenses": 13785500000, "interestIncome": 9800000, "interestExpense": 175600000, "depreciationAndAmortization": 592200000, "ebitda": 2408800000, "ebitdaratio": 0.1542401967, "operatingIncome": 1816600000, "operatingIncomeRatio": 0.1163204672, "totalOtherIncomeExpensesNet": -175600000, "incomeBeforeTax": 1641000000, "incomeBeforeTaxRatio": 0.1050764542, "incomeTaxExpense": 61400000, "netIncome": 1689200000, "netIncomeRatio": 0.1081627949, "eps": 10.56, "epsdiluted": 10.16, "weightedAverageShsOut": 158760000, "weightedAverageShsOutDil": 165024000, "link": "https://www.sec.gov/Archives/edgar/data/93556/000009355622000015/0000093556-22-000015-index.htm", "finalLink": "https://www.sec.gov/Archives/edgar/data/93556/000009355622000015/swk-20220101.htm", "calculatedOtherExpenses": -139100000, "calculatedOperatingExpenses": 3377600000, "calculatedNetInterest": -165800000, "calculatedOtherIncome": -9800000, "calculatedIncomeNonControlling": -109600000, "calculatedEbitda": 2408800000}, {"date": "2020-12-31", "symbol": "SWK", "reportedCurrency": "USD", "cik": "0000093556", "fillingDate": "2021-02-18", "acceptedDate": "2021-02-18 16:02:43", "calendarYear": "2020", "period": "FY", "revenue": 14534600000, "costOfRevenue": 9566700000, "grossProfit": 4967900000, "grossProfitRatio": 0.3417981919, "researchAndDevelopmentExpenses": 200000000, "generalAndAdministrativeExpenses": 2997200000, "sellingAndMarketingExpenses": 92400000, "sellingGeneralAndAdministrativeExpenses": 3089600000, "otherExpenses": 309700000, "operatingExpenses": 3399300000, "costAndExpenses": 12966000000, "interestIncome": 18000000, "interestExpense": 223100000, "depreciationAndAmortization": 771100000, "ebitda": 2243200000, "ebitdaratio": 0.1543351726, "operatingIncome": 1472100000, "operatingIncomeRatio": 0.101282457, "totalOtherIncomeExpensesNet": -205100000, "incomeBeforeTax": 1267000000, "incomeBeforeTaxRatio": 0.0871713016, "incomeTaxExpense": 41400000, "netIncome": 1233800000, "netIncomeRatio": 0.084887097, "eps": 7.86, "epsdiluted": 7.46, "weightedAverageShsOut": 154176000, "weightedAverageShsOutDil": 162427000, "link": "https://www.sec.gov/Archives/edgar/data/93556/000009355621000008/0000093556-21-000008-index.htm", "finalLink": "https://www.sec.gov/Archives/edgar/data/93556/000009355621000008/swk-20210102.htm", "calculatedOtherExpenses": 206200000, "calculatedOperatingExpenses": 3495800000, "calculatedNetInterest": -205100000, "calculatedOtherIncome": 0, "calculatedIncomeNonControlling": -8200000, "calculatedEbitda": 2243200000}, {"date": "2019-12-28", "symbol": "SWK", "reportedCurrency": "USD", "cik": "0000093556", "fillingDate": "2020-02-21", "acceptedDate": "2020-02-21 13:03:52", "calendarYear": "2019", "period": "FY", "revenue": 14442200000, "costOfRevenue": 9636700000, "grossProfit": 4805500000, "grossProfitRatio": 0.3327401642, "researchAndDevelopmentExpenses": 240800000, "generalAndAdministrativeExpenses": 2944900000, "sellingAndMarketingExpenses": 96100000, "sellingGeneralAndAdministrativeExpenses": 3041000000, "otherExpenses": 267000000, "operatingExpenses": 3308000000, "costAndExpenses": 12944700000, "interestIncome": 53900000, "interestExpense": 284300000, "depreciationAndAmortization": 834400000, "ebitda": 2194800000, "ebitdaratio": 0.1519713063, "operatingIncome": 1360400000, "operatingIncomeRatio": 0.0941961751, "totalOtherIncomeExpensesNet": -230400000, "incomeBeforeTax": 1130000000, "incomeBeforeTaxRatio": 0.078242927, "incomeTaxExpense": 160800000, "netIncome": 955800000, "netIncomeRatio": 0.0661810527, "eps": 6.44, "epsdiluted": 6.11, "weightedAverageShsOut": 148365000, "weightedAverageShsOutDil": 156381000, "link": "https://www.sec.gov/Archives/edgar/data/93556/000009355620000006/0000093556-20-000006-index.htm", "finalLink": "https://www.sec.gov/Archives/edgar/data/93556/000009355620000006/swk10k2019.htm", "calculatedOtherExpenses": 163300000, "calculatedOperatingExpenses": 3445100000, "calculatedNetInterest": -230400000, "calculatedOtherIncome": 0, "calculatedIncomeNonControlling": 13400000, "calculatedEbitda": 2194800000}, {"date": "2018-12-29", "symbol": "SWK", "reportedCurrency": "USD", "cik": "0000093556", "fillingDate": "2019-02-26", "acceptedDate": "2019-02-26 11:28:51", "calendarYear": "2018", "period": "FY", "revenue": 13982400000, "costOfRevenue": 9080500000, "grossProfit": 4901900000, "grossProfitRatio": 0.350576439, "researchAndDevelopmentExpenses": 275800000, "generalAndAdministrativeExpenses": 3065000000, "sellingAndMarketingExpenses": 106700000, "sellingGeneralAndAdministrativeExpenses": 3171700000, "otherExpenses": -287000000, "operatingExpenses": 3171700000, "costAndExpenses": 12252200000, "interestIncome": 68700000, "interestExpense": 277900000, "depreciationAndAmortization": 506500000, "ebitda": 2397800000, "ebitdaratio": 0.1714870122, "operatingIncome": 1282100000, "operatingIncomeRatio": 0.0916938437, "totalOtherIncomeExpensesNet": -448100000, "incomeBeforeTax": 1072900000, "incomeBeforeTaxRatio": 0.0767321776, "incomeTaxExpense": 427000000, "netIncome": 645300000, "netIncomeRatio": 0.0461508754, "eps": 4.33, "epsdiluted": 4.26, "weightedAverageShsOut": 148919000, "weightedAverageShsOutDil": 151643000, "link": "https://www.sec.gov/Archives/edgar/data/93556/000009355619000011/0000093556-19-000011-index.htm", "finalLink": "https://www.sec.gov/Archives/edgar/data/93556/000009355619000011/swk_10k2018.htm", "calculatedOtherExpenses": 172300000, "calculatedOperatingExpenses": 3619800000, "calculatedNetInterest": -209200000, "calculatedOtherIncome": 0, "calculatedIncomeNonControlling": 600000, "calculatedEbitda": 1788600000}, {"date": "2017-12-30", "symbol": "SWK", "reportedCurrency": "USD", "cik": "0000093556", "fillingDate": "2018-02-27", "acceptedDate": "2018-02-27 14:29:03", "calendarYear": "2017", "period": "FY", "revenue": 12747200000, "costOfRevenue": 7969200000, "grossProfit": 4778000000, "grossProfitRatio": 0.3748274131, "researchAndDevelopmentExpenses": 252300000, "generalAndAdministrativeExpenses": 2850700000, "sellingAndMarketingExpenses": 129400000, "sellingGeneralAndAdministrativeExpenses": 2980100000, "otherExpenses": -289700000, "operatingExpenses": 2980100000, "costAndExpenses": 10949300000, "interestIncome": 40100000, "interestExpense": 222600000, "depreciationAndAmortization": 460700000, "ebitda": 2058200000, "ebitdaratio": 0.1614629095, "operatingIncome": 1708600000, "operatingIncomeRatio": 0.1340372788, "totalOtherIncomeExpensesNet": -89300000, "incomeBeforeTax": 1526100000, "incomeBeforeTaxRatio": 0.1197204092, "incomeTaxExpense": 300500000, "netIncome": 1226000000, "netIncomeRatio": 0.0961779842, "eps": 8.19, "epsdiluted": 8.04, "weightedAverageShsOut": 149629000, "weightedAverageShsOutDil": 152449000, "link": "https://www.sec.gov/Archives/edgar/data/93556/000009355618000008/0000093556-18-000008-index.htm", "finalLink": "https://www.sec.gov/Archives/edgar/data/93556/000009355618000008/swk_10k2017.htm", "calculatedOtherExpenses": -163000000, "calculatedOperatingExpenses": 3069400000, "calculatedNetInterest": -182500000, "calculatedOtherIncome": 0, "calculatedIncomeNonControlling": -400000, "calculatedEbitda": 2169300000}, {"date": "2016-12-31", "symbol": "SWK", "reportedCurrency": "USD", "cik": "0000093556", "fillingDate": "2017-02-15", "acceptedDate": "2017-02-15 16:02:28", "calendarYear": "2016", "period": "FY", "revenue": 11406900000, "costOfRevenue": 7139700000, "grossProfit": 4267200000, "grossProfitRatio": 0.374089367, "researchAndDevelopmentExpenses": 204400000, "generalAndAdministrativeExpenses": 2493200001, "sellingAndMarketingExpenses": 130699999, "sellingGeneralAndAdministrativeExpenses": 2623900000, "otherExpenses": -196900000, "operatingExpenses": 2623900000, "costAndExpenses": 9763600000, "interestIncome": 23200000, "interestExpense": 194500000, "depreciationAndAmortization": 408000000, "ebitda": 2100300000, "ebitdaratio": 0.1841253978, "operatingIncome": 1397400000, "operatingIncomeRatio": 0.1225047997, "totalOtherIncomeExpensesNet": -245900000, "incomeBeforeTax": 1226100000, "incomeBeforeTaxRatio": 0.1074875733, "incomeTaxExpense": 261200000, "netIncome": 965300000, "netIncomeRatio": 0.0846242187, "eps": 6.61, "epsdiluted": 6.51, "weightedAverageShsOut": 146041000, "weightedAverageShsOutDil": 148207000, "link": "https://www.sec.gov/Archives/edgar/data/93556/000009355617000006/0000093556-17-000006-index.htm", "finalLink": "https://www.sec.gov/Archives/edgar/data/93556/000009355617000006/swk_10k2016.htm", "calculatedOtherExpenses": 41500000, "calculatedOperatingExpenses": 2869800000, "calculatedNetInterest": -171300000, "calculatedOtherIncome": 0, "calculatedIncomeNonControlling": -400000, "calculatedEbitda": 1805400000}, {"date": "2015-12-31", "symbol": "SWK", "reportedCurrency": "USD", "cik": "0000093556", "fillingDate": "2016-02-19", "acceptedDate": "2016-02-19 10:46:49", "calendarYear": "2015", "period": "FY", "revenue": 11171800000, "costOfRevenue": 7099800000, "grossProfit": 4072000000, "grossProfitRatio": 0.3644891602, "researchAndDevelopmentExpenses": 188000000, "generalAndAdministrativeExpenses": 2378300000, "sellingAndMarketingExpenses": 108100000, "sellingGeneralAndAdministrativeExpenses": 2486400000, "otherExpenses": -222000000, "operatingExpenses": 2486400000, "costAndExpenses": 9586200000, "interestIncome": 15200000, "interestExpense": 180400000, "depreciationAndAmortization": 414000000, "ebitda": 2047200000, "ebitdaratio": 0.1832471043, "operatingIncome": 1316000000, "operatingIncomeRatio": 0.117796595, "totalOtherIncomeExpensesNet": -269600000, "incomeBeforeTax": 1150800000, "incomeBeforeTaxRatio": 0.1030093629, "incomeTaxExpense": 248600000, "netIncome": 883700000, "netIncomeRatio": 0.0791009506, "eps": 5.96, "epsdiluted": 5.79, "weightedAverageShsOut": 148234000, "weightedAverageShsOutDil": 152706000, "link": "https://www.sec.gov/Archives/edgar/data/93556/000009355616000051/0000093556-16-000051-index.htm", "finalLink": "https://www.sec.gov/Archives/edgar/data/93556/000009355616000051/swk_10k2015.htm", "calculatedOtherExpenses": 81600000, "calculatedOperatingExpenses": 2756000000, "calculatedNetInterest": -165200000, "calculatedOtherIncome": 0, "calculatedIncomeNonControlling": 18500000, "calculatedEbitda": 1730000000}, {"date": "2014-12-31", "symbol": "SWK", "reportedCurrency": "USD", "cik": "0000093556", "fillingDate": "2015-02-19", "acceptedDate": "2015-02-19 14:29:28", "calendarYear": "2014", "period": "FY", "revenue": 11338600000, "costOfRevenue": 7235900000, "grossProfit": 4102700000, "grossProfitRatio": 0.3618347944, "researchAndDevelopmentExpenses": 174600000, "generalAndAdministrativeExpenses": 2468200000, "sellingAndMarketingExpenses": 127700000, "sellingGeneralAndAdministrativeExpenses": 2595900000, "otherExpenses": -239600000, "operatingExpenses": 2595900000, "costAndExpenses": 9831800000, "interestIncome": 13600000, "interestExpense": 177200000, "depreciationAndAmortization": 449800000, "ebitda": 1975400000, "ebitdaratio": 0.1742190394, "operatingIncome": 1248400000, "operatingIncomeRatio": 0.1101017762, "totalOtherIncomeExpensesNet": -258400000, "incomeBeforeTax": 1084800000, "incomeBeforeTaxRatio": 0.0956731872, "incomeTaxExpense": 227100000, "netIncome": 760900000, "netIncomeRatio": 0.0671070503, "eps": 4.87, "epsdiluted": 4.76, "weightedAverageShsOut": 156090000, "weightedAverageShsOutDil": 159737000, "link": "https://www.sec.gov/Archives/edgar/data/93556/000009355615000005/0000093556-15-000005-index.htm", "finalLink": "https://www.sec.gov/Archives/edgar/data/93556/000009355615000005/swk_10k2014.htm", "calculatedOtherExpenses": 83800000, "calculatedOperatingExpenses": 2854300000, "calculatedNetInterest": -163600000, "calculatedOtherIncome": 0, "calculatedIncomeNonControlling": 96800000, "calculatedEbitda": 1698200000}, {"date": "2013-12-28", "symbol": "SWK", "reportedCurrency": "USD", "cik": "0000093556", "fillingDate": "2014-02-21", "acceptedDate": "2014-02-20 21:32:35", "calendarYear": "2013", "period": "FY", "revenue": 11001200000, "costOfRevenue": 7068300000, "grossProfit": 3932900000, "grossProfitRatio": 0.3574973639, "researchAndDevelopmentExpenses": 170700000, "generalAndAdministrativeExpenses": 2587500000, "sellingAndMarketingExpenses": 127100000, "sellingGeneralAndAdministrativeExpenses": 2714600000, "otherExpenses": -308000000, "operatingExpenses": 2714600000, "costAndExpenses": 9782900000, "interestIncome": 12800000, "interestExpense": 160400000, "depreciationAndAmortization": 441300000, "ebitda": 1835700000, "ebitdaratio": 0.1668636149, "operatingIncome": 734200000, "operatingIncomeRatio": 0.066738174, "totalOtherIncomeExpensesNet": -484100000, "incomeBeforeTax": 586600000, "incomeBeforeTaxRatio": 0.0533214558, "incomeTaxExpense": 69300000, "netIncome": 490300000, "netIncomeRatio": 0.0445678653, "eps": 3.16, "epsdiluted": 3.09, "weightedAverageShsOut": 155237000, "weightedAverageShsOutDil": 158776000, "link": "https://www.sec.gov/Archives/edgar/data/93556/000009355614000004/0000093556-14-000004-index.htm", "finalLink": "https://www.sec.gov/Archives/edgar/data/93556/000009355614000004/swk_10k2013.htm", "calculatedOtherExpenses": 313400000, "calculatedOperatingExpenses": 3198700000, "calculatedNetInterest": -147600000, "calculatedOtherIncome": 0, "calculatedIncomeNonControlling": 27000000, "calculatedEbitda": 1175500000}, {"date": "2012-12-29", "symbol": "SWK", "reportedCurrency": "USD", "cik": "0000093556", "fillingDate": "2013-02-20", "acceptedDate": "2013-02-20 16:08:43", "calendarYear": "2012", "period": "FY", "revenue": 10190500000, "costOfRevenue": 6485900000, "grossProfit": 3704600000, "grossProfitRatio": 0.3635346646, "researchAndDevelopmentExpenses": 151400000, "generalAndAdministrativeExpenses": 2394600000, "sellingAndMarketingExpenses": 125800000, "sellingGeneralAndAdministrativeExpenses": 2520400000, "otherExpenses": -347400000, "operatingExpenses": 2520400000, "costAndExpenses": 9006300000, "interestIncome": 10100000, "interestExpense": 144200000, "depreciationAndAmortization": 445300000, "ebitda": 1804600000, "ebitdaratio": 0.1770865021, "operatingIncome": 661700000, "operatingIncomeRatio": 0.0649330259, "totalOtherIncomeExpensesNet": -522500000, "incomeBeforeTax": 527600000, "incomeBeforeTaxRatio": 0.0517737108, "incomeTaxExpense": 78900000, "netIncome": 883800000, "netIncomeRatio": 0.0867278347, "eps": 5.41, "epsdiluted": 5.3, "weightedAverageShsOut": 163067000, "weightedAverageShsOutDil": 166701000, "link": "https://www.sec.gov/Archives/edgar/data/93556/000009355613000004/0000093556-13-000004-index.htm", "finalLink": "https://www.sec.gov/Archives/edgar/data/93556/000009355613000004/swk_10kx2012.htm", "calculatedOtherExpenses": 371100000, "calculatedOperatingExpenses": 3042900000, "calculatedNetInterest": -134100000, "calculatedOtherIncome": 0, "calculatedIncomeNonControlling": -435100000, "calculatedEbitda": 1107000000}, {"date": "2011-12-31", "symbol": "SWK", "reportedCurrency": "USD", "cik": "0000093556", "fillingDate": "2012-02-23", "acceptedDate": "2012-02-23 16:31:09", "calendarYear": "2011", "period": "FY", "revenue": 10376400000, "costOfRevenue": 6582900000, "grossProfit": 3793500000, "grossProfitRatio": 0.3655892217, "researchAndDevelopmentExpenses": 0, "generalAndAdministrativeExpenses": 0, "sellingAndMarketingExpenses": 0, "sellingGeneralAndAdministrativeExpenses": 2551900000, "otherExpenses": 293400000, "operatingExpenses": 2829400000, "costAndExpenses": 9412300000, "interestIncome": 27000000, "interestExpense": 140300000, "depreciationAndAmortization": 410100000, "ebitda": 1445200000, "ebitdaratio": 0.1392775915, "operatingIncome": 893100000, "operatingIncomeRatio": 0.0860703134, "totalOtherIncomeExpensesNet": -71000000, "incomeBeforeTax": 779800000, "incomeBeforeTaxRatio": 0.0751513049, "incomeTaxExpense": 88600000, "netIncome": 674600000, "netIncomeRatio": 0.0650129139, "eps": 4.06, "epsdiluted": 3.97, "weightedAverageShsOut": 165832000, "weightedAverageShsOutDil": 170105000, "link": "https://www.sec.gov/Archives/edgar/data/93556/000119312512075395/0001193125-12-075395-index.htm", "finalLink": "https://www.sec.gov/Archives/edgar/data/93556/000119312512075395/d297989d10k.htm", "calculatedOtherExpenses": 348500000, "calculatedOperatingExpenses": 2900400000, "calculatedNetInterest": -113300000, "calculatedOtherIncome": 0, "calculatedIncomeNonControlling": 16600000, "calculatedEbitda": 1303200000}, {"date": "2010-12-31", "symbol": "SWK", "reportedCurrency": "USD", "cik": "0000093556", "fillingDate": "2011-02-18", "acceptedDate": "2011-02-18 17:19:37", "calendarYear": "2010", "period": "FY", "revenue": 8409600000, "costOfRevenue": 5265400000, "grossProfit": 3144200000, "grossProfitRatio": 0.3738822298, "researchAndDevelopmentExpenses": 0, "generalAndAdministrativeExpenses": 0, "sellingAndMarketingExpenses": 0, "sellingGeneralAndAdministrativeExpenses": 2086500000, "otherExpenses": 211900000, "operatingExpenses": 2249800000, "costAndExpenses": 7515200000, "interestIncome": 9400000, "interestExpense": 100600000, "depreciationAndAmortization": 334800000, "ebitda": 1229200000, "ebitdaratio": 0.1461662861, "operatingIncome": 876100000, "operatingIncomeRatio": 0.1041785578, "totalOtherIncomeExpensesNet": -18300000, "incomeBeforeTax": 775500000, "incomeBeforeTaxRatio": 0.0922160388, "incomeTaxExpense": 156200000, "netIncome": 619300000, "netIncomeRatio": 0.0736420282, "eps": 4.2, "epsdiluted": 4.12, "weightedAverageShsOut": 147224000, "weightedAverageShsOutDil": 150167000, "link": "https://www.sec.gov/Archives/edgar/data/93556/000095012311015782/0000950123-11-015782-index.htm", "finalLink": "https://www.sec.gov/Archives/edgar/data/93556/000095012311015782/y04394e10vk.htm", "calculatedOtherExpenses": 181600000, "calculatedOperatingExpenses": 2268100000, "calculatedNetInterest": -91200000, "calculatedOtherIncome": -9400000, "calculatedIncomeNonControlling": 0, "calculatedEbitda": 1210900000}, {"date": "2009-12-31", "symbol": "SWK", "reportedCurrency": "USD", "cik": "0000093556", "fillingDate": "2010-02-22", "acceptedDate": "2010-02-19 18:14:03", "calendarYear": "2009", "period": "FY", "revenue": 8409600000, "costOfRevenue": 5460800000, "grossProfit": 2948800000, "grossProfitRatio": 0.3506468798, "researchAndDevelopmentExpenses": 0, "generalAndAdministrativeExpenses": 0, "sellingAndMarketingExpenses": 0, "sellingGeneralAndAdministrativeExpenses": 2156600000, "otherExpenses": 109300000, "operatingExpenses": 2368500000, "costAndExpenses": 7829300000, "interestIncome": 9400000, "interestExpense": 110000000, "depreciationAndAmortization": 348700000, "ebitda": 938400000, "ebitdaratio": 0.111586758, "operatingIncome": 384600000, "operatingIncomeRatio": 0.0457334475, "totalOtherIncomeExpensesNet": -242600000, "incomeBeforeTax": 237100000, "incomeBeforeTaxRatio": 0.0281939688, "incomeTaxExpense": 38900000, "netIncome": 198200000, "netIncomeRatio": 0.0235683029, "eps": 1.34, "epsdiluted": 1.32, "weightedAverageShsOut": 147224000, "weightedAverageShsOutDil": 150167000, "link": "https://www.sec.gov/Archives/edgar/data/93556/000095012310014663/0000950123-10-014663-index.htm", "finalLink": "https://www.sec.gov/Archives/edgar/data/93556/000095012310014663/y03034e10vk.htm", "calculatedOtherExpenses": 407600000, "calculatedOperatingExpenses": 2564200000, "calculatedNetInterest": -100600000, "calculatedOtherIncome": -46900000, "calculatedIncomeNonControlling": 0, "calculatedEbitda": 733300000}, {"date": "2008-12-31", "symbol": "SWK", "reportedCurrency": "USD", "cik": "0000093556", "fillingDate": "2009-02-26", "acceptedDate": "2009-02-25 18:43:14", "calendarYear": "2008", "period": "FY", "revenue": 4426200000, "costOfRevenue": 2754800000, "grossProfit": 1671400000, "grossProfitRatio": 0.37761511, "researchAndDevelopmentExpenses": 0, "generalAndAdministrativeExpenses": 0, "sellingAndMarketingExpenses": 0, "sellingGeneralAndAdministrativeExpenses": 1107600000, "otherExpenses": 121800000, "operatingExpenses": 1382800000, "costAndExpenses": 4137600000, "interestIncome": 9200000, "interestExpense": 82000000, "depreciationAndAmortization": 183000000, "ebitda": 386100000, "ebitdaratio": 0.0872305815, "operatingIncome": 374100000, "operatingIncomeRatio": 0.0845194524, "totalOtherIncomeExpensesNet": 85500000, "incomeBeforeTax": 301300000, "incomeBeforeTaxRatio": 0.0680719353, "incomeTaxExpense": 75900000, "netIncome": 313300000, "netIncomeRatio": 0.0707830645, "eps": 3.97, "epsdiluted": 3.92, "weightedAverageShsOut": 78897000, "weightedAverageShsOutDil": 79874000, "link": "https://www.sec.gov/Archives/edgar/data/93556/000095012309003448/0000950123-09-003448-index.htm", "finalLink": "https://www.sec.gov/Archives/edgar/data/93556/000095012309003448/y01183e10vk.htm", "calculatedOtherExpenses": 189700000, "calculatedOperatingExpenses": 1297300000, "calculatedNetInterest": -72800000, "calculatedOtherIncome": 0, "calculatedIncomeNonControlling": -87900000, "calculatedEbitda": 557100000}, {"date": "2007-12-29", "symbol": "SWK", "reportedCurrency": "USD", "cik": "0000093556", "fillingDate": "2008-02-25", "acceptedDate": "2008-02-25 17:18:02", "calendarYear": "2007", "period": "FY", "revenue": 4483800000, "costOfRevenue": 2791600000, "grossProfit": 1692200000, "grossProfitRatio": 0.3774030956, "researchAndDevelopmentExpenses": 0, "generalAndAdministrativeExpenses": 0, "sellingAndMarketingExpenses": 0, "sellingGeneralAndAdministrativeExpenses": 1058400000, "otherExpenses": 0, "operatingExpenses": 1058400000, "costAndExpenses": 3850000000, "interestIncome": 0, "interestExpense": 0, "depreciationAndAmortization": 162200000, "ebitda": 898500000, "ebitdaratio": 0.2003880637, "operatingIncome": 633800000, "operatingIncomeRatio": 0.1413533164, "totalOtherIncomeExpensesNet": -102500000, "incomeBeforeTax": 451100000, "incomeBeforeTaxRatio": 0.1006066283, "incomeTaxExpense": 114500000, "netIncome": 336600000, "netIncomeRatio": 0.0750702529, "eps": 4.09, "epsdiluted": 4, "weightedAverageShsOut": 82312724, "weightedAverageShsOutDil": 84045572, "link": "https://www.sec.gov/Archives/edgar/data/93556/000095013608000877/0000950136-08-000877-index.htm", "finalLink": "https://www.sec.gov/Archives/edgar/data/93556/000095013608000877/file1.htm", "calculatedOtherExpenses": 0, "calculatedOperatingExpenses": 1058400000, "calculatedNetInterest": 0, "calculatedOtherIncome": -182700000, "calculatedIncomeNonControlling": 0, "calculatedEbitda": 796000000}, {"date": "2006-12-31", "symbol": "SWK", "reportedCurrency": "USD", "cik": "0000093556", "fillingDate": "2007-02-27", "acceptedDate": "2007-02-26 19:22:51", "calendarYear": "2006", "period": "FY", "revenue": 4018600000, "costOfRevenue": 2560100000, "grossProfit": 1458500000, "grossProfitRatio": 0.3629373414, "researchAndDevelopmentExpenses": 0, "generalAndAdministrativeExpenses": 0, "sellingAndMarketingExpenses": 0, "sellingGeneralAndAdministrativeExpenses": 955200000, "otherExpenses": 0, "operatingExpenses": 955200000, "costAndExpenses": 3515300000, "interestIncome": 0, "interestExpense": 0, "depreciationAndAmortization": 121200000, "ebitda": 695800000, "ebitdaratio": 0.1731448763, "operatingIncome": 503300000, "operatingIncomeRatio": 0.1252426218, "totalOtherIncomeExpensesNet": -71300000, "incomeBeforeTax": 367100000, "incomeBeforeTaxRatio": 0.0913502215, "incomeTaxExpense": 76400000, "netIncome": 289500000, "netIncomeRatio": 0.0720400139, "eps": 3.54, "epsdiluted": 3.46, "weightedAverageShsOut": 81779661, "weightedAverageShsOutDil": 83670520, "link": "https://www.sec.gov/Archives/edgar/data/93556/000095013607001137/0000950136-07-001137-index.htm", "finalLink": "https://www.sec.gov/Archives/edgar/data/93556/000095013607001137/file1.htm", "calculatedOtherExpenses": 0, "calculatedOperatingExpenses": 955200000, "calculatedNetInterest": 0, "calculatedOtherIncome": -136200000, "calculatedIncomeNonControlling": 1200000, "calculatedEbitda": 624500000}, {"date": "2005-12-31", "symbol": "SWK", "reportedCurrency": "USD", "cik": "0000093556", "fillingDate": "2006-03-01", "acceptedDate": "2006-02-28 18:43:07", "calendarYear": "2005", "period": "FY", "revenue": 3285300000, "costOfRevenue": 2104000000, "grossProfit": 1181300000, "grossProfitRatio": 0.3595714242, "researchAndDevelopmentExpenses": 0, "generalAndAdministrativeExpenses": 0, "sellingAndMarketingExpenses": 0, "sellingGeneralAndAdministrativeExpenses": 736800000, "otherExpenses": 0, "operatingExpenses": 736800000, "costAndExpenses": 2840800000, "interestIncome": 0, "interestExpense": 0, "depreciationAndAmortization": 96500000, "ebitda": 593500000, "ebitdaratio": 0.1806532128, "operatingIncome": 444500000, "operatingIncomeRatio": 0.1352996682, "totalOtherIncomeExpensesNet": -52500000, "incomeBeforeTax": 358200000, "incomeBeforeTaxRatio": 0.1090311387, "incomeTaxExpense": 86500000, "netIncome": 269600000, "netIncomeRatio": 0.0820625209, "eps": 3.23, "epsdiluted": 3.16, "weightedAverageShsOut": 83467492, "weightedAverageShsOutDil": 85316456, "link": "https://www.sec.gov/Archives/edgar/data/93556/000095013606001493/0000950136-06-001493-index.htm", "finalLink": "https://www.sec.gov/Archives/edgar/data/93556/000095013606001493/file001.htm", "calculatedOtherExpenses": 0, "calculatedOperatingExpenses": 736800000, "calculatedNetInterest": 0, "calculatedOtherIncome": -86300000, "calculatedIncomeNonControlling": 2100000, "calculatedEbitda": 541000000}, {"date": "2004-12-31", "symbol": "SWK", "reportedCurrency": "USD", "cik": "0000093556", "fillingDate": "2005-03-07", "acceptedDate": "2005-03-07 14:54:24", "calendarYear": "2004", "period": "FY", "revenue": 3043400000, "costOfRevenue": 1931100000, "grossProfit": 1112300000, "grossProfitRatio": 0.365479398, "researchAndDevelopmentExpenses": 0, "generalAndAdministrativeExpenses": 0, "sellingAndMarketingExpenses": 0, "sellingGeneralAndAdministrativeExpenses": 694300000, "otherExpenses": 0, "operatingExpenses": 694300000, "costAndExpenses": 2625400000, "interestIncome": 0, "interestExpense": 0, "depreciationAndAmortization": 95000000, "ebitda": 567500000, "ebitdaratio": 0.1864690806, "operatingIncome": 418000000, "operatingIncomeRatio": 0.1373463889, "totalOtherIncomeExpensesNet": -54500000, "incomeBeforeTax": 329100000, "incomeBeforeTaxRatio": 0.1081356378, "incomeTaxExpense": 88900000, "netIncome": 366900000, "netIncomeRatio": 0.1205559572, "eps": 4.47, "epsdiluted": 4.36, "weightedAverageShsOut": 82080537, "weightedAverageShsOutDil": 84151376, "link": "https://www.sec.gov/Archives/edgar/data/93556/000095013605001204/0000950136-05-001204-index.htm", "finalLink": "https://www.sec.gov/Archives/edgar/data/93556/000095013605001204/file001.htm", "calculatedOtherExpenses": 0, "calculatedOperatingExpenses": 694300000, "calculatedNetInterest": 0, "calculatedOtherIncome": -88900000, "calculatedIncomeNonControlling": -126700000, "calculatedEbitda": 513000000}, {"date": "2003-12-31", "symbol": "SWK", "reportedCurrency": "USD", "cik": "0000093556", "fillingDate": "2004-03-16", "acceptedDate": "2004-03-16 17:16:56", "calendarYear": "2003", "period": "FY", "revenue": 2678100000, "costOfRevenue": 1785300000, "grossProfit": 892800000, "grossProfitRatio": 0.3333706732, "researchAndDevelopmentExpenses": 0, "generalAndAdministrativeExpenses": 0, "sellingAndMarketingExpenses": 0, "sellingGeneralAndAdministrativeExpenses": 637800000, "otherExpenses": 0, "operatingExpenses": 637800000, "costAndExpenses": 2423100000, "interestIncome": 0, "interestExpense": 0, "depreciationAndAmortization": 86500000, "ebitda": 435200000, "ebitdaratio": 0.1625032672, "operatingIncome": 255000000, "operatingIncomeRatio": 0.0952167581, "totalOtherIncomeExpensesNet": -93700000, "incomeBeforeTax": 133000000, "incomeBeforeTaxRatio": 0.0496620739, "incomeTaxExpense": 36300000, "netIncome": 107900000, "netIncomeRatio": 0.0402897577, "eps": 1.28, "epsdiluted": 1.27, "weightedAverageShsOut": 84296875, "weightedAverageShsOutDil": 84960630, "link": "https://www.sec.gov/Archives/edgar/data/93556/000095013604000768/0000950136-04-000768-index.htm", "finalLink": "https://www.sec.gov/Archives/edgar/data/93556/000095013604000768/file001.htm", "calculatedOtherExpenses": 0, "calculatedOperatingExpenses": 637800000, "calculatedNetInterest": 0, "calculatedOtherIncome": -122000000, "calculatedIncomeNonControlling": -11200000, "calculatedEbitda": 341500000}, {"date": "2002-12-31", "symbol": "SWK", "reportedCurrency": "USD", "cik": "0000093556", "fillingDate": "2002-12-28", "acceptedDate": "2002-12-27 19:00:00", "calendarYear": "2002", "period": "FY", "revenue": 2593000000, "costOfRevenue": 1757200000, "grossProfit": 835800000, "grossProfitRatio": 0.3223293482, "researchAndDevelopmentExpenses": 0, "generalAndAdministrativeExpenses": 0, "sellingAndMarketingExpenses": 0, "sellingGeneralAndAdministrativeExpenses": 547200000, "otherExpenses": 0, "operatingExpenses": 547200000, "costAndExpenses": 2304400000, "interestIncome": 0, "interestExpense": 0, "depreciationAndAmortization": 71200000, "ebitda": 351400000, "ebitdaratio": 0.1355187042, "operatingIncome": 288600000, "operatingIncomeRatio": 0.1112996529, "totalOtherIncomeExpensesNet": 8400000, "incomeBeforeTax": 272500000, "incomeBeforeTaxRatio": 0.1050906286, "incomeTaxExpense": 87500000, "netIncome": 185000000, "netIncomeRatio": 0.0713459314, "eps": 2.14, "epsdiluted": 2.1, "weightedAverageShsOut": 86448598, "weightedAverageShsOutDil": 88095238, "link": "", "finalLink": "", "calculatedOtherExpenses": 0, "calculatedOperatingExpenses": 547200000, "calculatedNetInterest": 0, "calculatedOtherIncome": -16100000, "calculatedIncomeNonControlling": 0, "calculatedEbitda": 359800000}, {"date": "2001-12-29", "symbol": "SWK", "reportedCurrency": "USD", "cik": "0000093556", "fillingDate": "2002-02-22", "acceptedDate": "2002-02-22 00:00:00", "calendarYear": "2001", "period": "FY", "revenue": 2624400000, "costOfRevenue": 1701300000, "grossProfit": 923100000, "grossProfitRatio": 0.35173754, "researchAndDevelopmentExpenses": 0, "generalAndAdministrativeExpenses": 0, "sellingAndMarketingExpenses": 0, "sellingGeneralAndAdministrativeExpenses": 593700000, "otherExpenses": 0, "operatingExpenses": 593700000, "costAndExpenses": 2295000000, "interestIncome": 0, "interestExpense": 0, "depreciationAndAmortization": 82900000, "ebitda": 479400000, "ebitdaratio": 0.1826703246, "operatingIncome": 329400000, "operatingIncomeRatio": 0.1255144033, "totalOtherIncomeExpensesNet": -67100000, "incomeBeforeTax": 236700000, "incomeBeforeTaxRatio": 0.0901920439, "incomeTaxExpense": 78400000, "netIncome": 158300000, "netIncomeRatio": 0.060318549, "eps": 1.85, "epsdiluted": 1.81, "weightedAverageShsOut": 85567568, "weightedAverageShsOutDil": 87458564, "link": "https://www.sec.gov/Archives/edgar/data/93556/000095013602000496/0000950136-02-000496-index.htm", "finalLink": "https://www.sec.gov/Archives/edgar/data/93556/000095013602000496/file001.txt", "calculatedOtherExpenses": 0, "calculatedOperatingExpenses": 593700000, "calculatedNetInterest": 0, "calculatedOtherIncome": -92700000, "calculatedIncomeNonControlling": 0, "calculatedEbitda": 412300000}, {"date": "2000-12-30", "symbol": "SWK", "reportedCurrency": "USD", "cik": "0000093556", "fillingDate": "2001-03-30", "acceptedDate": "2001-03-30 00:00:00", "calendarYear": "2000", "period": "FY", "revenue": 2748900000, "costOfRevenue": 1751500000, "grossProfit": 997400000, "grossProfitRatio": 0.3628360435, "researchAndDevelopmentExpenses": 0, "generalAndAdministrativeExpenses": 0, "sellingAndMarketingExpenses": 0, "sellingGeneralAndAdministrativeExpenses": 656600000, "otherExpenses": 0, "operatingExpenses": 656600000, "costAndExpenses": 2408100000, "interestIncome": 0, "interestExpense": 0, "depreciationAndAmortization": 83300000, "ebitda": 444100000, "ebitdaratio": 0.1615555313, "operatingIncome": 340800000, "operatingIncomeRatio": 0.1239768635, "totalOtherIncomeExpensesNet": -20000000, "incomeBeforeTax": 293700000, "incomeBeforeTaxRatio": 0.1068427371, "incomeTaxExpense": 99300000, "netIncome": 194400000, "netIncomeRatio": 0.0707191968, "eps": 2.22, "epsdiluted": 2.22, "weightedAverageShsOut": 87567568, "weightedAverageShsOutDil": 87567568, "link": "https://www.sec.gov/Archives/edgar/data/93556/000095013601000568/0000950136-01-000568-index.htm", "finalLink": "https://www.sec.gov/Archives/edgar/data/93556/000095013601000568/0000950136-01-000568-0001.txt", "calculatedOtherExpenses": 0, "calculatedOperatingExpenses": 656600000, "calculatedNetInterest": 0, "calculatedOtherIncome": -47100000, "calculatedIncomeNonControlling": 0, "calculatedEbitda": 424100000}, {"date": "1999-12-31", "symbol": "SWK", "reportedCurrency": "USD", "cik": "0000093556", "fillingDate": "2000-03-30", "acceptedDate": "2000-03-30 00:00:00", "calendarYear": "1999", "period": "FY", "revenue": 2751800000, "costOfRevenue": 1728300000, "grossProfit": 1023500000, "grossProfitRatio": 0.3719383676, "researchAndDevelopmentExpenses": 0, "generalAndAdministrativeExpenses": 0, "sellingAndMarketingExpenses": 0, "sellingGeneralAndAdministrativeExpenses": 703000000, "otherExpenses": 85600000, "operatingExpenses": 788600000, "costAndExpenses": 2516900000, "interestIncome": 0, "interestExpense": 0, "depreciationAndAmortization": 85600000, "ebitda": 275400000, "ebitdaratio": 0.1000799477, "operatingIncome": 234900000, "operatingIncomeRatio": 0.0853623083, "totalOtherIncomeExpensesNet": 45100000, "incomeBeforeTax": 230800000, "incomeBeforeTaxRatio": 0.0838723744, "incomeTaxExpense": 80800000, "netIncome": 150000000, "netIncomeRatio": 0.0545097754, "eps": 1.67, "epsdiluted": 1.67, "weightedAverageShsOut": 89820359, "weightedAverageShsOutDil": 89820359, "link": "https://www.sec.gov/Archives/edgar/data/93556/000095013600000448/0000950136-00-000448-index.html", "finalLink": "https://www.sec.gov/Archives/edgar/data/93556/000095013600000448/", "calculatedOtherExpenses": 85600000, "calculatedOperatingExpenses": 788600000, "calculatedNetInterest": 0, "calculatedOtherIncome": -4100000, "calculatedIncomeNonControlling": 0, "calculatedEbitda": 320500000}, {"date": "1998-12-31", "symbol": "SWK", "reportedCurrency": "USD", "cik": "0000093556", "fillingDate": "1999-04-01", "acceptedDate": "1999-04-01 00:00:00", "calendarYear": "1998", "period": "FY", "revenue": 2729100000, "costOfRevenue": 1713100000, "grossProfit": 1016000000, "grossProfitRatio": 0.3722839031, "researchAndDevelopmentExpenses": 0, "generalAndAdministrativeExpenses": 0, "sellingAndMarketingExpenses": 0, "sellingGeneralAndAdministrativeExpenses": 684700000, "otherExpenses": 79700000, "operatingExpenses": 764400000, "costAndExpenses": 2477500000, "interestIncome": 0, "interestExpense": 0, "depreciationAndAmortization": 79700000, "ebitda": 344400000, "ebitdaratio": 0.126195449, "operatingIncome": 251600000, "operatingIncomeRatio": 0.092191565, "totalOtherIncomeExpensesNet": -13100000, "incomeBeforeTax": 215400000, "incomeBeforeTaxRatio": 0.0789271188, "incomeTaxExpense": 77600000, "netIncome": 137800000, "netIncomeRatio": 0.0504928365, "eps": 1.54, "epsdiluted": 1.53, "weightedAverageShsOut": 89480519, "weightedAverageShsOutDil": 90065359, "link": "https://www.sec.gov/Archives/edgar/data/93556/000095013699000438/0000950136-99-000438-index.html", "finalLink": "https://www.sec.gov/Archives/edgar/data/93556/", "calculatedOtherExpenses": 79700000, "calculatedOperatingExpenses": 764400000, "calculatedNetInterest": 0, "calculatedOtherIncome": -36200000, "calculatedIncomeNonControlling": 0, "calculatedEbitda": 331300000}, {"date": "1997-12-31", "symbol": "SWK", "reportedCurrency": "USD", "cik": "0000093556", "fillingDate": "1998-04-01", "acceptedDate": "1998-04-01 00:00:00", "calendarYear": "1997", "period": "FY", "revenue": 2669500000, "costOfRevenue": 1711000000, "grossProfit": 958500000, "grossProfitRatio": 0.359056003, "researchAndDevelopmentExpenses": 0, "generalAndAdministrativeExpenses": 0, "sellingAndMarketingExpenses": 0, "sellingGeneralAndAdministrativeExpenses": 627700000, "otherExpenses": 72400000, "operatingExpenses": 700100000, "costAndExpenses": 2411100000, "interestIncome": 0, "interestExpense": 0, "depreciationAndAmortization": 72400000, "ebitda": 829700000, "ebitdaratio": 0.3108072673, "operatingIncome": 258400000, "operatingIncomeRatio": 0.096797153, "totalOtherIncomeExpensesNet": -498900000, "incomeBeforeTax": -18600000, "incomeBeforeTaxRatio": -0.0069675969, "incomeTaxExpense": 23300000, "netIncome": -41900000, "netIncomeRatio": -0.0156958232, "eps": -0.47, "epsdiluted": -0.47, "weightedAverageShsOut": 89148936, "weightedAverageShsOutDil": 89148936, "link": "https://www.sec.gov/Archives/edgar/data/93556/000095013698000631/0000950136-98-000631-index.html", "finalLink": "https://www.sec.gov/Archives/edgar/data/93556/", "calculatedOtherExpenses": 72400000, "calculatedOperatingExpenses": 700100000, "calculatedNetInterest": 0, "calculatedOtherIncome": -277000000, "calculatedIncomeNonControlling": 0, "calculatedEbitda": 330800000}, {"date": "1996-12-28", "symbol": "SWK", "reportedCurrency": "USD", "cik": "0000093556", "fillingDate": "1997-03-19", "acceptedDate": "1997-03-19 00:00:00", "calendarYear": "1996", "period": "FY", "revenue": 2670800000, "costOfRevenue": 1720800000, "grossProfit": 950000000, "grossProfitRatio": 0.3556986671, "researchAndDevelopmentExpenses": 0, "generalAndAdministrativeExpenses": 0, "sellingAndMarketingExpenses": 0, "sellingGeneralAndAdministrativeExpenses": 608500000, "otherExpenses": 74700000, "operatingExpenses": 683200000, "costAndExpenses": 2404000000, "interestIncome": 0, "interestExpense": 0, "depreciationAndAmortization": 74700000, "ebitda": 459400000, "ebitdaratio": 0.172008387, "operatingIncome": 266800000, "operatingIncomeRatio": 0.0998951625, "totalOtherIncomeExpensesNet": -117900000, "incomeBeforeTax": 174200000, "incomeBeforeTaxRatio": 0.065223903, "incomeTaxExpense": 77300000, "netIncome": 96900000, "netIncomeRatio": 0.036281264, "eps": 1.09, "epsdiluted": 1.09, "weightedAverageShsOut": 88899083, "weightedAverageShsOutDil": 88899083, "link": "https://www.sec.gov/Archives/edgar/data/93556/000095013697000279/0000950136-97-000279-index.html", "finalLink": "https://www.sec.gov/Archives/edgar/data/93556/", "calculatedOtherExpenses": 74700000, "calculatedOperatingExpenses": 683200000, "calculatedNetInterest": 0, "calculatedOtherIncome": -92600000, "calculatedIncomeNonControlling": 0, "calculatedEbitda": 341500000}, {"date": "1995-12-30", "symbol": "SWK", "reportedCurrency": "USD", "cik": "0000093556", "fillingDate": "1996-03-27", "acceptedDate": "1996-03-27 00:00:00", "calendarYear": "1995", "period": "FY", "revenue": 2624300000, "costOfRevenue": 1708500000, "grossProfit": 915800000, "grossProfitRatio": 0.3489692489, "researchAndDevelopmentExpenses": 0, "generalAndAdministrativeExpenses": 0, "sellingAndMarketingExpenses": 0, "sellingGeneralAndAdministrativeExpenses": 591700000, "otherExpenses": 81200000, "operatingExpenses": 672900000, "costAndExpenses": 2381400000, "interestIncome": 0, "interestExpense": 0, "depreciationAndAmortization": 81200000, "ebitda": 509400000, "ebitdaratio": 0.1941089052, "operatingIncome": 242900000, "operatingIncomeRatio": 0.0925580155, "totalOtherIncomeExpensesNet": -185300000, "incomeBeforeTax": 112800000, "incomeBeforeTaxRatio": 0.0429828907, "incomeTaxExpense": 53700000, "netIncome": 59100000, "netIncomeRatio": 0.0225202911, "eps": 0.67, "epsdiluted": 0.67, "weightedAverageShsOut": 88872180, "weightedAverageShsOutDil": 88872180, "link": "https://www.sec.gov/Archives/edgar/data/93556/000095012396001342/0000950123-96-001342-index.html", "finalLink": "https://www.sec.gov/Archives/edgar/data/93556/", "calculatedOtherExpenses": 81200000, "calculatedOperatingExpenses": 672900000, "calculatedNetInterest": 0, "calculatedOtherIncome": -130100000, "calculatedIncomeNonControlling": 0, "calculatedEbitda": 324100000}, {"date": "1994-12-31", "symbol": "SWK", "reportedCurrency": "USD", "cik": "0000093556", "fillingDate": "1995-03-29", "acceptedDate": "1995-03-29 00:00:00", "calendarYear": "1994", "period": "FY", "revenue": 2510900000, "costOfRevenue": 1602200000, "grossProfit": 908700000, "grossProfitRatio": 0.3619021068, "researchAndDevelopmentExpenses": 0, "generalAndAdministrativeExpenses": 0, "sellingAndMarketingExpenses": 0, "sellingGeneralAndAdministrativeExpenses": 560400000, "otherExpenses": 81800000, "operatingExpenses": 642200000, "costAndExpenses": 2244400000, "interestIncome": 0, "interestExpense": 0, "depreciationAndAmortization": 81800000, "ebitda": 384000000, "ebitdaratio": 0.1529332112, "operatingIncome": 266500000, "operatingIncomeRatio": 0.1061372416, "totalOtherIncomeExpensesNet": -35700000, "incomeBeforeTax": 201800000, "incomeBeforeTaxRatio": 0.0803695886, "incomeTaxExpense": 76500000, "netIncome": 125300000, "netIncomeRatio": 0.0499024254, "eps": 1.4, "epsdiluted": 1.4, "weightedAverageShsOut": 89500000, "weightedAverageShsOutDil": 89620000, "link": "https://www.sec.gov/Archives/edgar/data/93556/000095014695000153/0000950146-95-000153-index.html", "finalLink": "https://www.sec.gov/Archives/edgar/data/93556/", "calculatedOtherExpenses": 81800000, "calculatedOperatingExpenses": 642200000, "calculatedNetInterest": 0, "calculatedOtherIncome": -64700000, "calculatedIncomeNonControlling": 0, "calculatedEbitda": 348300000}, {"date": "1993-12-31", "symbol": "SWK", "reportedCurrency": "USD", "cik": "0000093556", "fillingDate": "1994-03-31", "acceptedDate": "1994-03-31 00:00:00", "calendarYear": "1993", "period": "FY", "revenue": 2273100000, "costOfRevenue": 1472300000, "grossProfit": 800800000, "grossProfitRatio": 0.3522942237, "researchAndDevelopmentExpenses": 0, "generalAndAdministrativeExpenses": 0, "sellingAndMarketingExpenses": 0, "sellingGeneralAndAdministrativeExpenses": 512300000, "otherExpenses": 80700000, "operatingExpenses": 593000000, "costAndExpenses": 2065300000, "interestIncome": 0, "interestExpense": 0, "depreciationAndAmortization": 80700000, "ebitda": 323100000, "ebitdaratio": 0.1421406889, "operatingIncome": 207800000, "operatingIncomeRatio": 0.0914170076, "totalOtherIncomeExpensesNet": -34600000, "incomeBeforeTax": 148000000, "incomeBeforeTaxRatio": 0.0651093221, "incomeTaxExpense": 55400000, "netIncome": 84100000, "netIncomeRatio": 0.0369979323, "eps": 0.94, "epsdiluted": 0.92, "weightedAverageShsOut": 89468085, "weightedAverageShsOutDil": 91413043, "link": "https://www.sec.gov/Archives/edgar/data/93556/000009355694000005/0000093556-94-000005-index.html", "finalLink": "https://www.sec.gov/Archives/edgar/data/93556/", "calculatedOtherExpenses": 80700000, "calculatedOperatingExpenses": 593000000, "calculatedNetInterest": 0, "calculatedOtherIncome": -59800000, "calculatedIncomeNonControlling": 8500000, "calculatedEbitda": 288500000}, {"date": "1992-12-31", "symbol": "SWK", "reportedCurrency": "USD", "cik": "0000093556", "fillingDate": "1992-12-31", "acceptedDate": "1992-12-30 19:00:00", "calendarYear": "1992", "period": "FY", "revenue": 2217700000, "costOfRevenue": 1403400000, "grossProfit": 814300000, "grossProfitRatio": 0.3671822158, "researchAndDevelopmentExpenses": 0, "generalAndAdministrativeExpenses": 0, "sellingAndMarketingExpenses": 0, "sellingGeneralAndAdministrativeExpenses": 527800000, "otherExpenses": 78500000, "operatingExpenses": 606300000, "costAndExpenses": 2009700000, "interestIncome": 0, "interestExpense": 0, "depreciationAndAmortization": 78500000, "ebitda": 310600000, "ebitdaratio": 0.1400550119, "operatingIncome": 208000000, "operatingIncomeRatio": 0.0937908644, "totalOtherIncomeExpensesNet": -24100000, "incomeBeforeTax": 158100000, "incomeBeforeTaxRatio": 0.0712900753, "incomeTaxExpense": 60000000, "netIncome": 98100000, "netIncomeRatio": 0.0442350183, "eps": 1.07, "epsdiluted": 1.06, "weightedAverageShsOut": 91682243, "weightedAverageShsOutDil": 92547170, "link": "", "finalLink": "", "calculatedOtherExpenses": 78500000, "calculatedOperatingExpenses": 606300000, "calculatedNetInterest": 0, "calculatedOtherIncome": -49900000, "calculatedIncomeNonControlling": 0, "calculatedEbitda": 286500000}, {"date": "1991-12-31", "symbol": "SWK", "reportedCurrency": "USD", "cik": "0000093556", "fillingDate": "1991-12-31", "acceptedDate": "1991-12-30 19:00:00", "calendarYear": "1991", "period": "FY", "revenue": 1962200000, "costOfRevenue": 1218900000, "grossProfit": 743300000, "grossProfitRatio": 0.3788094995, "researchAndDevelopmentExpenses": 0, "generalAndAdministrativeExpenses": 0, "sellingAndMarketingExpenses": 0, "sellingGeneralAndAdministrativeExpenses": 462400000, "otherExpenses": 74900000, "operatingExpenses": 537300000, "costAndExpenses": 1756200000, "interestIncome": 0, "interestExpense": 0, "depreciationAndAmortization": 74900000, "ebitda": 305000000, "ebitdaratio": 0.1554377739, "operatingIncome": 206000000, "operatingIncomeRatio": 0.1049842014, "totalOtherIncomeExpensesNet": -24100000, "incomeBeforeTax": 156500000, "incomeBeforeTaxRatio": 0.0797574151, "incomeTaxExpense": 61400000, "netIncome": 95100000, "netIncomeRatio": 0.0484660075, "eps": 1.13, "epsdiluted": 1.12, "weightedAverageShsOut": 84159292, "weightedAverageShsOutDil": 84910714, "link": "", "finalLink": "", "calculatedOtherExpenses": 74900000, "calculatedOperatingExpenses": 537300000, "calculatedNetInterest": 0, "calculatedOtherIncome": -49500000, "calculatedIncomeNonControlling": 0, "calculatedEbitda": 280900000}, {"date": "1990-12-31", "symbol": "SWK", "reportedCurrency": "USD", "cik": "0000093556", "fillingDate": "1990-12-31", "acceptedDate": "1990-12-30 19:00:00", "calendarYear": "1990", "period": "FY", "revenue": 1976700000, "costOfRevenue": 1218000000, "grossProfit": 758700000, "grossProfitRatio": 0.3838215207, "researchAndDevelopmentExpenses": 0, "generalAndAdministrativeExpenses": 0, "sellingAndMarketingExpenses": 0, "sellingGeneralAndAdministrativeExpenses": 463000000, "otherExpenses": 74300000, "operatingExpenses": 537300000, "costAndExpenses": 1755300000, "interestIncome": 0, "interestExpense": 0, "depreciationAndAmortization": 74300000, "ebitda": 319700000, "ebitdaratio": 0.1617342035, "operatingIncome": 221400000, "operatingIncomeRatio": 0.1120048566, "totalOtherIncomeExpensesNet": -24000000, "incomeBeforeTax": 172000000, "incomeBeforeTaxRatio": 0.0870137097, "incomeTaxExpense": 65400000, "netIncome": 106600000, "netIncomeRatio": 0.0539282643, "eps": 1.26, "epsdiluted": 1.25, "weightedAverageShsOut": 84603175, "weightedAverageShsOutDil": 85280000, "link": "", "finalLink": "", "calculatedOtherExpenses": 74300000, "calculatedOperatingExpenses": 537300000, "calculatedNetInterest": 0, "calculatedOtherIncome": -49400000, "calculatedIncomeNonControlling": 0, "calculatedEbitda": 295700000}, {"date": "1989-12-31", "symbol": "SWK", "reportedCurrency": "USD", "cik": "0000093556", "fillingDate": "1989-12-31", "acceptedDate": "1989-12-30 19:00:00", "calendarYear": "1989", "period": "FY", "revenue": 1971500000, "costOfRevenue": 1208500000, "grossProfit": 763000000, "grossProfitRatio": 0.3870149632, "researchAndDevelopmentExpenses": 0, "generalAndAdministrativeExpenses": 0, "sellingAndMarketingExpenses": 0, "sellingGeneralAndAdministrativeExpenses": 449200000, "otherExpenses": 69800000, "operatingExpenses": 519000000, "costAndExpenses": 1727500000, "interestIncome": 0, "interestExpense": 0, "depreciationAndAmortization": 69800000, "ebitda": 338500000, "ebitdaratio": 0.1716966777, "operatingIncome": 244000000, "operatingIncomeRatio": 0.1237636318, "totalOtherIncomeExpensesNet": -24700000, "incomeBeforeTax": 193900000, "incomeBeforeTaxRatio": 0.098351509, "incomeTaxExpense": 76200000, "netIncome": 117700000, "netIncomeRatio": 0.0597007355, "eps": 1.35, "epsdiluted": 1.34, "weightedAverageShsOut": 87185185, "weightedAverageShsOutDil": 87835821, "link": "", "finalLink": "", "calculatedOtherExpenses": 69800000, "calculatedOperatingExpenses": 519000000, "calculatedNetInterest": 0, "calculatedOtherIncome": -50100000, "calculatedIncomeNonControlling": 0, "calculatedEbitda": 313800000}, {"date": "1988-12-31", "symbol": "SWK", "reportedCurrency": "USD", "cik": "0000093556", "fillingDate": "1988-12-31", "acceptedDate": "1988-12-30 19:00:00", "calendarYear": "1988", "period": "FY", "revenue": 1909000000, "costOfRevenue": 1188700000, "grossProfit": 720300000, "grossProfitRatio": 0.3773179675, "researchAndDevelopmentExpenses": 0, "generalAndAdministrativeExpenses": 0, "sellingAndMarketingExpenses": 0, "sellingGeneralAndAdministrativeExpenses": 437300000, "otherExpenses": 64000000, "operatingExpenses": 501300000, "costAndExpenses": 1690000000, "interestIncome": 0, "interestExpense": 0, "depreciationAndAmortization": 64000000, "ebitda": 298800000, "ebitdaratio": 0.1565217391, "operatingIncome": 219000000, "operatingIncomeRatio": 0.1147197486, "totalOtherIncomeExpensesNet": -15800000, "incomeBeforeTax": 172500000, "incomeBeforeTaxRatio": 0.0903614458, "incomeTaxExpense": 69000000, "netIncome": 103500000, "netIncomeRatio": 0.0542168675, "eps": 1.03, "epsdiluted": 1.03, "weightedAverageShsOut": 100485437, "weightedAverageShsOutDil": 100485437, "link": "", "finalLink": "", "calculatedOtherExpenses": 64000000, "calculatedOperatingExpenses": 501300000, "calculatedNetInterest": 0, "calculatedOtherIncome": -46500000, "calculatedIncomeNonControlling": 0, "calculatedEbitda": 283000000}, {"date": "1987-12-31", "symbol": "SWK", "reportedCurrency": "USD", "cik": "0000093556", "fillingDate": "1987-12-31", "acceptedDate": "1987-12-30 19:00:00", "calendarYear": "1987", "period": "FY", "revenue": 1763100000, "costOfRevenue": 1081200000, "grossProfit": 681900000, "grossProfitRatio": 0.3867619534, "researchAndDevelopmentExpenses": 0, "generalAndAdministrativeExpenses": 0, "sellingAndMarketingExpenses": 0, "sellingGeneralAndAdministrativeExpenses": 408900000, "otherExpenses": 61700000, "operatingExpenses": 470600000, "costAndExpenses": 1551800000, "interestIncome": 0, "interestExpense": 0, "depreciationAndAmortization": 61700000, "ebitda": 288300000, "ebitdaratio": 0.1635188021, "operatingIncome": 211300000, "operatingIncomeRatio": 0.1198457263, "totalOtherIncomeExpensesNet": -15300000, "incomeBeforeTax": 165200000, "incomeBeforeTaxRatio": 0.0936985991, "incomeTaxExpense": 68900000, "netIncome": 86600000, "netIncomeRatio": 0.0491180307, "eps": 1, "epsdiluted": 1, "weightedAverageShsOut": 86600000, "weightedAverageShsOutDil": 86600000, "link": "", "finalLink": "", "calculatedOtherExpenses": 61700000, "calculatedOperatingExpenses": 470600000, "calculatedNetInterest": 0, "calculatedOtherIncome": -46100000, "calculatedIncomeNonControlling": 9700000, "calculatedEbitda": 273000000}, {"date": "1986-12-31", "symbol": "SWK", "reportedCurrency": "USD", "cik": "0000093556", "fillingDate": "1986-12-31", "acceptedDate": "1986-12-30 19:00:00", "calendarYear": "1986", "period": "FY", "revenue": 1371300000, "costOfRevenue": 841400000, "grossProfit": 529900000, "grossProfitRatio": 0.3864216437, "researchAndDevelopmentExpenses": 0, "generalAndAdministrativeExpenses": 0, "sellingAndMarketingExpenses": 0, "sellingGeneralAndAdministrativeExpenses": 325600000, "otherExpenses": 42400000, "operatingExpenses": 368000000, "costAndExpenses": 1209400000, "interestIncome": 0, "interestExpense": 0, "depreciationAndAmortization": 42400000, "ebitda": 215600000, "ebitdaratio": 0.157223073, "operatingIncome": 161900000, "operatingIncomeRatio": 0.1180631518, "totalOtherIncomeExpensesNet": -11300000, "incomeBeforeTax": 131200000, "incomeBeforeTaxRatio": 0.0956756363, "incomeTaxExpense": 53300000, "netIncome": 78800000, "netIncomeRatio": 0.0574637206, "eps": 0.93, "epsdiluted": 0.93, "weightedAverageShsOut": 84731183, "weightedAverageShsOutDil": 84731183, "link": "", "finalLink": "", "calculatedOtherExpenses": 42400000, "calculatedOperatingExpenses": 368000000, "calculatedNetInterest": 0, "calculatedOtherIncome": -30700000, "calculatedIncomeNonControlling": -900000, "calculatedEbitda": 204300000}, {"date": "1985-12-31", "symbol": "SWK", "reportedCurrency": "USD", "cik": "0000093556", "fillingDate": "1985-12-31", "acceptedDate": "1985-12-30 19:00:00", "calendarYear": "1985", "period": "FY", "revenue": 1208300000, "costOfRevenue": 765900000, "grossProfit": 442400000, "grossProfitRatio": 0.3661342382, "researchAndDevelopmentExpenses": 0, "generalAndAdministrativeExpenses": 0, "sellingAndMarketingExpenses": 0, "sellingGeneralAndAdministrativeExpenses": 254600000, "otherExpenses": 36600000, "operatingExpenses": 291200000, "costAndExpenses": 1057100000, "interestIncome": 0, "interestExpense": 0, "depreciationAndAmortization": 36600000, "ebitda": 198700000, "ebitdaratio": 0.1644459157, "operatingIncome": 151200000, "operatingIncomeRatio": 0.1251344865, "totalOtherIncomeExpensesNet": -10900000, "incomeBeforeTax": 137400000, "incomeBeforeTaxRatio": 0.1137134818, "incomeTaxExpense": 59100000, "netIncome": 78300000, "netIncomeRatio": 0.0648017876, "eps": 0.95, "epsdiluted": 0.95, "weightedAverageShsOut": 82421053, "weightedAverageShsOutDil": 82421053, "link": "", "finalLink": "", "calculatedOtherExpenses": 36600000, "calculatedOperatingExpenses": 291200000, "calculatedNetInterest": 0, "calculatedOtherIncome": -13800000, "calculatedIncomeNonControlling": 0, "calculatedEbitda": 187800000}]}