{"originalCurrency": "USD", "convertedCurrency": "USD", "report": [{"date": "2023-09-29", "symbol": "SWKS", "reportedCurrency": "USD", "cik": "0000004127", "fillingDate": "2023-11-17", "acceptedDate": "2023-11-17 16:42:37", "calendarYear": "2023", "period": "FY", "revenue": 4772400000, "costOfRevenue": 2665100000, "grossProfit": 2107300000, "grossProfitRatio": 0.4415598022, "researchAndDevelopmentExpenses": 606800000, "generalAndAdministrativeExpenses": 0, "sellingAndMarketingExpenses": 0, "sellingGeneralAndAdministrativeExpenses": 314000000, "otherExpenses": 18200000, "operatingExpenses": 954000000, "costAndExpenses": 3619100000, "interestIncome": 64400000, "interestExpense": 64400000, "depreciationAndAmortization": 613700000, "ebitda": 1785200000, "ebitdaratio": 0.3740675551, "operatingIncome": 1125000000, "operatingIncomeRatio": 0.2357304501, "totalOtherIncomeExpensesNet": -10100000, "incomeBeforeTax": 1078800000, "incomeBeforeTaxRatio": 0.2260497863, "incomeTaxExpense": 96000000, "netIncome": 982800000, "netIncomeRatio": 0.2059341212, "eps": 6.17, "epsdiluted": 6.13, "weightedAverageShsOut": 159400000, "weightedAverageShsOutDil": 160300000, "link": "https://www.sec.gov/Archives/edgar/data/4127/000000412723000030/0000004127-23-000030-index.htm", "finalLink": "https://www.sec.gov/Archives/edgar/data/4127/000000412723000030/swks-20230929.htm", "calculatedOtherExpenses": 61500000, "calculatedOperatingExpenses": 982300000, "calculatedNetInterest": 0, "calculatedOtherIncome": -46200000, "calculatedIncomeNonControlling": 0, "calculatedEbitda": 1738700000}, {"date": "2022-09-30", "symbol": "SWKS", "reportedCurrency": "USD", "cik": "0000004127", "fillingDate": "2022-11-23", "acceptedDate": "2022-11-22 20:03:09", "calendarYear": "2022", "period": "FY", "revenue": 5485500000, "costOfRevenue": 2881200000, "grossProfit": 2604300000, "grossProfitRatio": 0.4747607328, "researchAndDevelopmentExpenses": 617900000, "generalAndAdministrativeExpenses": 0, "sellingAndMarketingExpenses": 0, "sellingGeneralAndAdministrativeExpenses": 329800000, "otherExpenses": 98900000, "operatingExpenses": 1046600000, "costAndExpenses": 3927800000, "interestIncome": 47900000, "interestExpense": 47900000, "depreciationAndAmortization": 718300000, "ebitda": 2245300000, "ebitdaratio": 0.4093154681, "operatingIncome": 1527000000, "operatingIncomeRatio": 0.2783702488, "totalOtherIncomeExpensesNet": -50400000, "incomeBeforeTax": 1476600000, "incomeBeforeTaxRatio": 0.2691823899, "incomeTaxExpense": 201400000, "netIncome": 1275200000, "netIncomeRatio": 0.2324674141, "eps": 7.85, "epsdiluted": 7.81, "weightedAverageShsOut": 162400000, "weightedAverageShsOutDil": 163300000, "link": "https://www.sec.gov/Archives/edgar/data/4127/000000412722000038/0000004127-22-000038-index.htm", "finalLink": "https://www.sec.gov/Archives/edgar/data/4127/000000412722000038/swks-20220930.htm", "calculatedOtherExpenses": 129600000, "calculatedOperatingExpenses": 1077300000, "calculatedNetInterest": 0, "calculatedOtherIncome": -50400000, "calculatedIncomeNonControlling": 0, "calculatedEbitda": 2245300000}, {"date": "2021-10-01", "symbol": "SWKS", "reportedCurrency": "USD", "cik": "0000004127", "fillingDate": "2021-11-24", "acceptedDate": "2021-11-24 16:48:16", "calendarYear": "2021", "period": "FY", "revenue": 5109100000, "costOfRevenue": 2596700000, "grossProfit": 2512400000, "grossProfitRatio": 0.4917500147, "researchAndDevelopmentExpenses": 532300000, "generalAndAdministrativeExpenses": 0, "sellingAndMarketingExpenses": 0, "sellingGeneralAndAdministrativeExpenses": 322500000, "otherExpenses": 36000000, "operatingExpenses": 890800000, "costAndExpenses": 3487500000, "interestIncome": 1200000, "interestExpense": 13400000, "depreciationAndAmortization": 445000000, "ebitda": 2057700000, "ebitdaratio": 0.4027519524, "operatingIncome": 1612700000, "operatingIncomeRatio": 0.3156524633, "totalOtherIncomeExpensesNet": -14000000, "incomeBeforeTax": 1598700000, "incomeBeforeTaxRatio": 0.3129122546, "incomeTaxExpense": 100400000, "netIncome": 1498300000, "netIncomeRatio": 0.293261044, "eps": 9.07, "epsdiluted": 8.97, "weightedAverageShsOut": 165200000, "weightedAverageShsOutDil": 167000000, "link": "https://www.sec.gov/Archives/edgar/data/4127/000000412721000058/0000004127-21-000058-index.htm", "finalLink": "https://www.sec.gov/Archives/edgar/data/4127/000000412721000058/swks-20211001.htm", "calculatedOtherExpenses": 44900000, "calculatedOperatingExpenses": 899700000, "calculatedNetInterest": -12200000, "calculatedOtherIncome": -1800000, "calculatedIncomeNonControlling": 0, "calculatedEbitda": 2057700000}, {"date": "2020-10-02", "symbol": "SWKS", "reportedCurrency": "USD", "cik": "0000004127", "fillingDate": "2020-11-17", "acceptedDate": "2020-11-16 20:05:07", "calendarYear": "2020", "period": "FY", "revenue": 3355700000, "costOfRevenue": 1742800000, "grossProfit": 1612900000, "grossProfitRatio": 0.4806448729, "researchAndDevelopmentExpenses": 464100000, "generalAndAdministrativeExpenses": 0, "sellingAndMarketingExpenses": 0, "sellingGeneralAndAdministrativeExpenses": 231400000, "otherExpenses": 11800000, "operatingExpenses": 707300000, "costAndExpenses": 2450100000, "interestIncome": 9600000, "interestExpense": 0, "depreciationAndAmortization": 391900000, "ebitda": 1283700000, "ebitdaratio": 0.3825431356, "operatingIncome": 891800000, "operatingIncomeRatio": 0.2657567721, "totalOtherIncomeExpensesNet": -100000, "incomeBeforeTax": 891700000, "incomeBeforeTaxRatio": 0.265726972, "incomeTaxExpense": 76900000, "netIncome": 814800000, "netIncomeRatio": 0.2428107399, "eps": 4.84, "epsdiluted": 4.8, "weightedAverageShsOut": 168500000, "weightedAverageShsOutDil": 169900000, "link": "https://www.sec.gov/Archives/edgar/data/4127/000000412720000058/0000004127-20-000058-index.htm", "finalLink": "https://www.sec.gov/Archives/edgar/data/4127/000000412720000058/swks-20201002.htm", "calculatedOtherExpenses": 25600000, "calculatedOperatingExpenses": 721100000, "calculatedNetInterest": 9600000, "calculatedOtherIncome": -9700000, "calculatedIncomeNonControlling": 0, "calculatedEbitda": 1283700000}, {"date": "2019-09-27", "symbol": "SWKS", "reportedCurrency": "USD", "cik": "0000004127", "fillingDate": "2019-11-14", "acceptedDate": "2019-11-14 08:21:35", "calendarYear": "2019", "period": "FY", "revenue": 3376800000, "costOfRevenue": 1773000000, "grossProfit": 1603800000, "grossProfitRatio": 0.4749466951, "researchAndDevelopmentExpenses": 424100000, "generalAndAdministrativeExpenses": 0, "sellingAndMarketingExpenses": 0, "sellingGeneralAndAdministrativeExpenses": 198300000, "otherExpenses": 22600000, "operatingExpenses": 645000000, "costAndExpenses": 2418000000, "interestIncome": 18800000, "interestExpense": 0, "depreciationAndAmortization": 385200000, "ebitda": 1337200000, "ebitdaratio": 0.3959962094, "operatingIncome": 952000000, "operatingIncomeRatio": 0.2819237148, "totalOtherIncomeExpensesNet": 9000000, "incomeBeforeTax": 961000000, "incomeBeforeTaxRatio": 0.28458896, "incomeTaxExpense": 107400000, "netIncome": 853600000, "netIncomeRatio": 0.2527837005, "eps": 4.92, "epsdiluted": 4.89, "weightedAverageShsOut": 173500000, "weightedAverageShsOutDil": 174500000, "link": "https://www.sec.gov/Archives/edgar/data/4127/000000412719000049/0000004127-19-000049-index.htm", "finalLink": "https://www.sec.gov/Archives/edgar/data/4127/000000412719000049/fy1910k92719.htm", "calculatedOtherExpenses": 29400000, "calculatedOperatingExpenses": 651800000, "calculatedNetInterest": 18800000, "calculatedOtherIncome": -9800000, "calculatedIncomeNonControlling": 0, "calculatedEbitda": 1337200000}, {"date": "2018-09-28", "symbol": "SWKS", "reportedCurrency": "USD", "cik": "0000004127", "fillingDate": "2018-11-15", "acceptedDate": "2018-11-14 18:44:35", "calendarYear": "2018", "period": "FY", "revenue": 3868000000, "costOfRevenue": 1917300000, "grossProfit": 1950700000, "grossProfitRatio": 0.5043174767, "researchAndDevelopmentExpenses": 404500000, "generalAndAdministrativeExpenses": 0, "sellingAndMarketingExpenses": 0, "sellingGeneralAndAdministrativeExpenses": 207800000, "otherExpenses": 12800000, "operatingExpenses": 630600000, "costAndExpenses": 2547900000, "interestIncome": 0, "interestExpense": -11200000, "depreciationAndAmortization": 299200000, "ebitda": 1620100000, "ebitdaratio": 0.4188469493, "operatingIncome": 1319300000, "operatingIncomeRatio": 0.3410806618, "totalOtherIncomeExpensesNet": 12000000, "incomeBeforeTax": 1332100000, "incomeBeforeTaxRatio": 0.3443898656, "incomeTaxExpense": 413700000, "netIncome": 918400000, "netIncomeRatio": 0.2374353671, "eps": 5.07, "epsdiluted": 5.01, "weightedAverageShsOut": 181300000, "weightedAverageShsOutDil": 183200000, "link": "https://www.sec.gov/Archives/edgar/data/4127/000000412718000046/0000004127-18-000046-index.htm", "finalLink": "https://www.sec.gov/Archives/edgar/data/4127/000000412718000046/fy1810k92818.htm", "calculatedOtherExpenses": 19100000, "calculatedOperatingExpenses": 631400000, "calculatedNetInterest": 11200000, "calculatedOtherIncome": 1600000, "calculatedIncomeNonControlling": 0, "calculatedEbitda": 1618500000}, {"date": "2017-09-29", "symbol": "SWKS", "reportedCurrency": "USD", "cik": "0000004127", "fillingDate": "2017-11-13", "acceptedDate": "2017-11-13 16:12:38", "calendarYear": "2017", "period": "FY", "revenue": 3651400000, "costOfRevenue": 1809600000, "grossProfit": 1841800000, "grossProfitRatio": 0.5044092677, "researchAndDevelopmentExpenses": 355200000, "generalAndAdministrativeExpenses": 0, "sellingAndMarketingExpenses": 0, "sellingGeneralAndAdministrativeExpenses": 204600000, "otherExpenses": 3200000, "operatingExpenses": 587400000, "costAndExpenses": 2397000000, "interestIncome": 0, "interestExpense": -2000000, "depreciationAndAmortization": 254800000, "ebitda": 1509800000, "ebitdaratio": 0.4134852385, "operatingIncome": 1253800000, "operatingIncomeRatio": 0.3433751438, "totalOtherIncomeExpensesNet": 2600000, "incomeBeforeTax": 1257000000, "incomeBeforeTaxRatio": 0.34425152, "incomeTaxExpense": 246800000, "netIncome": 1010200000, "netIncomeRatio": 0.2766610067, "eps": 5.48, "epsdiluted": 5.41, "weightedAverageShsOut": 184300000, "weightedAverageShsOutDil": 186700000, "link": "https://www.sec.gov/Archives/edgar/data/4127/000000412717000033/0000004127-17-000033-index.htm", "finalLink": "https://www.sec.gov/Archives/edgar/data/4127/000000412717000033/fy1710k92917.htm", "calculatedOtherExpenses": 28200000, "calculatedOperatingExpenses": 588000000, "calculatedNetInterest": 2000000, "calculatedOtherIncome": 1200000, "calculatedIncomeNonControlling": 0, "calculatedEbitda": 1508600000}, {"date": "2016-09-30", "symbol": "SWKS", "reportedCurrency": "USD", "cik": "0000004127", "fillingDate": "2016-11-22", "acceptedDate": "2016-11-22 16:24:26", "calendarYear": "2016", "period": "FY", "revenue": 3289000000, "costOfRevenue": 1623800000, "grossProfit": 1665200000, "grossProfitRatio": 0.5062937063, "researchAndDevelopmentExpenses": 312400000, "generalAndAdministrativeExpenses": 0, "sellingAndMarketingExpenses": 0, "sellingGeneralAndAdministrativeExpenses": 195900000, "otherExpenses": -6600000, "operatingExpenses": 541700000, "costAndExpenses": 2165500000, "interestIncome": 0, "interestExpense": -160800000, "depreciationAndAmortization": 247800000, "ebitda": 1287600000, "ebitdaratio": 0.3914867741, "operatingIncome": 1118700000, "operatingIncomeRatio": 0.3401337793, "totalOtherIncomeExpensesNet": 77100000, "incomeBeforeTax": 1200600000, "incomeBeforeTaxRatio": 0.365034965, "incomeTaxExpense": 205400000, "netIncome": 995200000, "netIncomeRatio": 0.3025843721, "eps": 5.27, "epsdiluted": 5.18, "weightedAverageShsOut": 188700000, "weightedAverageShsOutDil": 192100000, "link": "https://www.sec.gov/Archives/edgar/data/4127/000000412716000068/0000004127-16-000068-index.htm", "finalLink": "https://www.sec.gov/Archives/edgar/data/4127/000000412716000068/fy1610k93016.htm", "calculatedOtherExpenses": 38200000, "calculatedOperatingExpenses": 546500000, "calculatedNetInterest": 160800000, "calculatedOtherIncome": -78900000, "calculatedIncomeNonControlling": 0, "calculatedEbitda": 1366500000}, {"date": "2015-10-02", "symbol": "SWKS", "reportedCurrency": "USD", "cik": "0000004127", "fillingDate": "2015-11-24", "acceptedDate": "2015-11-24 16:12:08", "calendarYear": "2015", "period": "FY", "revenue": 3258400000, "costOfRevenue": 1703900000, "grossProfit": 1554500000, "grossProfitRatio": 0.4770746379, "researchAndDevelopmentExpenses": 303200000, "generalAndAdministrativeExpenses": 0, "sellingAndMarketingExpenses": 0, "sellingGeneralAndAdministrativeExpenses": 191300000, "otherExpenses": 500000, "operatingExpenses": 528000000, "costAndExpenses": 2231900000, "interestIncome": 0, "interestExpense": 6300000, "depreciationAndAmortization": 33500000, "ebitda": 1063400000, "ebitdaratio": 0.326356494, "operatingIncome": 1023100000, "operatingIncomeRatio": 0.3139884606, "totalOtherIncomeExpensesNet": -2900000, "incomeBeforeTax": 1023600000, "incomeBeforeTaxRatio": 0.3141419101, "incomeTaxExpense": 225300000, "netIncome": 798300000, "netIncomeRatio": 0.2449975448, "eps": 4.21, "epsdiluted": 4.1, "weightedAverageShsOut": 189500000, "weightedAverageShsOutDil": 194900000, "link": "https://www.sec.gov/Archives/edgar/data/4127/000000412715000037/0000004127-15-000037-index.htm", "finalLink": "https://www.sec.gov/Archives/edgar/data/4127/000000412715000037/fy1510k1022015.htm", "calculatedOtherExpenses": 36900000, "calculatedOperatingExpenses": 531400000, "calculatedNetInterest": -6300000, "calculatedOtherIncome": 6800000, "calculatedIncomeNonControlling": 0, "calculatedEbitda": 1056600000}, {"date": "2014-10-03", "symbol": "SWKS", "reportedCurrency": "USD", "cik": "0000004127", "fillingDate": "2014-11-25", "acceptedDate": "2014-11-25 16:07:44", "calendarYear": "2014", "period": "FY", "revenue": 2291500000, "costOfRevenue": 1268800000, "grossProfit": 1022700000, "grossProfitRatio": 0.4463015492, "researchAndDevelopmentExpenses": 252200000, "generalAndAdministrativeExpenses": 0, "sellingAndMarketingExpenses": 0, "sellingGeneralAndAdministrativeExpenses": 179100000, "otherExpenses": 25900000, "operatingExpenses": 457200000, "costAndExpenses": 1726000000, "interestIncome": 0, "interestExpense": 600000, "depreciationAndAmortization": 25900000, "ebitda": 591700000, "ebitdaratio": 0.2582151429, "operatingIncome": 565200000, "operatingIncomeRatio": 0.2466506655, "totalOtherIncomeExpensesNet": -300000, "incomeBeforeTax": 565200000, "incomeBeforeTaxRatio": 0.2466506655, "incomeTaxExpense": 107500000, "netIncome": 457700000, "netIncomeRatio": 0.1997381628, "eps": 2.44, "epsdiluted": 2.38, "weightedAverageShsOut": 187200000, "weightedAverageShsOutDil": 192600000, "link": "https://www.sec.gov/Archives/edgar/data/4127/000000412714000046/0000004127-14-000046-index.htm", "finalLink": "https://www.sec.gov/Archives/edgar/data/4127/000000412714000046/fy1410k1032014.htm", "calculatedOtherExpenses": 26200000, "calculatedOperatingExpenses": 457500000, "calculatedNetInterest": -600000, "calculatedOtherIncome": 600000, "calculatedIncomeNonControlling": 0, "calculatedEbitda": 591100000}, {"date": "2013-09-27", "symbol": "SWKS", "reportedCurrency": "USD", "cik": "0000004127", "fillingDate": "2013-11-18", "acceptedDate": "2013-11-18 16:49:45", "calendarYear": "2013", "period": "FY", "revenue": 1792000000, "costOfRevenue": 1025400000, "grossProfit": 766600000, "grossProfitRatio": 0.4277901786, "researchAndDevelopmentExpenses": 226300000, "generalAndAdministrativeExpenses": 0, "sellingAndMarketingExpenses": 0, "sellingGeneralAndAdministrativeExpenses": 159700000, "otherExpenses": -600000, "operatingExpenses": 415100000, "costAndExpenses": 1440500000, "interestIncome": 0, "interestExpense": 6400000, "depreciationAndAmortization": 29100000, "ebitda": 380000000, "ebitdaratio": 0.2120535714, "operatingIncome": 345100000, "operatingIncomeRatio": 0.192578125, "totalOtherIncomeExpensesNet": -7000000, "incomeBeforeTax": 344500000, "incomeBeforeTaxRatio": 0.1922433036, "incomeTaxExpense": 66400000, "netIncome": 278100000, "netIncomeRatio": 0.1551897321, "eps": 1.48, "epsdiluted": 1.45, "weightedAverageShsOut": 187500000, "weightedAverageShsOutDil": 192200000, "link": "https://www.sec.gov/Archives/edgar/data/4127/000000412713000056/0000004127-13-000056-index.htm", "finalLink": "https://www.sec.gov/Archives/edgar/data/4127/000000412713000056/fy1310k9272013.htm", "calculatedOtherExpenses": 35500000, "calculatedOperatingExpenses": 421500000, "calculatedNetInterest": -6400000, "calculatedOtherIncome": 5800000, "calculatedIncomeNonControlling": 0, "calculatedEbitda": 374200000}, {"date": "2012-09-28", "symbol": "SWKS", "reportedCurrency": "USD", "cik": "0000004127", "fillingDate": "2012-11-21", "acceptedDate": "2012-11-21 16:15:13", "calendarYear": "2012", "period": "FY", "revenue": 1568581000, "costOfRevenue": 901484000, "grossProfit": 667097000, "grossProfitRatio": 0.4252869313, "researchAndDevelopmentExpenses": 212534000, "generalAndAdministrativeExpenses": 0, "sellingAndMarketingExpenses": 0, "sellingGeneralAndAdministrativeExpenses": 158433000, "otherExpenses": -130000, "operatingExpenses": 403711000, "costAndExpenses": 1305195000, "interestIncome": 0, "interestExpense": 667000, "depreciationAndAmortization": 32744000, "ebitda": 296000000, "ebitdaratio": 0.188705588, "operatingIncome": 255634000, "operatingIncomeRatio": 0.162971501, "totalOtherIncomeExpensesNet": -7743000, "incomeBeforeTax": 254976000, "incomeBeforeTaxRatio": 0.1625520136, "incomeTaxExpense": 52898000, "netIncome": 202078000, "netIncomeRatio": 0.1288285399, "eps": 1.09, "epsdiluted": 1.05, "weightedAverageShsOut": 185839000, "weightedAverageShsOutDil": 191846000, "link": "https://www.sec.gov/Archives/edgar/data/4127/000000412712000042/0000004127-12-000042-index.htm", "finalLink": "https://www.sec.gov/Archives/edgar/data/4127/000000412712000042/fy1210k9282012.htm", "calculatedOtherExpenses": 40496000, "calculatedOperatingExpenses": 411463000, "calculatedNetInterest": -667000, "calculatedOtherIncome": 9000, "calculatedIncomeNonControlling": 0, "calculatedEbitda": 288378000}, {"date": "2011-09-30", "symbol": "SWKS", "reportedCurrency": "USD", "cik": "0000004127", "fillingDate": "2011-11-28", "acceptedDate": "2011-11-28 16:52:58", "calendarYear": "2011", "period": "FY", "revenue": 1418922000, "costOfRevenue": 798618000, "grossProfit": 620304000, "grossProfitRatio": 0.4371656793, "researchAndDevelopmentExpenses": 168637000, "generalAndAdministrativeExpenses": 0, "sellingAndMarketingExpenses": 0, "sellingGeneralAndAdministrativeExpenses": 137238000, "otherExpenses": 498000, "operatingExpenses": 322617000, "costAndExpenses": 1121235000, "interestIncome": 0, "interestExpense": 1936000, "depreciationAndAmortization": 16742000, "ebitda": 314429000, "ebitdaratio": 0.2215970998, "operatingIncome": 295324000, "operatingIncomeRatio": 0.2081326528, "totalOtherIncomeExpensesNet": -1865000, "incomeBeforeTax": 293886000, "incomeBeforeTaxRatio": 0.2071192074, "incomeTaxExpense": 67301000, "netIncome": 226585000, "netIncomeRatio": 0.1596881294, "eps": 1.24, "epsdiluted": 1.19, "weightedAverageShsOut": 182879000, "weightedAverageShsOutDil": 190667000, "link": "https://www.sec.gov/Archives/edgar/data/4127/000000412711000015/0000004127-11-000015-index.htm", "finalLink": "https://www.sec.gov/Archives/edgar/data/4127/000000412711000015/swks930201110k.htm", "calculatedOtherExpenses": 19105000, "calculatedOperatingExpenses": 324980000, "calculatedNetInterest": -1936000, "calculatedOtherIncome": 498000, "calculatedIncomeNonControlling": 0, "calculatedEbitda": 312066000}, {"date": "2010-10-01", "symbol": "SWKS", "reportedCurrency": "USD", "cik": "0000004127", "fillingDate": "2010-11-29", "acceptedDate": "2010-11-29 17:22:34", "calendarYear": "2010", "period": "FY", "revenue": 1071849000, "costOfRevenue": 615016000, "grossProfit": 456833000, "grossProfitRatio": 0.4262102218, "researchAndDevelopmentExpenses": 134140000, "generalAndAdministrativeExpenses": 0, "sellingAndMarketingExpenses": 0, "sellingGeneralAndAdministrativeExpenses": 117853000, "otherExpenses": 6136000, "operatingExpenses": 258129000, "costAndExpenses": 873145000, "interestIncome": 0, "interestExpense": 4246000, "depreciationAndAmortization": 6136000, "ebitda": 204840000, "ebitdaratio": 0.1911090088, "operatingIncome": 199744000, "operatingIncomeRatio": 0.1863546078, "totalOtherIncomeExpensesNet": 616000, "incomeBeforeTax": 195074000, "incomeBeforeTaxRatio": 0.1819976508, "incomeTaxExpense": 57780000, "netIncome": 137294000, "netIncomeRatio": 0.1280908038, "eps": 0.78, "epsdiluted": 0.75, "weightedAverageShsOut": 175020000, "weightedAverageShsOutDil": 182738000, "link": "https://www.sec.gov/Archives/edgar/data/4127/000095012310109435/0000950123-10-109435-index.htm", "finalLink": "https://www.sec.gov/Archives/edgar/data/4127/000095012310109435/a57120e10vk.htm", "calculatedOtherExpenses": 5096000, "calculatedOperatingExpenses": 257089000, "calculatedNetInterest": -4246000, "calculatedOtherIncome": -424000, "calculatedIncomeNonControlling": 0, "calculatedEbitda": 205880000}, {"date": "2009-10-02", "symbol": "SWKS", "reportedCurrency": "USD", "cik": "0000004127", "fillingDate": "2009-11-30", "acceptedDate": "2009-11-30 17:14:41", "calendarYear": "2009", "period": "FY", "revenue": 802577000, "costOfRevenue": 484357000, "grossProfit": 318220000, "grossProfitRatio": 0.3964977815, "researchAndDevelopmentExpenses": 123996000, "generalAndAdministrativeExpenses": 0, "sellingAndMarketingExpenses": 0, "sellingGeneralAndAdministrativeExpenses": 100421000, "otherExpenses": 6118000, "operatingExpenses": 230535000, "costAndExpenses": 714892000, "interestIncome": 0, "interestExpense": 3644000, "depreciationAndAmortization": 50531000, "ebitda": 138216000, "ebitdaratio": 0.1722152516, "operatingIncome": 71703000, "operatingIncomeRatio": 0.0893409604, "totalOtherIncomeExpensesNet": -18295000, "incomeBeforeTax": 65746000, "incomeBeforeTaxRatio": 0.0819186196, "incomeTaxExpense": -27543000, "netIncome": 93289000, "netIncomeRatio": 0.1162368221, "eps": 0.57, "epsdiluted": 0.56, "weightedAverageShsOut": 167047000, "weightedAverageShsOutDil": 169663000, "link": "https://www.sec.gov/Archives/edgar/data/4127/000095012309066947/0000950123-09-066947-index.htm", "finalLink": "https://www.sec.gov/Archives/edgar/data/4127/000095012309066947/a54461e10vk.htm", "calculatedOtherExpenses": 22100000, "calculatedOperatingExpenses": 246517000, "calculatedNetInterest": -3644000, "calculatedOtherIncome": -2313000, "calculatedIncomeNonControlling": 0, "calculatedEbitda": 122234000}, {"date": "2008-10-03", "symbol": "SWKS", "reportedCurrency": "USD", "cik": "0000004127", "fillingDate": "2008-12-02", "acceptedDate": "2008-12-02 17:21:28", "calendarYear": "2008", "period": "FY", "revenue": 860017000, "costOfRevenue": 517054000, "grossProfit": 342963000, "grossProfitRatio": 0.3987863031, "researchAndDevelopmentExpenses": 146013000, "generalAndAdministrativeExpenses": 0, "sellingAndMarketingExpenses": 0, "sellingGeneralAndAdministrativeExpenses": 100007000, "otherExpenses": 6005000, "operatingExpenses": 252025000, "costAndExpenses": 769079000, "interestIncome": 0, "interestExpense": 10170000, "depreciationAndAmortization": 53398000, "ebitda": 145756000, "ebitdaratio": 0.1694803707, "operatingIncome": 90371000, "operatingIncomeRatio": 0.105080481, "totalOtherIncomeExpensesNet": -1420000, "incomeBeforeTax": 82188000, "incomeBeforeTaxRatio": 0.0955655528, "incomeTaxExpense": -28818000, "netIncome": 111006000, "netIncomeRatio": 0.1290741927, "eps": 0.69, "epsdiluted": 0.68, "weightedAverageShsOut": 161878000, "weightedAverageShsOutDil": 164755000, "link": "https://www.sec.gov/Archives/edgar/data/4127/000089256908001542/0000892569-08-001542-index.htm", "finalLink": "https://www.sec.gov/Archives/edgar/data/4127/000089256908001542/a50645e10vk.htm", "calculatedOtherExpenses": 6572000, "calculatedOperatingExpenses": 252592000, "calculatedNetInterest": -10170000, "calculatedOtherIncome": 1987000, "calculatedIncomeNonControlling": 0, "calculatedEbitda": 143769000}, {"date": "2007-09-28", "symbol": "SWKS", "reportedCurrency": "USD", "cik": "0000004127", "fillingDate": "2007-11-27", "acceptedDate": "2007-11-27 16:35:04", "calendarYear": "2007", "period": "FY", "revenue": 741744000, "costOfRevenue": 454359000, "grossProfit": 287385000, "grossProfitRatio": 0.3874449945, "researchAndDevelopmentExpenses": 126075000, "generalAndAdministrativeExpenses": 0, "sellingAndMarketingExpenses": 0, "sellingGeneralAndAdministrativeExpenses": 94950000, "otherExpenses": 2144000, "operatingExpenses": 223169000, "costAndExpenses": 677528000, "interestIncome": 0, "interestExpense": 2302000, "depreciationAndAmortization": 43692000, "ebitda": 102764000, "ebitdaratio": 0.1385437563, "operatingIncome": 58486000, "operatingIncomeRatio": 0.0788493065, "totalOtherIncomeExpensesNet": 5144000, "incomeBeforeTax": 56770000, "incomeBeforeTaxRatio": 0.0765358399, "incomeTaxExpense": -880000, "netIncome": 57650000, "netIncomeRatio": 0.077722233, "eps": 0.36, "epsdiluted": 0.36, "weightedAverageShsOut": 159993000, "weightedAverageShsOutDil": 161064000, "link": "https://www.sec.gov/Archives/edgar/data/4127/000089256907001468/0000892569-07-001468-index.htm", "finalLink": "https://www.sec.gov/Archives/edgar/data/4127/000089256907001468/a35868e10vk.htm", "calculatedOtherExpenses": 7874000, "calculatedOperatingExpenses": 228899000, "calculatedNetInterest": -2302000, "calculatedOtherIncome": 586000, "calculatedIncomeNonControlling": 0, "calculatedEbitda": 102178000}, {"date": "2006-09-29", "symbol": "SWKS", "reportedCurrency": "USD", "cik": "0000004127", "fillingDate": "2006-12-13", "acceptedDate": "2006-12-13 16:58:58", "calendarYear": "2006", "period": "FY", "revenue": 773750000, "costOfRevenue": 511071000, "grossProfit": 262679000, "grossProfitRatio": 0.3394882068, "researchAndDevelopmentExpenses": 164106000, "generalAndAdministrativeExpenses": 0, "sellingAndMarketingExpenses": 0, "sellingGeneralAndAdministrativeExpenses": 135801000, "otherExpenses": 2144000, "operatingExpenses": 302051000, "costAndExpenses": 813122000, "interestIncome": 0, "interestExpense": 52007000, "depreciationAndAmortization": 42353000, "ebitda": 21586000, "ebitdaratio": 0.0278978998, "operatingIncome": -66327000, "operatingIncomeRatio": -0.0857214863, "totalOtherIncomeExpensesNet": -18605000, "incomeBeforeTax": -72774000, "incomeBeforeTaxRatio": -0.0940536349, "incomeTaxExpense": 15378000, "netIncome": -88152000, "netIncomeRatio": -0.1139282714, "eps": -0.55, "epsdiluted": -0.55, "weightedAverageShsOut": 159408000, "weightedAverageShsOutDil": 159408000, "link": "https://www.sec.gov/Archives/edgar/data/4127/000089256906001446/0000892569-06-001446-index.htm", "finalLink": "https://www.sec.gov/Archives/edgar/data/4127/000089256906001446/a25760e10vk.htm", "calculatedOtherExpenses": 29099000, "calculatedOperatingExpenses": 329006000, "calculatedNetInterest": -52007000, "calculatedOtherIncome": 45560000, "calculatedIncomeNonControlling": 0, "calculatedEbitda": -23974000}, {"date": "2005-09-30", "symbol": "SWKS", "reportedCurrency": "USD", "cik": "0000004127", "fillingDate": "2005-12-14", "acceptedDate": "2005-12-14 17:25:06", "calendarYear": "2005", "period": "FY", "revenue": 792371000, "costOfRevenue": 484599000, "grossProfit": 307772000, "grossProfitRatio": 0.3884190613, "researchAndDevelopmentExpenses": 152215000, "generalAndAdministrativeExpenses": 0, "sellingAndMarketingExpenses": 0, "sellingGeneralAndAdministrativeExpenses": 103070000, "otherExpenses": 2354000, "operatingExpenses": 257639000, "costAndExpenses": 742238000, "interestIncome": 0, "interestExpense": 3691000, "depreciationAndAmortization": 41227000, "ebitda": 85907000, "ebitdaratio": 0.1084176478, "operatingIncome": 50133000, "operatingIncomeRatio": 0.0632696048, "totalOtherIncomeExpensesNet": 5453000, "incomeBeforeTax": 40989000, "incomeBeforeTaxRatio": 0.051729556, "incomeTaxExpense": 15378000, "netIncome": 25611000, "netIncomeRatio": 0.0323219805, "eps": 0.16, "epsdiluted": 0.16, "weightedAverageShsOut": 157453000, "weightedAverageShsOutDil": 158857000, "link": "https://www.sec.gov/Archives/edgar/data/4127/000089256905001238/0000892569-05-001238-index.htm", "finalLink": "https://www.sec.gov/Archives/edgar/data/4127/000089256905001238/a15329e10vk.htm", "calculatedOtherExpenses": 2354000, "calculatedOperatingExpenses": 257639000, "calculatedNetInterest": -3691000, "calculatedOtherIncome": -5453000, "calculatedIncomeNonControlling": 0, "calculatedEbitda": 91360000}, {"date": "2004-10-01", "symbol": "SWKS", "reportedCurrency": "USD", "cik": "0000004127", "fillingDate": "2004-12-13", "acceptedDate": "2004-12-13 17:02:47", "calendarYear": "2004", "period": "FY", "revenue": 784023000, "costOfRevenue": 470807000, "grossProfit": 313216000, "grossProfitRatio": 0.3994984841, "researchAndDevelopmentExpenses": 152633000, "generalAndAdministrativeExpenses": 0, "sellingAndMarketingExpenses": 0, "sellingGeneralAndAdministrativeExpenses": 97522000, "otherExpenses": 20409000, "operatingExpenses": 270564000, "costAndExpenses": 741371000, "interestIncome": 0, "interestExpense": 31931000, "depreciationAndAmortization": 41048000, "ebitda": 99375000, "ebitdaratio": 0.1267501081, "operatingIncome": 42652000, "operatingIncomeRatio": 0.0544014653, "totalOtherIncomeExpensesNet": -15675000, "incomeBeforeTax": 26396000, "incomeBeforeTaxRatio": 0.0336673797, "incomeTaxExpense": 3984000, "netIncome": 22412000, "netIncomeRatio": 0.0285858961, "eps": 0.15, "epsdiluted": 0.15, "weightedAverageShsOut": 149413333, "weightedAverageShsOutDil": 149413333, "link": "https://www.sec.gov/Archives/edgar/data/4127/000000412704000082/0000004127-04-000082-index.htm", "finalLink": "https://www.sec.gov/Archives/edgar/data/4127/000000412704000082/tenk.htm", "calculatedOtherExpenses": 20409000, "calculatedOperatingExpenses": 270564000, "calculatedNetInterest": -31931000, "calculatedOtherIncome": 15675000, "calculatedIncomeNonControlling": 0, "calculatedEbitda": 83700000}, {"date": "2003-09-27", "symbol": "SWKS", "reportedCurrency": "USD", "cik": "0000004127", "fillingDate": "2003-12-22", "acceptedDate": "2003-12-22 14:50:11", "calendarYear": "2003", "period": "FY", "revenue": 617789000, "costOfRevenue": 380465000, "grossProfit": 237324000, "grossProfitRatio": 0.3841505757, "researchAndDevelopmentExpenses": 151762000, "generalAndAdministrativeExpenses": 0, "sellingAndMarketingExpenses": 0, "sellingGeneralAndAdministrativeExpenses": 80222000, "otherExpenses": 38879000, "operatingExpenses": 270863000, "costAndExpenses": 651328000, "interestIncome": 0, "interestExpense": 450401000, "depreciationAndAmortization": 43450000, "ebitda": 43087000, "ebitdaratio": 0.069743877, "operatingIncome": -33539000, "operatingIncomeRatio": -0.054288762, "totalOtherIncomeExpensesNet": -33176000, "incomeBeforeTax": -53625000, "incomeBeforeTaxRatio": -0.0868014808, "incomeTaxExpense": 652000, "netIncome": -451416000, "netIncomeRatio": -0.7306960791, "eps": -3.24, "epsdiluted": -3.24, "weightedAverageShsOut": 139376000, "weightedAverageShsOutDil": 139376000, "link": "https://www.sec.gov/Archives/edgar/data/4127/000000412703000048/0000004127-03-000048-index.htm", "finalLink": "https://www.sec.gov/Archives/edgar/data/4127/000000412703000048/tenk.htm", "calculatedOtherExpenses": 38879000, "calculatedOperatingExpenses": 270863000, "calculatedNetInterest": -450401000, "calculatedOtherIncome": 430315000, "calculatedIncomeNonControlling": 397139000, "calculatedEbitda": 9911000}, {"date": "2002-09-27", "symbol": "SWKS", "reportedCurrency": "USD", "cik": "0000004127", "fillingDate": "2002-12-23", "acceptedDate": "2002-12-23 08:02:39", "calendarYear": "2002", "period": "FY", "revenue": 457769000, "costOfRevenue": 331608000, "grossProfit": 126161000, "grossProfitRatio": 0.275599702, "researchAndDevelopmentExpenses": 132603000, "generalAndAdministrativeExpenses": 0, "sellingAndMarketingExpenses": 0, "sellingGeneralAndAdministrativeExpenses": 50178000, "otherExpenses": 129250000, "operatingExpenses": 312031000, "costAndExpenses": 643639000, "interestIncome": 0, "interestExpense": 251660000, "depreciationAndAmortization": 60626000, "ebitda": 56633000, "ebitdaratio": 0.1237152363, "operatingIncome": -251370000, "operatingIncomeRatio": -0.5491197525, "totalOtherIncomeExpensesNet": -181877000, "incomeBeforeTax": -255653000, "incomeBeforeTaxRatio": -0.5584759999, "incomeTaxExpense": -19589000, "netIncome": -236064000, "netIncomeRatio": -0.5156836745, "eps": -1.72, "epsdiluted": -1.72, "weightedAverageShsOut": 137416000, "weightedAverageShsOutDil": 137416000, "link": "https://www.sec.gov/Archives/edgar/data/4127/000095013502005681/0000950135-02-005681-index.htm", "finalLink": "https://www.sec.gov/Archives/edgar/data/4127/000095013502005681/b45002sse10vk.txt", "calculatedOtherExpenses": 194750000, "calculatedOperatingExpenses": 377531000, "calculatedNetInterest": -251660000, "calculatedOtherIncome": 247377000, "calculatedIncomeNonControlling": 0, "calculatedEbitda": -190744000}, {"date": "2002-03-31", "symbol": "SWKS", "reportedCurrency": "USD", "cik": "0000004127", "fillingDate": "2002-07-01", "acceptedDate": "2002-07-01 17:18:11", "calendarYear": "2001", "period": "FY", "revenue": 271568000, "costOfRevenue": 151632000, "grossProfit": 119936000, "grossProfitRatio": 0.4416426088, "researchAndDevelopmentExpenses": 36026000, "generalAndAdministrativeExpenses": 51300000, "sellingAndMarketingExpenses": -8050000, "sellingGeneralAndAdministrativeExpenses": 43250000, "otherExpenses": 0, "operatingExpenses": 79276000, "costAndExpenses": 230908000, "interestIncome": 0, "interestExpense": -8543000, "depreciationAndAmortization": 16010000, "ebitda": 56737000, "ebitdaratio": 0.2089237318, "operatingIncome": 40660000, "operatingIncomeRatio": 0.1497230896, "totalOtherIncomeExpensesNet": -67000, "incomeBeforeTax": 49270000, "incomeBeforeTaxRatio": 0.181427856, "incomeTaxExpense": 15897000, "netIncome": 33373000, "netIncomeRatio": 0.1228900312, "eps": 0.78, "epsdiluted": 0.75, "weightedAverageShsOut": 43029000, "weightedAverageShsOutDil": 44752000, "link": "https://www.sec.gov/Archives/edgar/data/4127/000095013502003198/0000950135-02-003198-index.htm", "finalLink": "https://www.sec.gov/Archives/edgar/data/4127/000095013502003198/b43490aie10vk.txt", "calculatedOtherExpenses": 0, "calculatedOperatingExpenses": 79276000, "calculatedNetInterest": 8543000, "calculatedOtherIncome": 67000, "calculatedIncomeNonControlling": 0, "calculatedEbitda": 56670000}, {"date": "2000-04-02", "symbol": "SWKS", "reportedCurrency": "USD", "cik": "0000004127", "fillingDate": "2000-06-30", "acceptedDate": "2000-06-30 00:00:00", "calendarYear": "2000", "period": "FY", "revenue": 184705000, "costOfRevenue": 103065000, "grossProfit": 81640000, "grossProfitRatio": 0.4420021115, "researchAndDevelopmentExpenses": 20728000, "generalAndAdministrativeExpenses": 52400000, "sellingAndMarketingExpenses": -22397000, "sellingGeneralAndAdministrativeExpenses": 30003000, "otherExpenses": 0, "operatingExpenses": 50731000, "costAndExpenses": 153796000, "interestIncome": 0, "interestExpense": -5646000, "depreciationAndAmortization": 9905000, "ebitda": 41078000, "ebitdaratio": 0.2223978777, "operatingIncome": 30909000, "operatingIncomeRatio": 0.1673425192, "totalOtherIncomeExpensesNet": -264000, "incomeBeforeTax": 36819000, "incomeBeforeTaxRatio": 0.1993394873, "incomeTaxExpense": 12439000, "netIncome": 24380000, "netIncomeRatio": 0.1319942611, "eps": 0.3, "epsdiluted": 0.28, "weightedAverageShsOut": 81318000, "weightedAverageShsOutDil": 85644000, "link": "https://www.sec.gov/Archives/edgar/data/4127/000095013500003477/0000950135-00-003477-index.htm", "finalLink": "https://www.sec.gov/Archives/edgar/data/4127/000095013500003477/e10-k405.txt", "calculatedOtherExpenses": 0, "calculatedOperatingExpenses": 50731000, "calculatedNetInterest": 5646000, "calculatedOtherIncome": 264000, "calculatedIncomeNonControlling": 0, "calculatedEbitda": 40814000}, {"date": "1999-03-28", "symbol": "SWKS", "reportedCurrency": "USD", "cik": "0000004127", "fillingDate": "1999-06-25", "acceptedDate": "1999-06-25 00:00:00", "calendarYear": "1999", "period": "FY", "revenue": 126339000, "costOfRevenue": 71131000, "grossProfit": 55208000, "grossProfitRatio": 0.4369830377, "researchAndDevelopmentExpenses": 12886000, "generalAndAdministrativeExpenses": 27200000, "sellingAndMarketingExpenses": -4433000, "sellingGeneralAndAdministrativeExpenses": 22767000, "otherExpenses": 0, "operatingExpenses": 35653000, "costAndExpenses": 106784000, "interestIncome": 0, "interestExpense": -614000, "depreciationAndAmortization": 7941000, "ebitda": 27552000, "ebitdaratio": 0.2180799278, "operatingIncome": 19555000, "operatingIncomeRatio": 0.1547819755, "totalOtherIncomeExpensesNet": -56000, "incomeBeforeTax": 20225000, "incomeBeforeTaxRatio": 0.1600851677, "incomeTaxExpense": -1265000, "netIncome": 21490000, "netIncomeRatio": 0.1700979112, "eps": 0.34, "epsdiluted": 0.33, "weightedAverageShsOut": 63298000, "weightedAverageShsOutDil": 65402000, "link": "https://www.sec.gov/Archives/edgar/data/4127/000095013599003292/0000950135-99-003292-index.html", "finalLink": "https://www.sec.gov/Archives/edgar/data/4127/000095013599003292/", "calculatedOtherExpenses": 0, "calculatedOperatingExpenses": 35653000, "calculatedNetInterest": 614000, "calculatedOtherIncome": 56000, "calculatedIncomeNonControlling": 0, "calculatedEbitda": 27496000}, {"date": "1998-03-29", "symbol": "SWKS", "reportedCurrency": "USD", "cik": "0000004127", "fillingDate": "1998-06-25", "acceptedDate": "1998-06-25 00:00:00", "calendarYear": "1998", "period": "FY", "revenue": 116881000, "costOfRevenue": 72799000, "grossProfit": 44082000, "grossProfitRatio": 0.3771528307, "researchAndDevelopmentExpenses": 10035000, "generalAndAdministrativeExpenses": 21200000, "sellingAndMarketingExpenses": 1159000, "sellingGeneralAndAdministrativeExpenses": 22359000, "otherExpenses": 0, "operatingExpenses": 32394000, "costAndExpenses": 105193000, "interestIncome": 0, "interestExpense": 407000, "depreciationAndAmortization": 6773000, "ebitda": 18627000, "ebitdaratio": 0.1593672197, "operatingIncome": 11688000, "operatingIncomeRatio": 0.0999991444, "totalOtherIncomeExpensesNet": -166000, "incomeBeforeTax": 11447000, "incomeBeforeTaxRatio": 0.0979372182, "incomeTaxExpense": 1145000, "netIncome": 10302000, "netIncomeRatio": 0.0881409297, "eps": 0.11, "epsdiluted": 0.11, "weightedAverageShsOut": 91812000, "weightedAverageShsOutDil": 94266000, "link": "https://www.sec.gov/Archives/edgar/data/4127/000092701698002518/0000927016-98-002518-index.html", "finalLink": "https://www.sec.gov/Archives/edgar/data/4127/", "calculatedOtherExpenses": 0, "calculatedOperatingExpenses": 32394000, "calculatedNetInterest": -407000, "calculatedOtherIncome": 166000, "calculatedIncomeNonControlling": 0, "calculatedEbitda": 18461000}, {"date": "1997-03-30", "symbol": "SWKS", "reportedCurrency": "USD", "cik": "0000004127", "fillingDate": "1997-06-27", "acceptedDate": "1997-06-27 00:00:00", "calendarYear": "1997", "period": "FY", "revenue": 85253000, "costOfRevenue": 68519000, "grossProfit": 16734000, "grossProfitRatio": 0.1962863477, "researchAndDevelopmentExpenses": 9545000, "generalAndAdministrativeExpenses": 0, "sellingAndMarketingExpenses": 0, "sellingGeneralAndAdministrativeExpenses": 20441000, "otherExpenses": 2074000, "operatingExpenses": 32060000, "costAndExpenses": 100579000, "interestIncome": 0, "interestExpense": 246000, "depreciationAndAmortization": 5921000, "ebitda": -7224000, "ebitdaratio": -0.084736021, "operatingIncome": -15326000, "operatingIncomeRatio": -0.1797707999, "totalOtherIncomeExpensesNet": -2181000, "incomeBeforeTax": -15572000, "incomeBeforeTaxRatio": -0.1826563288, "incomeTaxExpense": 2427000, "netIncome": -15572000, "netIncomeRatio": -0.1826563288, "eps": -0.18, "epsdiluted": -0.18, "weightedAverageShsOut": 88587000, "weightedAverageShsOutDil": 88587000, "link": "https://www.sec.gov/Archives/edgar/data/4127/000092701697001814/0000927016-97-001814-index.html", "finalLink": "https://www.sec.gov/Archives/edgar/data/4127/", "calculatedOtherExpenses": 2074000, "calculatedOperatingExpenses": 32060000, "calculatedNetInterest": -246000, "calculatedOtherIncome": 0, "calculatedIncomeNonControlling": -2427000, "calculatedEbitda": -9405000}, {"date": "1996-03-31", "symbol": "SWKS", "reportedCurrency": "USD", "cik": "0000004127", "fillingDate": "1996-07-01", "acceptedDate": "1996-07-01 00:00:00", "calendarYear": "1996", "period": "FY", "revenue": 96900000, "costOfRevenue": 61300000, "grossProfit": 35600000, "grossProfitRatio": 0.3673890609, "researchAndDevelopmentExpenses": 9100000, "generalAndAdministrativeExpenses": 0, "sellingAndMarketingExpenses": 0, "sellingGeneralAndAdministrativeExpenses": 17200000, "otherExpenses": 4700000, "operatingExpenses": 31000000, "costAndExpenses": 92300000, "interestIncome": 0, "interestExpense": -600000, "depreciationAndAmortization": 4700000, "ebitda": 8600000, "ebitdaratio": 0.08875129, "operatingIncome": 4600000, "operatingIncomeRatio": 0.0474716202, "totalOtherIncomeExpensesNet": 700000, "incomeBeforeTax": 4500000, "incomeBeforeTaxRatio": 0.0464396285, "incomeTaxExpense": 700000, "netIncome": 3800000, "netIncomeRatio": 0.0392156863, "eps": 0.0483, "epsdiluted": 0.0483, "weightedAverageShsOut": 78756000, "weightedAverageShsOutDil": 78756000, "link": "https://www.sec.gov/Archives/edgar/data/4127/000092701696000491/0000927016-96-000491-index.html", "finalLink": "https://www.sec.gov/Archives/edgar/data/4127/", "calculatedOtherExpenses": 4700000, "calculatedOperatingExpenses": 31000000, "calculatedNetInterest": 600000, "calculatedOtherIncome": -700000, "calculatedIncomeNonControlling": 0, "calculatedEbitda": 9300000}, {"date": "1995-04-02", "symbol": "SWKS", "reportedCurrency": "USD", "cik": "0000004127", "fillingDate": "1995-06-30", "acceptedDate": "1995-06-30 00:00:00", "calendarYear": "1995", "period": "FY", "revenue": 78300000, "costOfRevenue": 50200000, "grossProfit": 28100000, "grossProfitRatio": 0.3588761175, "researchAndDevelopmentExpenses": 4200000, "generalAndAdministrativeExpenses": 0, "sellingAndMarketingExpenses": 0, "sellingGeneralAndAdministrativeExpenses": 15700000, "otherExpenses": 4200000, "operatingExpenses": 24100000, "costAndExpenses": 74300000, "interestIncome": 0, "interestExpense": 600000, "depreciationAndAmortization": 4200000, "ebitda": 8100000, "ebitdaratio": 0.1034482759, "operatingIncome": 4000000, "operatingIncomeRatio": 0.0510855683, "totalOtherIncomeExpensesNet": 100000, "incomeBeforeTax": 3300000, "incomeBeforeTaxRatio": 0.0421455939, "incomeTaxExpense": 500000, "netIncome": 2800000, "netIncomeRatio": 0.0357598978, "eps": 0.12, "epsdiluted": 0.12, "weightedAverageShsOut": 23184000, "weightedAverageShsOutDil": 23184000, "link": "https://www.sec.gov/Archives/edgar/data/4127/000095013595001444/0000950135-95-001444-index.html", "finalLink": "https://www.sec.gov/Archives/edgar/data/4127/", "calculatedOtherExpenses": 4200000, "calculatedOperatingExpenses": 24100000, "calculatedNetInterest": -600000, "calculatedOtherIncome": -100000, "calculatedIncomeNonControlling": 0, "calculatedEbitda": 8200000}, {"date": "1994-03-31", "symbol": "SWKS", "reportedCurrency": "USD", "cik": "0000004127", "fillingDate": "1994-03-31", "acceptedDate": "1994-03-31 00:00:00", "calendarYear": "1994", "period": "FY", "revenue": 70100000, "costOfRevenue": 50900000, "grossProfit": 19200000, "grossProfitRatio": 0.2738944365, "researchAndDevelopmentExpenses": 3400000, "generalAndAdministrativeExpenses": 0, "sellingAndMarketingExpenses": 0, "sellingGeneralAndAdministrativeExpenses": 16300000, "otherExpenses": 4500000, "operatingExpenses": 24200000, "costAndExpenses": 75100000, "interestIncome": 0, "interestExpense": 11600000, "depreciationAndAmortization": 4500000, "ebitda": 4900000, "ebitdaratio": 0.0699001427, "operatingIncome": -5000000, "operatingIncomeRatio": -0.0713266762, "totalOtherIncomeExpensesNet": -5400000, "incomeBeforeTax": -11200000, "incomeBeforeTaxRatio": -0.1597717546, "incomeTaxExpense": 300000, "netIncome": -11500000, "netIncomeRatio": -0.1640513552, "eps": -0.51, "epsdiluted": -0.51, "weightedAverageShsOut": 22564000, "weightedAverageShsOutDil": 22564000, "link": null, "finalLink": null, "calculatedOtherExpenses": 4500000, "calculatedOperatingExpenses": 24200000, "calculatedNetInterest": -11600000, "calculatedOtherIncome": 5400000, "calculatedIncomeNonControlling": 0, "calculatedEbitda": -500000}, {"date": "1993-03-31", "symbol": "SWKS", "reportedCurrency": "USD", "cik": "0000004127", "fillingDate": "1993-03-31", "acceptedDate": "1993-03-31 00:00:00", "calendarYear": "1993", "period": "FY", "revenue": 69500000, "costOfRevenue": 47700000, "grossProfit": 21800000, "grossProfitRatio": 0.3136690647, "researchAndDevelopmentExpenses": 0, "generalAndAdministrativeExpenses": 0, "sellingAndMarketingExpenses": 0, "sellingGeneralAndAdministrativeExpenses": 19200000, "otherExpenses": 4700000, "operatingExpenses": 23900000, "costAndExpenses": 71600000, "interestIncome": 0, "interestExpense": 500000, "depreciationAndAmortization": 4700000, "ebitda": 2400000, "ebitdaratio": 0.0345323741, "operatingIncome": -2100000, "operatingIncomeRatio": -0.0302158273, "totalOtherIncomeExpensesNet": 200000, "incomeBeforeTax": -2800000, "incomeBeforeTaxRatio": -0.0402877698, "incomeTaxExpense": 200000, "netIncome": -3000000, "netIncomeRatio": -0.0431654676, "eps": -0.13, "epsdiluted": -0.13, "weightedAverageShsOut": 22434000, "weightedAverageShsOutDil": 22434000, "link": null, "finalLink": null, "calculatedOtherExpenses": 4700000, "calculatedOperatingExpenses": 23900000, "calculatedNetInterest": -500000, "calculatedOtherIncome": -200000, "calculatedIncomeNonControlling": 0, "calculatedEbitda": 2600000}, {"date": "1992-03-31", "symbol": "SWKS", "reportedCurrency": "USD", "cik": "0000004127", "fillingDate": "1992-03-31", "acceptedDate": "1992-03-31 00:00:00", "calendarYear": "1992", "period": "FY", "revenue": 71000000, "costOfRevenue": 46200000, "grossProfit": 24800000, "grossProfitRatio": 0.3492957746, "researchAndDevelopmentExpenses": 0, "generalAndAdministrativeExpenses": 0, "sellingAndMarketingExpenses": 0, "sellingGeneralAndAdministrativeExpenses": 19900000, "otherExpenses": 4800000, "operatingExpenses": 24700000, "costAndExpenses": 70900000, "interestIncome": 0, "interestExpense": -900000, "depreciationAndAmortization": 4800000, "ebitda": 4100000, "ebitdaratio": 0.0577464789, "operatingIncome": 100000, "operatingIncomeRatio": 0.0014084507, "totalOtherIncomeExpensesNet": 800000, "incomeBeforeTax": 200000, "incomeBeforeTaxRatio": 0.0028169014, "incomeTaxExpense": 100000, "netIncome": 100000, "netIncomeRatio": 0.0014084507, "eps": 0.0045, "epsdiluted": 0.0045, "weightedAverageShsOut": 22348000, "weightedAverageShsOutDil": 22348000, "link": null, "finalLink": null, "calculatedOtherExpenses": 4800000, "calculatedOperatingExpenses": 24700000, "calculatedNetInterest": 900000, "calculatedOtherIncome": -800000, "calculatedIncomeNonControlling": 0, "calculatedEbitda": 4900000}, {"date": "1991-03-31", "symbol": "SWKS", "reportedCurrency": "USD", "cik": "0000004127", "fillingDate": "1991-03-31", "acceptedDate": "1991-03-31 00:00:00", "calendarYear": "1991", "period": "FY", "revenue": 66300000, "costOfRevenue": 42400000, "grossProfit": 23900000, "grossProfitRatio": 0.3604826546, "researchAndDevelopmentExpenses": 0, "generalAndAdministrativeExpenses": 0, "sellingAndMarketingExpenses": 0, "sellingGeneralAndAdministrativeExpenses": 16000000, "otherExpenses": 5100000, "operatingExpenses": 21100000, "costAndExpenses": 63500000, "interestIncome": 0, "interestExpense": 600000, "depreciationAndAmortization": 5100000, "ebitda": 7900000, "ebitdaratio": 0.1191553544, "operatingIncome": 2800000, "operatingIncomeRatio": 0.0422322775, "totalOtherIncomeExpensesNet": -600000, "incomeBeforeTax": 2200000, "incomeBeforeTaxRatio": 0.0331825038, "incomeTaxExpense": 900000, "netIncome": 1300000, "netIncomeRatio": 0.0196078431, "eps": 0.0584, "epsdiluted": 0.0584, "weightedAverageShsOut": 22254000, "weightedAverageShsOutDil": 22254000, "link": null, "finalLink": null, "calculatedOtherExpenses": 5100000, "calculatedOperatingExpenses": 21100000, "calculatedNetInterest": -600000, "calculatedOtherIncome": 0, "calculatedIncomeNonControlling": 0, "calculatedEbitda": 7900000}, {"date": "1990-03-31", "symbol": "SWKS", "reportedCurrency": "USD", "cik": "0000004127", "fillingDate": "1990-03-31", "acceptedDate": "1990-03-31 00:00:00", "calendarYear": "1990", "period": "FY", "revenue": 64700000, "costOfRevenue": 46700000, "grossProfit": 18000000, "grossProfitRatio": 0.2782071097, "researchAndDevelopmentExpenses": 0, "generalAndAdministrativeExpenses": 0, "sellingAndMarketingExpenses": 0, "sellingGeneralAndAdministrativeExpenses": 27900000, "otherExpenses": 5300000, "operatingExpenses": 33200000, "costAndExpenses": 79900000, "interestIncome": 0, "interestExpense": 900000, "depreciationAndAmortization": 5300000, "ebitda": -9800000, "ebitdaratio": -0.1514683153, "operatingIncome": -15200000, "operatingIncomeRatio": -0.2349304482, "totalOtherIncomeExpensesNet": -100000, "incomeBeforeTax": -16000000, "incomeBeforeTaxRatio": -0.2472952087, "incomeTaxExpense": -900000, "netIncome": -15100000, "netIncomeRatio": -0.2333848532, "eps": -0.7, "epsdiluted": -0.7, "weightedAverageShsOut": 21478000, "weightedAverageShsOutDil": 21478000, "link": null, "finalLink": null, "calculatedOtherExpenses": 5300000, "calculatedOperatingExpenses": 33200000, "calculatedNetInterest": -900000, "calculatedOtherIncome": 100000, "calculatedIncomeNonControlling": 0, "calculatedEbitda": -9900000}, {"date": "1989-03-31", "symbol": "SWKS", "reportedCurrency": "USD", "cik": "0000004127", "fillingDate": "1989-03-31", "acceptedDate": "1989-03-31 00:00:00", "calendarYear": "1989", "period": "FY", "revenue": 65500000, "costOfRevenue": 43100000, "grossProfit": 22400000, "grossProfitRatio": 0.3419847328, "researchAndDevelopmentExpenses": 0, "generalAndAdministrativeExpenses": 0, "sellingAndMarketingExpenses": 0, "sellingGeneralAndAdministrativeExpenses": 17200000, "otherExpenses": 5300000, "operatingExpenses": 22500000, "costAndExpenses": 65600000, "interestIncome": 0, "interestExpense": -1600000, "depreciationAndAmortization": 5300000, "ebitda": 3900000, "ebitdaratio": 0.0595419847, "operatingIncome": -100000, "operatingIncomeRatio": -0.0015267176, "totalOtherIncomeExpensesNet": 1300000, "incomeBeforeTax": 200000, "incomeBeforeTaxRatio": 0.0030534351, "incomeTaxExpense": 100000, "netIncome": 100000, "netIncomeRatio": 0.0015267176, "eps": 0.0047, "epsdiluted": 0.0047, "weightedAverageShsOut": 21476000, "weightedAverageShsOutDil": 21476000, "link": null, "finalLink": null, "calculatedOtherExpenses": 5300000, "calculatedOperatingExpenses": 22500000, "calculatedNetInterest": 1600000, "calculatedOtherIncome": -1300000, "calculatedIncomeNonControlling": 0, "calculatedEbitda": 5200000}, {"date": "1988-03-31", "symbol": "SWKS", "reportedCurrency": "USD", "cik": "0000004127", "fillingDate": "1988-03-31", "acceptedDate": "1988-03-31 00:00:00", "calendarYear": "1988", "period": "FY", "revenue": 62200000, "costOfRevenue": 47300000, "grossProfit": 14900000, "grossProfitRatio": 0.2395498392, "researchAndDevelopmentExpenses": 0, "generalAndAdministrativeExpenses": 0, "sellingAndMarketingExpenses": 0, "sellingGeneralAndAdministrativeExpenses": 14000000, "otherExpenses": 5100000, "operatingExpenses": 19100000, "costAndExpenses": 66400000, "interestIncome": 0, "interestExpense": 600000, "depreciationAndAmortization": 5100000, "ebitda": 700000, "ebitdaratio": 0.0112540193, "operatingIncome": -4200000, "operatingIncomeRatio": -0.0675241158, "totalOtherIncomeExpensesNet": 200000, "incomeBeforeTax": -5000000, "incomeBeforeTaxRatio": -0.0803858521, "incomeTaxExpense": -1800000, "netIncome": -3200000, "netIncomeRatio": -0.0514469453, "eps": -0.15, "epsdiluted": -0.15, "weightedAverageShsOut": 21476000, "weightedAverageShsOutDil": 21476000, "link": null, "finalLink": null, "calculatedOtherExpenses": 5100000, "calculatedOperatingExpenses": 19100000, "calculatedNetInterest": -600000, "calculatedOtherIncome": -200000, "calculatedIncomeNonControlling": 0, "calculatedEbitda": 900000}, {"date": "1987-03-31", "symbol": "SWKS", "reportedCurrency": "USD", "cik": "0000004127", "fillingDate": "1987-03-31", "acceptedDate": "1987-03-31 00:00:00", "calendarYear": "1987", "period": "FY", "revenue": 70100000, "costOfRevenue": 48300000, "grossProfit": 21800000, "grossProfitRatio": 0.3109843081, "researchAndDevelopmentExpenses": 0, "generalAndAdministrativeExpenses": 0, "sellingAndMarketingExpenses": 0, "sellingGeneralAndAdministrativeExpenses": 14300000, "otherExpenses": 5200000, "operatingExpenses": 19500000, "costAndExpenses": 67800000, "interestIncome": 0, "interestExpense": 6400000, "depreciationAndAmortization": 5200000, "ebitda": 10200000, "ebitdaratio": 0.1455064194, "operatingIncome": 2300000, "operatingIncomeRatio": 0.032810271, "totalOtherIncomeExpensesNet": -2700000, "incomeBeforeTax": -1400000, "incomeBeforeTaxRatio": -0.0199714693, "incomeTaxExpense": -600000, "netIncome": -800000, "netIncomeRatio": -0.0114122682, "eps": -0.0373, "epsdiluted": -0.0373, "weightedAverageShsOut": 21428000, "weightedAverageShsOutDil": 21428000, "link": null, "finalLink": null, "calculatedOtherExpenses": 5200000, "calculatedOperatingExpenses": 19500000, "calculatedNetInterest": -6400000, "calculatedOtherIncome": 2700000, "calculatedIncomeNonControlling": 0, "calculatedEbitda": 7500000}, {"date": "1986-03-31", "symbol": "SWKS", "reportedCurrency": "USD", "cik": "0000004127", "fillingDate": "1986-03-31", "acceptedDate": "1986-03-31 00:00:00", "calendarYear": "1986", "period": "FY", "revenue": 71000000, "costOfRevenue": 55300000, "grossProfit": 15700000, "grossProfitRatio": 0.2211267606, "researchAndDevelopmentExpenses": 0, "generalAndAdministrativeExpenses": 0, "sellingAndMarketingExpenses": 0, "sellingGeneralAndAdministrativeExpenses": 14500000, "otherExpenses": 4400000, "operatingExpenses": 18900000, "costAndExpenses": 74200000, "interestIncome": 0, "interestExpense": -700000, "depreciationAndAmortization": 4400000, "ebitda": 300000, "ebitdaratio": 0.0042253521, "operatingIncome": -3200000, "operatingIncomeRatio": -0.0450704225, "totalOtherIncomeExpensesNet": 900000, "incomeBeforeTax": -3400000, "incomeBeforeTaxRatio": -0.0478873239, "incomeTaxExpense": -2500000, "netIncome": -900000, "netIncomeRatio": -0.0126760563, "eps": -0.042, "epsdiluted": -0.042, "weightedAverageShsOut": 21412000, "weightedAverageShsOutDil": 21412000, "link": null, "finalLink": null, "calculatedOtherExpenses": 4400000, "calculatedOperatingExpenses": 18900000, "calculatedNetInterest": 700000, "calculatedOtherIncome": -900000, "calculatedIncomeNonControlling": 0, "calculatedEbitda": 1200000}]}