{"originalCurrency": "USD", "convertedCurrency": "USD", "report": [{"date": "2023-12-31", "symbol": "SWN", "reportedCurrency": "USD", "cik": "0000007332", "fillingDate": "2024-02-22", "acceptedDate": "2024-02-22 17:12:02", "calendarYear": "2023", "period": "FY", "revenue": 6522000000, "costOfRevenue": 3638000000, "grossProfit": 2884000000, "grossProfitRatio": 0.4421956455, "researchAndDevelopmentExpenses": 0, "generalAndAdministrativeExpenses": 187000000, "sellingAndMarketingExpenses": 2355000000, "sellingGeneralAndAdministrativeExpenses": 187000000, "otherExpenses": 2000000, "operatingExpenses": 2148000000, "costAndExpenses": 5786000000, "interestIncome": 0, "interestExpense": 142000000, "depreciationAndAmortization": 1307000000, "ebitda": 2045000000, "ebitdaratio": 0.3135541245, "operatingIncome": -974000000, "operatingIncomeRatio": -0.149340693, "totalOtherIncomeExpensesNet": 706000000, "incomeBeforeTax": 1300000000, "incomeBeforeTaxRatio": 0.1993253603, "incomeTaxExpense": -257000000, "netIncome": 1557000000, "netIncomeRatio": 0.2387304508, "eps": 1.41, "epsdiluted": 1.41, "weightedAverageShsOut": 1100980199, "weightedAverageShsOutDil": 1103406255, "link": "https://www.sec.gov/Archives/edgar/data/7332/000000733224000009/0000007332-24-000009-index.htm", "finalLink": "https://www.sec.gov/Archives/edgar/data/7332/000000733224000009/swn-20231231.htm", "calculatedOtherExpenses": 3671000000, "calculatedOperatingExpenses": 3858000000, "calculatedNetInterest": -142000000, "calculatedOtherIncome": 2416000000, "calculatedIncomeNonControlling": 0, "calculatedEbitda": 333000000}, {"date": "2022-12-31", "symbol": "SWN", "reportedCurrency": "USD", "cik": "0000007332", "fillingDate": "2023-02-23", "acceptedDate": "2023-02-23 16:25:47", "calendarYear": "2022", "period": "FY", "revenue": 15002000000, "costOfRevenue": 5566000000, "grossProfit": 9436000000, "grossProfitRatio": 0.6289828023, "researchAndDevelopmentExpenses": 0, "generalAndAdministrativeExpenses": 170000000, "sellingAndMarketingExpenses": 4419000000000, "sellingGeneralAndAdministrativeExpenses": 170000000, "otherExpenses": 1885000000, "operatingExpenses": 2055000000, "costAndExpenses": 7621000000, "interestIncome": 186000000, "interestExpense": 171000000, "depreciationAndAmortization": 1191000000, "ebitda": 8545000000, "ebitdaratio": 0.5695907212, "operatingIncome": 7354000000, "operatingIncomeRatio": 0.4902013065, "totalOtherIncomeExpensesNet": -5454000000, "incomeBeforeTax": 1900000000, "incomeBeforeTaxRatio": 0.12664978, "incomeTaxExpense": 51000000, "netIncome": 1849000000, "netIncomeRatio": 0.1232502333, "eps": 1.66, "epsdiluted": 1.66, "weightedAverageShsOut": 1110564839, "weightedAverageShsOutDil": 1113184254, "link": "https://www.sec.gov/Archives/edgar/data/7332/000000733223000005/0000007332-23-000005-index.htm", "finalLink": "https://www.sec.gov/Archives/edgar/data/7332/000000733223000005/swn-20221231.htm", "calculatedOtherExpenses": 1912000000, "calculatedOperatingExpenses": 2082000000, "calculatedNetInterest": 15000000, "calculatedOtherIncome": -5469000000, "calculatedIncomeNonControlling": 0, "calculatedEbitda": 8545000000}, {"date": "2021-12-31", "symbol": "SWN", "reportedCurrency": "USD", "cik": "0000007332", "fillingDate": "2022-03-01", "acceptedDate": "2022-03-01 07:57:22", "calendarYear": "2021", "period": "FY", "revenue": 6667000000, "costOfRevenue": 2503000000, "grossProfit": 4164000000, "grossProfitRatio": 0.6245687716, "researchAndDevelopmentExpenses": 0, "generalAndAdministrativeExpenses": 138000000, "sellingAndMarketingExpenses": 1963000000, "sellingGeneralAndAdministrativeExpenses": 138000000, "otherExpenses": 1302000000, "operatingExpenses": 1440000000, "costAndExpenses": 3943000000, "interestIncome": 134000000, "interestExpense": 136000000, "depreciationAndAmortization": 640000000, "ebitda": 3275000000, "ebitdaratio": 0.4912254387, "operatingIncome": 2635000000, "operatingIncomeRatio": 0.3952302385, "totalOtherIncomeExpensesNet": -2660000000, "incomeBeforeTax": -25000000, "incomeBeforeTaxRatio": -0.0037498125, "incomeTaxExpense": 141000000, "netIncome": -166000000, "netIncomeRatio": -0.0248987551, "eps": -0.21, "epsdiluted": -0.21, "weightedAverageShsOut": 789657776, "weightedAverageShsOutDil": 789657776, "link": "https://www.sec.gov/Archives/edgar/data/7332/000000733222000009/0000007332-22-000009-index.htm", "finalLink": "https://www.sec.gov/Archives/edgar/data/7332/000000733222000009/swn-20211231.htm", "calculatedOtherExpenses": 1391000000, "calculatedOperatingExpenses": 1529000000, "calculatedNetInterest": -2000000, "calculatedOtherIncome": -2658000000, "calculatedIncomeNonControlling": 0, "calculatedEbitda": 3275000000}, {"date": "2020-12-31", "symbol": "SWN", "reportedCurrency": "USD", "cik": "0000007332", "fillingDate": "2021-03-01", "acceptedDate": "2021-03-01 06:11:57", "calendarYear": "2020", "period": "FY", "revenue": 2308000000, "costOfRevenue": 1303000000, "grossProfit": 1005000000, "grossProfitRatio": 0.4354419411, "researchAndDevelopmentExpenses": 0, "generalAndAdministrativeExpenses": 121000000, "sellingAndMarketingExpenses": 917000000, "sellingGeneralAndAdministrativeExpenses": 121000000, "otherExpenses": 868000000, "operatingExpenses": 989000000, "costAndExpenses": 2292000000, "interestIncome": 94000000, "interestExpense": 94000000, "depreciationAndAmortization": 357000000, "ebitda": 374000000, "ebitdaratio": 0.1620450607, "operatingIncome": 17000000, "operatingIncomeRatio": 0.0073656846, "totalOtherIncomeExpensesNet": -2722000000, "incomeBeforeTax": -2705000000, "incomeBeforeTaxRatio": -1.1720103986, "incomeTaxExpense": 407000000, "netIncome": -3112000000, "netIncomeRatio": -1.3483535529, "eps": -5.42, "epsdiluted": -5.42, "weightedAverageShsOut": 573889502, "weightedAverageShsOutDil": 573889502, "link": "https://www.sec.gov/Archives/edgar/data/7332/000000733221000016/0000007332-21-000016-index.htm", "finalLink": "https://www.sec.gov/Archives/edgar/data/7332/000000733221000016/swn-20201231.htm", "calculatedOtherExpenses": 867000000, "calculatedOperatingExpenses": 988000000, "calculatedNetInterest": 0, "calculatedOtherIncome": -2722000000, "calculatedIncomeNonControlling": 0, "calculatedEbitda": 374000000}, {"date": "2019-12-31", "symbol": "SWN", "reportedCurrency": "USD", "cik": "0000007332", "fillingDate": "2020-02-27", "acceptedDate": "2020-02-27 16:45:12", "calendarYear": "2019", "period": "FY", "revenue": 3038000000, "costOfRevenue": 1791000000, "grossProfit": 1247000000, "grossProfitRatio": 0.4104674128, "researchAndDevelopmentExpenses": 0, "generalAndAdministrativeExpenses": 166000000, "sellingAndMarketingExpenses": 1297000000, "sellingGeneralAndAdministrativeExpenses": 166000000, "otherExpenses": 782000000, "operatingExpenses": 948000000, "costAndExpenses": 2739000000, "interestIncome": 65000000, "interestExpense": 65000000, "depreciationAndAmortization": 493000000, "ebitda": 763000000, "ebitdaratio": 0.2511520737, "operatingIncome": 270000000, "operatingIncomeRatio": 0.0888742594, "totalOtherIncomeExpensesNet": 210000000, "incomeBeforeTax": 480000000, "incomeBeforeTaxRatio": 0.1579986833, "incomeTaxExpense": -411000000, "netIncome": 891000000, "netIncomeRatio": 0.293285056, "eps": 1.65, "epsdiluted": 1.65, "weightedAverageShsOut": 539345343, "weightedAverageShsOutDil": 540382914, "link": "https://www.sec.gov/Archives/edgar/data/7332/000000733220000017/0000007332-20-000017-index.htm", "finalLink": "https://www.sec.gov/Archives/edgar/data/7332/000000733220000017/swn-20191231.htm", "calculatedOtherExpenses": 811000000, "calculatedOperatingExpenses": 977000000, "calculatedNetInterest": 0, "calculatedOtherIncome": 210000000, "calculatedIncomeNonControlling": 0, "calculatedEbitda": 763000000}, {"date": "2018-12-31", "symbol": "SWN", "reportedCurrency": "USD", "cik": "0000007332", "fillingDate": "2019-02-28", "acceptedDate": "2019-02-28 16:22:15", "calendarYear": "2018", "period": "FY", "revenue": 3862000000, "costOfRevenue": 1789000000, "grossProfit": 2073000000, "grossProfitRatio": 0.5367685137, "researchAndDevelopmentExpenses": 0, "generalAndAdministrativeExpenses": 209000000, "sellingAndMarketingExpenses": 0, "sellingGeneralAndAdministrativeExpenses": 209000000, "otherExpenses": 874000000, "operatingExpenses": 1083000000, "costAndExpenses": 2872000000, "interestIncome": 0, "interestExpense": 124000000, "depreciationAndAmortization": 560000000, "ebitda": 1550000000, "ebitdaratio": 0.4013464526, "operatingIncome": 797000000, "operatingIncomeRatio": 0.2063697566, "totalOtherIncomeExpensesNet": -328000000, "incomeBeforeTax": 538000000, "incomeBeforeTaxRatio": 0.139306059, "incomeTaxExpense": 1000000, "netIncome": 537000000, "netIncomeRatio": 0.1390471258, "eps": 0.93, "epsdiluted": 0.93, "weightedAverageShsOut": 574631756, "weightedAverageShsOutDil": 576642808, "link": "https://www.sec.gov/Archives/edgar/data/7332/000000733219000010/0000007332-19-000010-index.htm", "finalLink": "https://www.sec.gov/Archives/edgar/data/7332/000000733219000010/swn-20181231x10k.htm", "calculatedOtherExpenses": 1067000000, "calculatedOperatingExpenses": 1276000000, "calculatedNetInterest": -124000000, "calculatedOtherIncome": -135000000, "calculatedIncomeNonControlling": 0, "calculatedEbitda": 1357000000}, {"date": "2017-12-31", "symbol": "SWN", "reportedCurrency": "USD", "cik": "0000007332", "fillingDate": "2017-12-31", "acceptedDate": "2017-12-31 00:00:00", "calendarYear": "2017", "period": "FY", "revenue": 3203000000, "costOfRevenue": 1480000000, "grossProfit": 1723000000, "grossProfitRatio": 0.5379331876, "researchAndDevelopmentExpenses": 0, "generalAndAdministrativeExpenses": 233000000, "sellingAndMarketingExpenses": 0, "sellingGeneralAndAdministrativeExpenses": 233000000, "otherExpenses": 5000000, "operatingExpenses": 998000000, "costAndExpenses": 2478000000, "interestIncome": 0, "interestExpense": 135000000, "depreciationAndAmortization": 504000000, "ebitda": 1234000000, "ebitdaratio": 0.3852638152, "operatingIncome": 731000000, "operatingIncomeRatio": 0.2282235404, "totalOtherIncomeExpensesNet": 363000000, "incomeBeforeTax": 953000000, "incomeBeforeTaxRatio": 0.2975335623, "incomeTaxExpense": -93000000, "netIncome": 1046000000, "netIncomeRatio": 0.3265688417, "eps": 1.64, "epsdiluted": 1.63, "weightedAverageShsOut": 498264321, "weightedAverageShsOutDil": 500804297, "link": null, "finalLink": null, "calculatedOtherExpenses": 759000000, "calculatedOperatingExpenses": 992000000, "calculatedNetInterest": -135000000, "calculatedOtherIncome": 357000000, "calculatedIncomeNonControlling": 0, "calculatedEbitda": 1235000000}, {"date": "2016-12-31", "symbol": "SWN", "reportedCurrency": "USD", "cik": "0000007332", "fillingDate": "2017-02-23", "acceptedDate": "2017-02-23 16:46:02", "calendarYear": "2016", "period": "FY", "revenue": 2436000000, "costOfRevenue": 1300000000, "grossProfit": 1136000000, "grossProfitRatio": 0.4663382594, "researchAndDevelopmentExpenses": 0, "generalAndAdministrativeExpenses": 247000000, "sellingAndMarketingExpenses": 864000000, "sellingGeneralAndAdministrativeExpenses": 247000000, "otherExpenses": 1000000, "operatingExpenses": 932000000, "costAndExpenses": 2232000000, "interestIncome": 0, "interestExpense": 88000000, "depreciationAndAmortization": 436000000, "ebitda": 641000000, "ebitdaratio": 0.263136289, "operatingIncome": -2195000000, "operatingIncomeRatio": -0.9010673235, "totalOtherIncomeExpensesNet": -2788000000, "incomeBeforeTax": -2672000000, "incomeBeforeTaxRatio": -1.0968801314, "incomeTaxExpense": -29000000, "netIncome": -2643000000, "netIncomeRatio": -1.0849753695, "eps": -6.07, "epsdiluted": -6.07, "weightedAverageShsOut": 435284810, "weightedAverageShsOutDil": 435337402, "link": "https://www.sec.gov/Archives/edgar/data/7332/000000733217000009/0000007332-17-000009-index.htm", "finalLink": "https://www.sec.gov/Archives/edgar/data/7332/000000733217000009/swn20161231x10k.htm", "calculatedOtherExpenses": 3084000000, "calculatedOperatingExpenses": 3331000000, "calculatedNetInterest": -88000000, "calculatedOtherIncome": -389000000, "calculatedIncomeNonControlling": 0, "calculatedEbitda": -1759000000}, {"date": "2015-12-31", "symbol": "SWN", "reportedCurrency": "USD", "cik": "0000007332", "fillingDate": "2016-02-25", "acceptedDate": "2016-02-25 17:09:21", "calendarYear": "2015", "period": "FY", "revenue": 3133000000, "costOfRevenue": 1943000000, "grossProfit": 1190000000, "grossProfitRatio": 0.3798276412, "researchAndDevelopmentExpenses": 0, "generalAndAdministrativeExpenses": 246000000, "sellingAndMarketingExpenses": 863000000, "sellingGeneralAndAdministrativeExpenses": 246000000, "otherExpenses": -30000000, "operatingExpenses": 1045000000, "costAndExpenses": 2988000000, "interestIncome": 0, "interestExpense": 56000000, "depreciationAndAmortization": 1092000000, "ebitda": 1207000000, "ebitdaratio": 0.3852537504, "operatingIncome": -6522000000, "operatingIncomeRatio": -2.0817108203, "totalOtherIncomeExpensesNet": -6650000000, "incomeBeforeTax": -6561000000, "incomeBeforeTaxRatio": -2.0941589531, "incomeTaxExpense": -2005000000, "netIncome": -4556000000, "netIncomeRatio": -1.454197255, "eps": -11.97, "epsdiluted": -11.97, "weightedAverageShsOut": 380521039, "weightedAverageShsOutDil": 380521039, "link": "https://www.sec.gov/Archives/edgar/data/7332/000000733216000038/0000007332-16-000038-index.htm", "finalLink": "https://www.sec.gov/Archives/edgar/data/7332/000000733216000038/swn20151231x10k.htm", "calculatedOtherExpenses": 7466000000, "calculatedOperatingExpenses": 7712000000, "calculatedNetInterest": -56000000, "calculatedOtherIncome": 17000000, "calculatedIncomeNonControlling": 0, "calculatedEbitda": -5430000000}, {"date": "2014-12-31", "symbol": "SWN", "reportedCurrency": "USD", "cik": "0000007332", "fillingDate": "2015-02-26", "acceptedDate": "2015-02-26 17:19:54", "calendarYear": "2014", "period": "FY", "revenue": 4038000000, "costOfRevenue": 1922000000, "grossProfit": 2116000000, "grossProfitRatio": 0.524021793, "researchAndDevelopmentExpenses": 0, "generalAndAdministrativeExpenses": 221000000, "sellingAndMarketingExpenses": 996000000, "sellingGeneralAndAdministrativeExpenses": 221000000, "otherExpenses": -4000000, "operatingExpenses": 743000000, "costAndExpenses": 2665000000, "interestIncome": 0, "interestExpense": 46000000, "depreciationAndAmortization": 942000000, "ebitda": 2298000000, "ebitdaratio": 0.5690936107, "operatingIncome": 1373000000, "operatingIncomeRatio": 0.3400198118, "totalOtherIncomeExpensesNet": 135000000, "incomeBeforeTax": 1449000000, "incomeBeforeTaxRatio": 0.3588410104, "incomeTaxExpense": 525000000, "netIncome": 924000000, "netIncomeRatio": 0.2288261516, "eps": 2.63, "epsdiluted": 2.62, "weightedAverageShsOut": 351446747, "weightedAverageShsOutDil": 352410683, "link": "https://www.sec.gov/Archives/edgar/data/7332/000000733215000004/0000007332-15-000004-index.htm", "finalLink": "https://www.sec.gov/Archives/edgar/data/7332/000000733215000004/swn20141231x10k.htm", "calculatedOtherExpenses": 522000000, "calculatedOperatingExpenses": 743000000, "calculatedNetInterest": -46000000, "calculatedOtherIncome": 122000000, "calculatedIncomeNonControlling": 0, "calculatedEbitda": 2315000000}, {"date": "2013-12-31", "symbol": "SWN", "reportedCurrency": "USD", "cik": "0000007332", "fillingDate": "2014-02-27", "acceptedDate": "2014-02-27 17:22:11", "calendarYear": "2013", "period": "FY", "revenue": 3371145000, "costOfRevenue": 1568238000, "grossProfit": 1802907000, "grossProfitRatio": 0.5348055334, "researchAndDevelopmentExpenses": 0, "generalAndAdministrativeExpenses": 191310000, "sellingAndMarketingExpenses": 792165000, "sellingGeneralAndAdministrativeExpenses": 191310000, "otherExpenses": 2207000, "operatingExpenses": 599284000, "costAndExpenses": 2167522000, "interestIncome": 0, "interestExpense": 41594000, "depreciationAndAmortization": 790553000, "ebitda": 1996383000, "ebitdaratio": 0.5921973098, "operatingIncome": 1203623000, "operatingIncomeRatio": 0.3570368525, "totalOtherIncomeExpensesNet": 28348000, "incomeBeforeTax": 1190377000, "incomeBeforeTaxRatio": 0.3531076237, "incomeTaxExpense": 486874000, "netIncome": 703503000, "netIncomeRatio": 0.2086836965, "eps": 2.01, "epsdiluted": 2, "weightedAverageShsOut": 350465430, "weightedAverageShsOutDil": 351101452, "link": "https://www.sec.gov/Archives/edgar/data/7332/000000733214000004/0000007332-14-000004-index.htm", "finalLink": "https://www.sec.gov/Archives/edgar/data/7332/000000733214000004/swn-20131231x10k.htm", "calculatedOtherExpenses": 407974000, "calculatedOperatingExpenses": 599284000, "calculatedNetInterest": -41594000, "calculatedOtherIncome": 28348000, "calculatedIncomeNonControlling": 0, "calculatedEbitda": 1994176000}, {"date": "2012-12-31", "symbol": "SWN", "reportedCurrency": "USD", "cik": "0000007332", "fillingDate": "2013-02-21", "acceptedDate": "2013-02-20 20:05:39", "calendarYear": "2012", "period": "FY", "revenue": 2715043000, "costOfRevenue": 1403419000, "grossProfit": 1311624000, "grossProfitRatio": 0.4830951112, "researchAndDevelopmentExpenses": 0, "generalAndAdministrativeExpenses": 175147000, "sellingAndMarketingExpenses": 714123000, "sellingGeneralAndAdministrativeExpenses": 175147000, "otherExpenses": 1030000, "operatingExpenses": 487466000, "costAndExpenses": 1890885000, "interestIncome": 0, "interestExpense": 35657000, "depreciationAndAmortization": 814710000, "ebitda": 1639898000, "ebitdaratio": 0.6040044301, "operatingIncome": -1115576000, "operatingIncomeRatio": -0.4108870467, "totalOtherIncomeExpensesNet": -1938704000, "incomeBeforeTax": -1150203000, "incomeBeforeTaxRatio": -0.4236408042, "incomeTaxExpense": -443139000, "netIncome": -707064000, "netIncomeRatio": -0.2604246047, "eps": -2.03, "epsdiluted": -2.03, "weightedAverageShsOut": 348276033, "weightedAverageShsOutDil": 348610503, "link": "https://www.sec.gov/Archives/edgar/data/7332/000000733213000007/0000007332-13-000007-index.htm", "finalLink": "https://www.sec.gov/Archives/edgar/data/7332/000000733213000007/swn20121231x10k.htm", "calculatedOtherExpenses": 2252053000, "calculatedOperatingExpenses": 2427200000, "calculatedNetInterest": -35657000, "calculatedOtherIncome": 1030000, "calculatedIncomeNonControlling": 0, "calculatedEbitda": -300866000}, {"date": "2011-12-31", "symbol": "SWN", "reportedCurrency": "USD", "cik": "0000007332", "fillingDate": "2011-12-31", "acceptedDate": "2011-12-31 00:00:00", "calendarYear": "2011", "period": "FY", "revenue": 2952906000, "costOfRevenue": 950035000, "grossProfit": 2002871000, "grossProfitRatio": 0.6782711675, "researchAndDevelopmentExpenses": 0, "generalAndAdministrativeExpenses": 158041000, "sellingAndMarketingExpenses": 714123000, "sellingGeneralAndAdministrativeExpenses": 158041000, "otherExpenses": 770029000, "operatingExpenses": 928070000, "costAndExpenses": 1878105000, "interestIncome": 0, "interestExpense": 24075000, "depreciationAndAmortization": 707966000, "ebitda": 1782767000, "ebitdaratio": 0.6037330684, "operatingIncome": 1074801000, "operatingIncomeRatio": 0.3639807701, "totalOtherIncomeExpensesNet": 264000, "incomeBeforeTax": 1050990000, "incomeBeforeTaxRatio": 0.355917188, "incomeTaxExpense": 413221000, "netIncome": 637769000, "netIncomeRatio": 0.2159801226, "eps": 1.84, "epsdiluted": 1.82, "weightedAverageShsOut": 347205316, "weightedAverageShsOutDil": 349921413, "link": null, "finalLink": null, "calculatedOtherExpenses": 770029000, "calculatedOperatingExpenses": 928070000, "calculatedNetInterest": -24075000, "calculatedOtherIncome": 264000, "calculatedIncomeNonControlling": 0, "calculatedEbitda": 1782767000}, {"date": "2010-12-31", "symbol": "SWN", "reportedCurrency": "USD", "cik": "0000007332", "fillingDate": "2011-02-25", "acceptedDate": "2011-02-25 06:02:31", "calendarYear": "2010", "period": "FY", "revenue": 2610663000, "costOfRevenue": 802932000, "grossProfit": 1807731000, "grossProfitRatio": 0.6924413454, "researchAndDevelopmentExpenses": 0, "generalAndAdministrativeExpenses": 145563000, "sellingAndMarketingExpenses": 615913000, "sellingGeneralAndAdministrativeExpenses": 145563000, "otherExpenses": 640940000, "operatingExpenses": 786503000, "costAndExpenses": 1589435000, "interestIncome": 0, "interestExpense": 26163000, "depreciationAndAmortization": 591943000, "ebitda": 1613171000, "ebitdaratio": 0.6179162152, "operatingIncome": 1021228000, "operatingIncomeRatio": 0.3911757282, "totalOtherIncomeExpensesNet": 427000, "incomeBeforeTax": 995492000, "incomeBeforeTaxRatio": 0.3813176959, "incomeTaxExpense": 391659000, "netIncome": 604118000, "netIncomeRatio": 0.2314040533, "eps": 1.75, "epsdiluted": 1.73, "weightedAverageShsOut": 345581568, "weightedAverageShsOutDil": 349310666, "link": "https://www.sec.gov/Archives/edgar/data/7332/000000733211000003/0000007332-11-000003-index.htm", "finalLink": "https://www.sec.gov/Archives/edgar/data/7332/000000733211000003/swn123110form10k.htm", "calculatedOtherExpenses": 640940000, "calculatedOperatingExpenses": 786503000, "calculatedNetInterest": -26163000, "calculatedOtherIncome": 427000, "calculatedIncomeNonControlling": -285000, "calculatedEbitda": 1613171000}, {"date": "2009-12-31", "symbol": "SWN", "reportedCurrency": "USD", "cik": "0000007332", "fillingDate": "2010-02-25", "acceptedDate": "2010-02-25 17:26:00", "calendarYear": "2009", "period": "FY", "revenue": 2145779000, "costOfRevenue": 619377000, "grossProfit": 1526402000, "grossProfitRatio": 0.7113509826, "researchAndDevelopmentExpenses": 0, "generalAndAdministrativeExpenses": 122618000, "sellingAndMarketingExpenses": 488663000, "sellingGeneralAndAdministrativeExpenses": 122618000, "otherExpenses": 530938000, "operatingExpenses": 653556000, "costAndExpenses": 1272933000, "interestIncome": 0, "interestExpense": 18638000, "depreciationAndAmortization": 495291000, "ebitda": 1368137000, "ebitdaratio": 0.6375945519, "operatingIncome": -34966000, "operatingIncomeRatio": -0.0162952476, "totalOtherIncomeExpensesNet": -906363000, "incomeBeforeTax": -52155000, "incomeBeforeTaxRatio": -0.0243058582, "incomeTaxExpense": -16363000, "netIncome": -35650000, "netIncomeRatio": -0.0166140129, "eps": -0.1, "epsdiluted": -0.1, "weightedAverageShsOut": 343420568, "weightedAverageShsOutDil": 343420568, "link": "https://www.sec.gov/Archives/edgar/data/7332/000000733210000005/0000007332-10-000005-index.htm", "finalLink": "https://www.sec.gov/Archives/edgar/data/7332/000000733210000005/swn123109form10k.htm", "calculatedOtherExpenses": 1438750000, "calculatedOperatingExpenses": 1561368000, "calculatedNetInterest": -18638000, "calculatedOtherIncome": 1449000, "calculatedIncomeNonControlling": -142000, "calculatedEbitda": 460325000}, {"date": "2008-12-31", "symbol": "SWN", "reportedCurrency": "USD", "cik": "0000007332", "fillingDate": "2009-02-26", "acceptedDate": "2009-02-26 16:59:33", "calendarYear": "2008", "period": "FY", "revenue": 2311552000, "costOfRevenue": 771568000, "grossProfit": 1539984000, "grossProfitRatio": 0.666212138, "researchAndDevelopmentExpenses": 0, "generalAndAdministrativeExpenses": 101959000, "sellingAndMarketingExpenses": 729671000, "sellingGeneralAndAdministrativeExpenses": 101959000, "otherExpenses": 551257000, "operatingExpenses": 653216000, "costAndExpenses": 1424784000, "interestIncome": 0, "interestExpense": 28904000, "depreciationAndAmortization": 416151000, "ebitda": 1241251000, "ebitdaratio": 0.5369773209, "operatingIncome": 886768000, "operatingIncomeRatio": 0.3836245086, "totalOtherIncomeExpensesNet": 61668000, "incomeBeforeTax": 918945000, "incomeBeforeTaxRatio": 0.3975445934, "incomeTaxExpense": 350999000, "netIncome": 567946000, "netIncomeRatio": 0.2456989936, "eps": 1.66, "epsdiluted": 1.64, "weightedAverageShsOut": 341621814, "weightedAverageShsOutDil": 346245938, "link": "https://www.sec.gov/Archives/edgar/data/7332/000000733209000004/0000007332-09-000004-index.htm", "finalLink": "https://www.sec.gov/Archives/edgar/data/7332/000000733209000004/swn123108form10k.htm", "calculatedOtherExpenses": 551257000, "calculatedOperatingExpenses": 653216000, "calculatedNetInterest": -28904000, "calculatedOtherIncome": 61081000, "calculatedIncomeNonControlling": 0, "calculatedEbitda": 1302919000}, {"date": "2007-12-31", "symbol": "SWN", "reportedCurrency": "USD", "cik": "0000007332", "fillingDate": "2008-02-28", "acceptedDate": "2008-02-28 17:27:29", "calendarYear": "2007", "period": "FY", "revenue": 1255131000, "costOfRevenue": 391781000, "grossProfit": 863350000, "grossProfitRatio": 0.6878564867, "researchAndDevelopmentExpenses": 0, "generalAndAdministrativeExpenses": 66112000, "sellingAndMarketingExpenses": 136698000, "sellingGeneralAndAdministrativeExpenses": 80269000, "otherExpenses": 401615000, "operatingExpenses": 481884000, "costAndExpenses": 873665000, "interestIncome": 0, "interestExpense": 23873000, "depreciationAndAmortization": 295332000, "ebitda": 677017000, "ebitdaratio": 0.539399473, "operatingIncome": 381466000, "operatingIncomeRatio": 0.3039252476, "totalOtherIncomeExpensesNet": -219000, "incomeBeforeTax": 357029000, "incomeBeforeTaxRatio": 0.2844555668, "incomeTaxExpense": 135855000, "netIncome": 221174000, "netIncomeRatio": 0.1762158691, "eps": 0.65, "epsdiluted": 0.64, "weightedAverageShsOut": 338953446, "weightedAverageShsOutDil": 347442660, "link": "https://www.sec.gov/Archives/edgar/data/7332/000000733208000026/0000007332-08-000026-index.htm", "finalLink": "https://www.sec.gov/Archives/edgar/data/7332/000000733208000026/swn123107form10k.htm", "calculatedOtherExpenses": 401615000, "calculatedOperatingExpenses": 481884000, "calculatedNetInterest": -23873000, "calculatedOtherIncome": -564000, "calculatedIncomeNonControlling": 0, "calculatedEbitda": 676798000}, {"date": "2006-12-31", "symbol": "SWN", "reportedCurrency": "USD", "cik": "0000007332", "fillingDate": "2006-12-31", "acceptedDate": "2006-12-31 00:00:00", "calendarYear": "2006", "period": "FY", "revenue": 763112000, "costOfRevenue": 207750000, "grossProfit": 555362000, "grossProfitRatio": 0.7277594901, "researchAndDevelopmentExpenses": 0, "generalAndAdministrativeExpenses": 66112000, "sellingAndMarketingExpenses": 136698000, "sellingGeneralAndAdministrativeExpenses": 66112000, "otherExpenses": 242978000, "operatingExpenses": 309090000, "costAndExpenses": 516840000, "interestIncome": 0, "interestExpense": 679000, "depreciationAndAmortization": 152519000, "ebitda": 381712000, "ebitdaratio": 0.5002044261, "operatingIncome": 246272000, "operatingIncomeRatio": 0.3227206491, "totalOtherIncomeExpensesNet": 17079000, "incomeBeforeTax": 262035000, "incomeBeforeTaxRatio": 0.3433768569, "incomeTaxExpense": 99399000, "netIncome": 162636000, "netIncomeRatio": 0.2131220581, "eps": 0.49, "epsdiluted": 0.48, "weightedAverageShsOut": 334606282, "weightedAverageShsOutDil": 342575500, "link": null, "finalLink": null, "calculatedOtherExpenses": 242978000, "calculatedOperatingExpenses": 309090000, "calculatedNetInterest": -679000, "calculatedOtherIncome": 16442000, "calculatedIncomeNonControlling": 0, "calculatedEbitda": 398791000}, {"date": "2005-12-31", "symbol": "SWN", "reportedCurrency": "USD", "cik": "0000007332", "fillingDate": "2005-12-31", "acceptedDate": "2005-12-31 00:00:00", "calendarYear": "2005", "period": "FY", "revenue": 676329000, "costOfRevenue": 207419000, "grossProfit": 468910000, "grossProfitRatio": 0.6933164185, "researchAndDevelopmentExpenses": 0, "generalAndAdministrativeExpenses": 0, "sellingAndMarketingExpenses": 0, "sellingGeneralAndAdministrativeExpenses": 48650000, "otherExpenses": 174340000, "operatingExpenses": 222990000, "costAndExpenses": 430409000, "interestIncome": 0, "interestExpense": 15040000, "depreciationAndAmortization": 99558000, "ebitda": 340694000, "ebitdaratio": 0.5037400437, "operatingIncome": 245920000, "operatingIncomeRatio": 0.3636100182, "totalOtherIncomeExpensesNet": 4784000, "incomeBeforeTax": 234191000, "incomeBeforeTaxRatio": 0.3462678667, "incomeTaxExpense": 86431000, "netIncome": 147760000, "netIncomeRatio": 0.2184735536, "eps": 0.49, "epsdiluted": 0.48, "weightedAverageShsOut": 301785204, "weightedAverageShsOutDil": 312618078, "link": null, "finalLink": null, "calculatedOtherExpenses": 174340000, "calculatedOperatingExpenses": 222990000, "calculatedNetInterest": -15040000, "calculatedOtherIncome": 3311000, "calculatedIncomeNonControlling": 0, "calculatedEbitda": 345478000}, {"date": "2004-12-31", "symbol": "SWN", "reportedCurrency": "USD", "cik": "0000007332", "fillingDate": "2005-03-08", "acceptedDate": "2005-03-08 16:29:39", "calendarYear": "2004", "period": "FY", "revenue": 477137000, "costOfRevenue": 125115000, "grossProfit": 352022000, "grossProfitRatio": 0.7377797153, "researchAndDevelopmentExpenses": 0, "generalAndAdministrativeExpenses": 36074000, "sellingAndMarketingExpenses": 65127000, "sellingGeneralAndAdministrativeExpenses": 36074000, "otherExpenses": 133661000, "operatingExpenses": 169735000, "costAndExpenses": 294850000, "interestIncome": 0, "interestExpense": 16992000, "depreciationAndAmortization": 77350000, "ebitda": 259999000, "ebitdaratio": 0.5449147729, "operatingIncome": 182287000, "operatingIncomeRatio": 0.3820433125, "totalOtherIncomeExpensesNet": -362000, "incomeBeforeTax": 163354000, "incomeBeforeTaxRatio": 0.3423628853, "incomeTaxExpense": 59778000, "netIncome": 103576000, "netIncomeRatio": 0.2170781138, "eps": 0.36, "epsdiluted": 0.35, "weightedAverageShsOut": 285804808, "weightedAverageShsOutDil": 295702176, "link": "https://www.sec.gov/Archives/edgar/data/7332/000000733205000025/0000007332-05-000025-index.htm", "finalLink": "https://www.sec.gov/Archives/edgar/data/7332/000000733205000025/swn022805form10k.htm", "calculatedOtherExpenses": 133661000, "calculatedOperatingExpenses": 169735000, "calculatedNetInterest": -16992000, "calculatedOtherIncome": -1941000, "calculatedIncomeNonControlling": 0, "calculatedEbitda": 259637000}, {"date": "2003-12-31", "symbol": "SWN", "reportedCurrency": "USD", "cik": "0000007332", "fillingDate": "2004-02-25", "acceptedDate": "2004-02-25 16:58:47", "calendarYear": "2003", "period": "FY", "revenue": 327401000, "costOfRevenue": 92013000, "grossProfit": 235388000, "grossProfitRatio": 0.718959319, "researchAndDevelopmentExpenses": 0, "generalAndAdministrativeExpenses": 33102000, "sellingAndMarketingExpenses": 43313000, "sellingGeneralAndAdministrativeExpenses": 33102000, "otherExpenses": 104944000, "operatingExpenses": 138046000, "costAndExpenses": 230059000, "interestIncome": 0, "interestExpense": 17311000, "depreciationAndAmortization": 58788000, "ebitda": 155333000, "ebitdaratio": 0.4744426559, "operatingIncome": 97342000, "operatingIncomeRatio": 0.297317357, "totalOtherIncomeExpensesNet": 797000, "incomeBeforeTax": 78648000, "incomeBeforeTaxRatio": 0.2402191808, "incomeTaxExpense": 28896000, "netIncome": 48897000, "netIncomeRatio": 0.1493489635, "eps": 0.18, "epsdiluted": 0.18, "weightedAverageShsOut": 267168416, "weightedAverageShsOutDil": 273903472, "link": "https://www.sec.gov/Archives/edgar/data/7332/000000733204000020/0000007332-04-000020-index.htm", "finalLink": "https://www.sec.gov/Archives/edgar/data/7332/000000733204000020/swn2003form10k.htm", "calculatedOtherExpenses": 104944000, "calculatedOperatingExpenses": 138046000, "calculatedNetInterest": -17311000, "calculatedOtherIncome": -1383000, "calculatedIncomeNonControlling": 855000, "calculatedEbitda": 156130000}, {"date": "2002-12-31", "symbol": "SWN", "reportedCurrency": "USD", "cik": "0000007332", "fillingDate": "2003-02-18", "acceptedDate": "2003-02-14 21:33:44", "calendarYear": "2002", "period": "FY", "revenue": 261502000, "costOfRevenue": 86315000, "grossProfit": 175187000, "grossProfitRatio": 0.6699260426, "researchAndDevelopmentExpenses": 0, "generalAndAdministrativeExpenses": 26446000, "sellingAndMarketingExpenses": 41709000, "sellingGeneralAndAdministrativeExpenses": 26446000, "otherExpenses": 102236000, "operatingExpenses": 128682000, "costAndExpenses": 214997000, "interestIncome": 0, "interestExpense": 21466000, "depreciationAndAmortization": 56399000, "ebitda": 103470000, "ebitdaratio": 0.3956757501, "operatingIncome": 46505000, "operatingIncomeRatio": 0.177838028, "totalOtherIncomeExpensesNet": -566000, "incomeBeforeTax": 23019000, "incomeBeforeTaxRatio": 0.0880260954, "incomeTaxExpense": 8708000, "netIncome": 14311000, "netIncomeRatio": 0.0547261589, "eps": 0.0712, "epsdiluted": 0.0688, "weightedAverageShsOut": 201812640, "weightedAverageShsOutDil": 208417904, "link": "https://www.sec.gov/Archives/edgar/data/7332/000095012303001645/0000950123-03-001645-index.htm", "finalLink": "https://www.sec.gov/Archives/edgar/data/7332/000095012303001645/y83359e10vk.htm", "calculatedOtherExpenses": 102236000, "calculatedOperatingExpenses": 128682000, "calculatedNetInterest": -21466000, "calculatedOtherIncome": -2020000, "calculatedIncomeNonControlling": 0, "calculatedEbitda": 102904000}, {"date": "2001-12-31", "symbol": "SWN", "reportedCurrency": "USD", "cik": "0000007332", "fillingDate": "2002-03-29", "acceptedDate": "2002-03-29 00:00:00", "calendarYear": "2001", "period": "FY", "revenue": 344927000, "costOfRevenue": 136171000, "grossProfit": 208756000, "grossProfitRatio": 0.6052179157, "researchAndDevelopmentExpenses": 0, "generalAndAdministrativeExpenses": 0, "sellingAndMarketingExpenses": 0, "sellingGeneralAndAdministrativeExpenses": 25073000, "otherExpenses": 101014000, "operatingExpenses": 126087000, "costAndExpenses": 262258000, "interestIncome": 0, "interestExpense": 23699000, "depreciationAndAmortization": 54505000, "ebitda": 137973000, "ebitdaratio": 0.4000063782, "operatingIncome": 82669000, "operatingIncomeRatio": 0.2396710028, "totalOtherIncomeExpensesNet": -799000, "incomeBeforeTax": 57241000, "incomeBeforeTaxRatio": 0.1659510563, "incomeTaxExpense": 21917000, "netIncome": 35324000, "netIncomeRatio": 0.1024100752, "eps": 0.18, "epsdiluted": 0.17, "weightedAverageShsOut": 201584840, "weightedAverageShsOutDil": 204808880, "link": "https://www.sec.gov/Archives/edgar/data/7332/000000733202000034/0000007332-02-000034-index.htm", "finalLink": "https://www.sec.gov/Archives/edgar/data/7332/000000733202000034/swn0329200210k.txt", "calculatedOtherExpenses": 101014000, "calculatedOperatingExpenses": 126087000, "calculatedNetInterest": -23699000, "calculatedOtherIncome": -1729000, "calculatedIncomeNonControlling": 0, "calculatedEbitda": 137174000}, {"date": "2000-12-31", "symbol": "SWN", "reportedCurrency": "USD", "cik": "0000007332", "fillingDate": "2001-03-30", "acceptedDate": "2001-03-30 00:00:00", "calendarYear": "2000", "period": "FY", "revenue": 363883000, "costOfRevenue": 191890000, "grossProfit": 171993000, "grossProfitRatio": 0.4726601682, "researchAndDevelopmentExpenses": 0, "generalAndAdministrativeExpenses": 0, "sellingAndMarketingExpenses": 0, "sellingGeneralAndAdministrativeExpenses": 24982000, "otherExpenses": 200480000, "operatingExpenses": 225462000, "costAndExpenses": 417352000, "interestIncome": 0, "interestExpense": 23230000, "depreciationAndAmortization": 47227000, "ebitda": -8239000, "ebitdaratio": -0.0226418931, "operatingIncome": -53469000, "operatingIncomeRatio": -0.1469400879, "totalOtherIncomeExpensesNet": 1997000, "incomeBeforeTax": -74702000, "incomeBeforeTaxRatio": -0.2052912612, "incomeTaxExpense": -28905000, "netIncome": -46687000, "netIncomeRatio": -0.128302229, "eps": -0.23, "epsdiluted": -0.23, "weightedAverageShsOut": 200348688, "weightedAverageShsOutDil": 200348688, "link": "https://www.sec.gov/Archives/edgar/data/7332/000000733201000032/0000007332-01-000032-index.htm", "finalLink": "https://www.sec.gov/Archives/edgar/data/7332/000000733201000032/0000007332-01-000032-0001.txt", "calculatedOtherExpenses": 200480000, "calculatedOperatingExpenses": 225462000, "calculatedNetInterest": -23230000, "calculatedOtherIncome": 1997000, "calculatedIncomeNonControlling": 890000, "calculatedEbitda": -6242000}, {"date": "1999-12-31", "symbol": "SWN", "reportedCurrency": "USD", "cik": "0000007332", "fillingDate": "2000-03-29", "acceptedDate": "2000-03-29 00:00:00", "calendarYear": "1999", "period": "FY", "revenue": 280400000, "costOfRevenue": 138200000, "grossProfit": 142200000, "grossProfitRatio": 0.5071326676, "researchAndDevelopmentExpenses": 0, "generalAndAdministrativeExpenses": 0, "sellingAndMarketingExpenses": 0, "sellingGeneralAndAdministrativeExpenses": 0, "otherExpenses": 106200000, "operatingExpenses": 106200000, "costAndExpenses": 244400000, "interestIncome": 0, "interestExpense": 0, "depreciationAndAmortization": 45300000, "ebitda": 81300000, "ebitdaratio": 0.2899429387, "operatingIncome": 36000000, "operatingIncomeRatio": 0.1283880171, "totalOtherIncomeExpensesNet": -2300000, "incomeBeforeTax": 16300000, "incomeBeforeTaxRatio": 0.0581312411, "incomeTaxExpense": 6400000, "netIncome": 9900000, "netIncomeRatio": 0.0353067047, "eps": 0.05, "epsdiluted": 0.0496, "weightedAverageShsOut": 199532400, "weightedAverageShsOutDil": 199576168, "link": "https://www.sec.gov/Archives/edgar/data/7332/000000733200000008/0000007332-00-000008-index.html", "finalLink": "https://www.sec.gov/Archives/edgar/data/7332/000000733200000008/", "calculatedOtherExpenses": 106200000, "calculatedOperatingExpenses": 106200000, "calculatedNetInterest": 0, "calculatedOtherIncome": -19700000, "calculatedIncomeNonControlling": 0, "calculatedEbitda": 81300000}, {"date": "1998-12-31", "symbol": "SWN", "reportedCurrency": "USD", "cik": "0000007332", "fillingDate": "1999-03-30", "acceptedDate": "1999-03-30 00:00:00", "calendarYear": "1998", "period": "FY", "revenue": 266300000, "costOfRevenue": 113100000, "grossProfit": 153200000, "grossProfitRatio": 0.5752910252, "researchAndDevelopmentExpenses": 0, "generalAndAdministrativeExpenses": 0, "sellingAndMarketingExpenses": 0, "sellingGeneralAndAdministrativeExpenses": 0, "otherExpenses": 182100000, "operatingExpenses": 182100000, "costAndExpenses": 295200000, "interestIncome": 0, "interestExpense": 17200000, "depreciationAndAmortization": 52300000, "ebitda": 23400000, "ebitdaratio": 0.0878708224, "operatingIncome": -28900000, "operatingIncomeRatio": -0.1085242208, "totalOtherIncomeExpensesNet": -4000000, "incomeBeforeTax": -50100000, "incomeBeforeTaxRatio": -0.1881336838, "incomeTaxExpense": -19500000, "netIncome": -30600000, "netIncomeRatio": -0.1149079985, "eps": -0.15, "epsdiluted": -0.15, "weightedAverageShsOut": 199057360, "weightedAverageShsOutDil": 199057360, "link": "https://www.sec.gov/Archives/edgar/data/7332/000000733299000009/0000007332-99-000009-index.html", "finalLink": "https://www.sec.gov/Archives/edgar/data/7332/", "calculatedOtherExpenses": 182100000, "calculatedOperatingExpenses": 182100000, "calculatedNetInterest": -17200000, "calculatedOtherIncome": -4000000, "calculatedIncomeNonControlling": 0, "calculatedEbitda": 23400000}, {"date": "1997-12-31", "symbol": "SWN", "reportedCurrency": "USD", "cik": "0000007332", "fillingDate": "1998-03-30", "acceptedDate": "1998-03-30 00:00:00", "calendarYear": "1997", "period": "FY", "revenue": 276200000, "costOfRevenue": 109900000, "grossProfit": 166300000, "grossProfitRatio": 0.6020999276, "researchAndDevelopmentExpenses": 0, "generalAndAdministrativeExpenses": 0, "sellingAndMarketingExpenses": 0, "sellingGeneralAndAdministrativeExpenses": 0, "otherExpenses": 114400000, "operatingExpenses": 114400000, "costAndExpenses": 224300000, "interestIncome": 0, "interestExpense": 0, "depreciationAndAmortization": 53500000, "ebitda": 105400000, "ebitdaratio": 0.3816075308, "operatingIncome": 51900000, "operatingIncomeRatio": 0.1879073135, "totalOtherIncomeExpensesNet": -5000000, "incomeBeforeTax": 30500000, "incomeBeforeTaxRatio": 0.1104272266, "incomeTaxExpense": 11800000, "netIncome": 18700000, "netIncomeRatio": 0.0677045619, "eps": 0.095, "epsdiluted": 0.095, "weightedAverageShsOut": 196842105, "weightedAverageShsOutDil": 196842105, "link": "https://www.sec.gov/Archives/edgar/data/7332/000000733298000008/0000007332-98-000008-index.html", "finalLink": "https://www.sec.gov/Archives/edgar/data/7332/", "calculatedOtherExpenses": 114400000, "calculatedOperatingExpenses": 114400000, "calculatedNetInterest": 0, "calculatedOtherIncome": -21400000, "calculatedIncomeNonControlling": 0, "calculatedEbitda": 105400000}, {"date": "1996-12-31", "symbol": "SWN", "reportedCurrency": "USD", "cik": "0000007332", "fillingDate": "1997-03-27", "acceptedDate": "1997-03-27 00:00:00", "calendarYear": "1996", "period": "FY", "revenue": 189200000, "costOfRevenue": 42900000, "grossProfit": 146300000, "grossProfitRatio": 0.773255814, "researchAndDevelopmentExpenses": 0, "generalAndAdministrativeExpenses": 0, "sellingAndMarketingExpenses": 0, "sellingGeneralAndAdministrativeExpenses": 0, "otherExpenses": 98400000, "operatingExpenses": 98400000, "costAndExpenses": 141300000, "interestIncome": 0, "interestExpense": 13000000, "depreciationAndAmortization": 46700000, "ebitda": 94600000, "ebitdaratio": 0.5, "operatingIncome": 47900000, "operatingIncomeRatio": 0.2531712474, "totalOtherIncomeExpensesNet": -4000000, "incomeBeforeTax": 31000000, "incomeBeforeTaxRatio": 0.1638477801, "incomeTaxExpense": 11800000, "netIncome": 19200000, "netIncomeRatio": 0.1014799154, "eps": 0.0975, "epsdiluted": 0.0963, "weightedAverageShsOut": 196923077, "weightedAverageShsOutDil": 199480519, "link": "https://www.sec.gov/Archives/edgar/data/7332/000000733297000008/0000007332-97-000008-index.html", "finalLink": "https://www.sec.gov/Archives/edgar/data/7332/", "calculatedOtherExpenses": 98400000, "calculatedOperatingExpenses": 98400000, "calculatedNetInterest": -13000000, "calculatedOtherIncome": -3900000, "calculatedIncomeNonControlling": 0, "calculatedEbitda": 94600000}, {"date": "1995-12-31", "symbol": "SWN", "reportedCurrency": "USD", "cik": "0000007332", "fillingDate": "1996-03-29", "acceptedDate": "1996-03-29 00:00:00", "calendarYear": "1995", "period": "FY", "revenue": 153200000, "costOfRevenue": 37100000, "grossProfit": 116100000, "grossProfitRatio": 0.7578328982, "researchAndDevelopmentExpenses": 0, "generalAndAdministrativeExpenses": 0, "sellingAndMarketingExpenses": 0, "sellingGeneralAndAdministrativeExpenses": 0, "otherExpenses": 84800000, "operatingExpenses": 84800000, "costAndExpenses": 121900000, "interestIncome": 0, "interestExpense": 11200000, "depreciationAndAmortization": 37500000, "ebitda": 68800000, "ebitdaratio": 0.4490861619, "operatingIncome": 31300000, "operatingIncomeRatio": 0.204308094, "totalOtherIncomeExpensesNet": -1200000, "incomeBeforeTax": 18800000, "incomeBeforeTaxRatio": 0.1227154047, "incomeTaxExpense": 7300000, "netIncome": 11200000, "netIncomeRatio": 0.0731070496, "eps": 0.0563, "epsdiluted": 0.0563, "weightedAverageShsOut": 199111111, "weightedAverageShsOutDil": 199111111, "link": "https://www.sec.gov/Archives/edgar/data/7332/000000733296000010/0000007332-96-000010-index.html", "finalLink": "https://www.sec.gov/Archives/edgar/data/7332/", "calculatedOtherExpenses": 84800000, "calculatedOperatingExpenses": 84800000, "calculatedNetInterest": -11200000, "calculatedOtherIncome": -1300000, "calculatedIncomeNonControlling": 300000, "calculatedEbitda": 68800000}, {"date": "1994-12-31", "symbol": "SWN", "reportedCurrency": "USD", "cik": "0000007332", "fillingDate": "1995-03-31", "acceptedDate": "1995-03-31 00:00:00", "calendarYear": "1994", "period": "FY", "revenue": 170100000, "costOfRevenue": 36400000, "grossProfit": 133700000, "grossProfitRatio": 0.7860082305, "researchAndDevelopmentExpenses": 0, "generalAndAdministrativeExpenses": 0, "sellingAndMarketingExpenses": 0, "sellingGeneralAndAdministrativeExpenses": 0, "otherExpenses": 81700000, "operatingExpenses": 81700000, "costAndExpenses": 118100000, "interestIncome": 0, "interestExpense": 8900000, "depreciationAndAmortization": 38200000, "ebitda": 90200000, "ebitdaratio": 0.5302763081, "operatingIncome": 52000000, "operatingIncomeRatio": 0.3057025279, "totalOtherIncomeExpensesNet": -2400000, "incomeBeforeTax": 40800000, "incomeBeforeTaxRatio": 0.2398589065, "incomeTaxExpense": 15700000, "netIncome": 25100000, "netIncomeRatio": 0.1475602587, "eps": 0.12, "epsdiluted": 0.12, "weightedAverageShsOut": 204897959, "weightedAverageShsOutDil": 204897959, "link": "https://www.sec.gov/Archives/edgar/data/7332/000093066195000059/0000930661-95-000059-index.html", "finalLink": "https://www.sec.gov/Archives/edgar/data/7332/", "calculatedOtherExpenses": 81700000, "calculatedOperatingExpenses": 81700000, "calculatedNetInterest": -8900000, "calculatedOtherIncome": -2300000, "calculatedIncomeNonControlling": 0, "calculatedEbitda": 90200000}, {"date": "1993-12-31", "symbol": "SWN", "reportedCurrency": "USD", "cik": "0000007332", "fillingDate": "1994-03-30", "acceptedDate": "1994-03-30 00:00:00", "calendarYear": "1993", "period": "FY", "revenue": 174800000, "costOfRevenue": 0, "grossProfit": 174800000, "grossProfitRatio": 1, "researchAndDevelopmentExpenses": 0, "generalAndAdministrativeExpenses": 0, "sellingAndMarketingExpenses": 0, "sellingGeneralAndAdministrativeExpenses": 0, "otherExpenses": 0, "operatingExpenses": 0, "costAndExpenses": 0, "interestIncome": 0, "interestExpense": 0, "depreciationAndAmortization": 0, "ebitda": 174800000, "ebitdaratio": 1, "operatingIncome": 174800000, "operatingIncomeRatio": 1, "totalOtherIncomeExpensesNet": -137600000, "incomeBeforeTax": 37200000, "incomeBeforeTaxRatio": 0.2128146453, "incomeTaxExpense": -37200000, "netIncome": 37200000, "netIncomeRatio": 0.2128146453, "eps": 0.18, "epsdiluted": 0.18, "weightedAverageShsOut": 206666667, "weightedAverageShsOutDil": 206666667, "link": "https://www.sec.gov/Archives/edgar/data/7332/000091205794001183/0000912057-94-001183-index.html", "finalLink": "https://www.sec.gov/Archives/edgar/data/7332/", "calculatedOtherExpenses": 0, "calculatedOperatingExpenses": 0, "calculatedNetInterest": 0, "calculatedOtherIncome": -137600000, "calculatedIncomeNonControlling": 37200000, "calculatedEbitda": 174800000}, {"date": "1992-12-31", "symbol": "SWN", "reportedCurrency": "USD", "cik": "0000007332", "fillingDate": "1992-12-31", "acceptedDate": "1992-12-31 00:00:00", "calendarYear": "1992", "period": "FY", "revenue": 141200000, "costOfRevenue": 0, "grossProfit": 141200000, "grossProfitRatio": 1, "researchAndDevelopmentExpenses": 0, "generalAndAdministrativeExpenses": 0, "sellingAndMarketingExpenses": 0, "sellingGeneralAndAdministrativeExpenses": 0, "otherExpenses": 0, "operatingExpenses": 0, "costAndExpenses": 0, "interestIncome": 0, "interestExpense": 0, "depreciationAndAmortization": 0, "ebitda": 141200000, "ebitdaratio": 1, "operatingIncome": 141200000, "operatingIncomeRatio": 1, "totalOtherIncomeExpensesNet": -118900000, "incomeBeforeTax": 22300000, "incomeBeforeTaxRatio": 0.1579320113, "incomeTaxExpense": -22300000, "netIncome": 22300000, "netIncomeRatio": 0.1579320113, "eps": 0.11, "epsdiluted": 0.11, "weightedAverageShsOut": 205057471, "weightedAverageShsOutDil": 205057471, "link": null, "finalLink": null, "calculatedOtherExpenses": 0, "calculatedOperatingExpenses": 0, "calculatedNetInterest": 0, "calculatedOtherIncome": -118900000, "calculatedIncomeNonControlling": 22300000, "calculatedEbitda": 141200000}, {"date": "1991-12-31", "symbol": "SWN", "reportedCurrency": "USD", "cik": "0000007332", "fillingDate": "1991-12-31", "acceptedDate": "1991-12-31 00:00:00", "calendarYear": "1991", "period": "FY", "revenue": 136400000, "costOfRevenue": 0, "grossProfit": 136400000, "grossProfitRatio": 1, "researchAndDevelopmentExpenses": 0, "generalAndAdministrativeExpenses": 0, "sellingAndMarketingExpenses": 0, "sellingGeneralAndAdministrativeExpenses": 0, "otherExpenses": 0, "operatingExpenses": 0, "costAndExpenses": 0, "interestIncome": 0, "interestExpense": 0, "depreciationAndAmortization": 0, "ebitda": 136400000, "ebitdaratio": 1, "operatingIncome": 136400000, "operatingIncomeRatio": 1, "totalOtherIncomeExpensesNet": -116300000, "incomeBeforeTax": 20100000, "incomeBeforeTaxRatio": 0.1473607038, "incomeTaxExpense": -20100000, "netIncome": 20100000, "netIncomeRatio": 0.1473607038, "eps": 0.0975, "epsdiluted": 0.0975, "weightedAverageShsOut": 206153846, "weightedAverageShsOutDil": 206153846, "link": null, "finalLink": null, "calculatedOtherExpenses": 0, "calculatedOperatingExpenses": 0, "calculatedNetInterest": 0, "calculatedOtherIncome": -116300000, "calculatedIncomeNonControlling": 20100000, "calculatedEbitda": 136400000}, {"date": "1990-12-31", "symbol": "SWN", "reportedCurrency": "USD", "cik": "0000007332", "fillingDate": "1990-12-31", "acceptedDate": "1990-12-31 00:00:00", "calendarYear": "1990", "period": "FY", "revenue": 117100000, "costOfRevenue": 0, "grossProfit": 117100000, "grossProfitRatio": 1, "researchAndDevelopmentExpenses": 0, "generalAndAdministrativeExpenses": 0, "sellingAndMarketingExpenses": 0, "sellingGeneralAndAdministrativeExpenses": 0, "otherExpenses": 0, "operatingExpenses": 0, "costAndExpenses": 0, "interestIncome": 0, "interestExpense": 0, "depreciationAndAmortization": 0, "ebitda": 117100000, "ebitdaratio": 1, "operatingIncome": 117100000, "operatingIncomeRatio": 1, "totalOtherIncomeExpensesNet": -102600000, "incomeBeforeTax": 14500000, "incomeBeforeTaxRatio": 0.1238257899, "incomeTaxExpense": -14500000, "netIncome": 14500000, "netIncomeRatio": 0.1238257899, "eps": 0.0712, "epsdiluted": 0.0712, "weightedAverageShsOut": 203508772, "weightedAverageShsOutDil": 203508772, "link": null, "finalLink": null, "calculatedOtherExpenses": 0, "calculatedOperatingExpenses": 0, "calculatedNetInterest": 0, "calculatedOtherIncome": -102600000, "calculatedIncomeNonControlling": 14500000, "calculatedEbitda": 117100000}, {"date": "1989-12-31", "symbol": "SWN", "reportedCurrency": "USD", "cik": "0000007332", "fillingDate": "1989-12-31", "acceptedDate": "1989-12-31 00:00:00", "calendarYear": "1989", "period": "FY", "revenue": 122300000, "costOfRevenue": 0, "grossProfit": 122300000, "grossProfitRatio": 1, "researchAndDevelopmentExpenses": 0, "generalAndAdministrativeExpenses": 0, "sellingAndMarketingExpenses": 0, "sellingGeneralAndAdministrativeExpenses": 0, "otherExpenses": 0, "operatingExpenses": 0, "costAndExpenses": 0, "interestIncome": 0, "interestExpense": 0, "depreciationAndAmortization": 0, "ebitda": 122300000, "ebitdaratio": 1, "operatingIncome": 122300000, "operatingIncomeRatio": 1, "totalOtherIncomeExpensesNet": -108300000, "incomeBeforeTax": 14000000, "incomeBeforeTaxRatio": 0.1144726083, "incomeTaxExpense": -14000000, "netIncome": 14000000, "netIncomeRatio": 0.1144726083, "eps": 0.07, "epsdiluted": 0.07, "weightedAverageShsOut": 200000000, "weightedAverageShsOutDil": 200000000, "link": null, "finalLink": null, "calculatedOtherExpenses": 0, "calculatedOperatingExpenses": 0, "calculatedNetInterest": 0, "calculatedOtherIncome": -108300000, "calculatedIncomeNonControlling": 14000000, "calculatedEbitda": 122300000}, {"date": "1988-12-31", "symbol": "SWN", "reportedCurrency": "USD", "cik": "0000007332", "fillingDate": "1988-12-31", "acceptedDate": "1988-12-31 00:00:00", "calendarYear": "1988", "period": "FY", "revenue": 95300000, "costOfRevenue": 0, "grossProfit": 95300000, "grossProfitRatio": 1, "researchAndDevelopmentExpenses": 0, "generalAndAdministrativeExpenses": 0, "sellingAndMarketingExpenses": 0, "sellingGeneralAndAdministrativeExpenses": 0, "otherExpenses": 0, "operatingExpenses": 0, "costAndExpenses": 0, "interestIncome": 0, "interestExpense": 0, "depreciationAndAmortization": 0, "ebitda": 95300000, "ebitdaratio": 1, "operatingIncome": 95300000, "operatingIncomeRatio": 1, "totalOtherIncomeExpensesNet": -83800000, "incomeBeforeTax": 11500000, "incomeBeforeTaxRatio": 0.1206715635, "incomeTaxExpense": -11500000, "netIncome": 11500000, "netIncomeRatio": 0.1206715635, "eps": 0.0575, "epsdiluted": 0.0575, "weightedAverageShsOut": 200000000, "weightedAverageShsOutDil": 200000000, "link": null, "finalLink": null, "calculatedOtherExpenses": 0, "calculatedOperatingExpenses": 0, "calculatedNetInterest": 0, "calculatedOtherIncome": -83800000, "calculatedIncomeNonControlling": 11500000, "calculatedEbitda": 95300000}, {"date": "1987-12-31", "symbol": "SWN", "reportedCurrency": "USD", "cik": "0000007332", "fillingDate": "1987-12-31", "acceptedDate": "1987-12-31 00:00:00", "calendarYear": "1987", "period": "FY", "revenue": 71300000, "costOfRevenue": 0, "grossProfit": 71300000, "grossProfitRatio": 1, "researchAndDevelopmentExpenses": 0, "generalAndAdministrativeExpenses": 0, "sellingAndMarketingExpenses": 0, "sellingGeneralAndAdministrativeExpenses": 0, "otherExpenses": 0, "operatingExpenses": 0, "costAndExpenses": 0, "interestIncome": 0, "interestExpense": 0, "depreciationAndAmortization": 0, "ebitda": 71300000, "ebitdaratio": 1, "operatingIncome": 71300000, "operatingIncomeRatio": 1, "totalOtherIncomeExpensesNet": -61500000, "incomeBeforeTax": 9800000, "incomeBeforeTaxRatio": 0.1374474053, "incomeTaxExpense": -9800000, "netIncome": 9800000, "netIncomeRatio": 0.1374474053, "eps": 0.0488, "epsdiluted": 0.0488, "weightedAverageShsOut": 201025641, "weightedAverageShsOutDil": 201025641, "link": null, "finalLink": null, "calculatedOtherExpenses": 0, "calculatedOperatingExpenses": 0, "calculatedNetInterest": 0, "calculatedOtherIncome": -61500000, "calculatedIncomeNonControlling": 9800000, "calculatedEbitda": 71300000}, {"date": "1986-12-31", "symbol": "SWN", "reportedCurrency": "USD", "cik": "0000007332", "fillingDate": "1986-12-31", "acceptedDate": "1986-12-31 00:00:00", "calendarYear": "1986", "period": "FY", "revenue": 75200000, "costOfRevenue": 0, "grossProfit": 75200000, "grossProfitRatio": 1, "researchAndDevelopmentExpenses": 0, "generalAndAdministrativeExpenses": 0, "sellingAndMarketingExpenses": 0, "sellingGeneralAndAdministrativeExpenses": 0, "otherExpenses": 0, "operatingExpenses": 0, "costAndExpenses": 0, "interestIncome": 0, "interestExpense": 0, "depreciationAndAmortization": 0, "ebitda": 75200000, "ebitdaratio": 1, "operatingIncome": 75200000, "operatingIncomeRatio": 1, "totalOtherIncomeExpensesNet": -61800000, "incomeBeforeTax": 13400000, "incomeBeforeTaxRatio": 0.1781914894, "incomeTaxExpense": -13400000, "netIncome": 13400000, "netIncomeRatio": 0.1781914894, "eps": 0.0675, "epsdiluted": 0.0675, "weightedAverageShsOut": 198518519, "weightedAverageShsOutDil": 198518519, "link": null, "finalLink": null, "calculatedOtherExpenses": 0, "calculatedOperatingExpenses": 0, "calculatedNetInterest": 0, "calculatedOtherIncome": -61800000, "calculatedIncomeNonControlling": 13400000, "calculatedEbitda": 75200000}, {"date": "1985-12-31", "symbol": "SWN", "reportedCurrency": "USD", "cik": "0000007332", "fillingDate": "1985-12-31", "acceptedDate": "1985-12-31 00:00:00", "calendarYear": "1985", "period": "FY", "revenue": 99200000, "costOfRevenue": 0, "grossProfit": 99200000, "grossProfitRatio": 1, "researchAndDevelopmentExpenses": 0, "generalAndAdministrativeExpenses": 0, "sellingAndMarketingExpenses": 0, "sellingGeneralAndAdministrativeExpenses": 0, "otherExpenses": 0, "operatingExpenses": 0, "costAndExpenses": 0, "interestIncome": 0, "interestExpense": 0, "depreciationAndAmortization": 0, "ebitda": 99200000, "ebitdaratio": 1, "operatingIncome": 99200000, "operatingIncomeRatio": 1, "totalOtherIncomeExpensesNet": -78200000, "incomeBeforeTax": 21000000, "incomeBeforeTaxRatio": 0.2116935484, "incomeTaxExpense": -21000000, "netIncome": 21000000, "netIncomeRatio": 0.2116935484, "eps": 0.1, "epsdiluted": 0.1, "weightedAverageShsOut": 210000000, "weightedAverageShsOutDil": 210000000, "link": null, "finalLink": null, "calculatedOtherExpenses": 0, "calculatedOperatingExpenses": 0, "calculatedNetInterest": 0, "calculatedOtherIncome": -78200000, "calculatedIncomeNonControlling": 21000000, "calculatedEbitda": 99200000}]}