{"originalCurrency": "USD", "convertedCurrency": "USD", "report": [{"date": "2023-12-31", "symbol": "SWX", "reportedCurrency": "USD", "cik": "0001692115", "fillingDate": "2024-02-28", "acceptedDate": "2024-02-28 08:14:30", "calendarYear": "2023", "period": "FY", "revenue": 5433972000, "costOfRevenue": 4855661000, "grossProfit": 578311000, "grossProfitRatio": 0.1064250975, "researchAndDevelopmentExpenses": 0, "generalAndAdministrativeExpenses": -151000, "sellingAndMarketingExpenses": 0, "sellingGeneralAndAdministrativeExpenses": -151000, "otherExpenses": -88751000, "operatingExpenses": 88751000, "costAndExpenses": 4944412000, "interestIncome": 50757000, "interestExpense": 299137000, "depreciationAndAmortization": 440908000, "ebitda": 930468000, "ebitdaratio": 0.1712316515, "operatingIncome": 489560000, "operatingIncomeRatio": 0.0900924775, "totalOtherIncomeExpensesNet": -292211000, "incomeBeforeTax": 197349000, "incomeBeforeTaxRatio": 0.0363176328, "incomeTaxExpense": 41832000, "netIncome": 150889000, "netIncomeRatio": 0.0277677176, "eps": 2.13, "epsdiluted": 2.13, "weightedAverageShsOut": 70787000, "weightedAverageShsOutDil": 70990000, "link": "https://www.sec.gov/Archives/edgar/data/1692115/000169211524000038/0001692115-24-000038-index.htm", "finalLink": "https://www.sec.gov/Archives/edgar/data/92416/000169211524000038/swx-20231231.htm", "calculatedOtherExpenses": 88902000, "calculatedOperatingExpenses": 88751000, "calculatedNetInterest": -248380000, "calculatedOtherIncome": -43831000, "calculatedIncomeNonControlling": 4628000, "calculatedEbitda": 930468000}, {"date": "2022-12-31", "symbol": "SWX", "reportedCurrency": "USD", "cik": "0001692115", "fillingDate": "2023-02-28", "acceptedDate": "2023-02-28 16:51:26", "calendarYear": "2022", "period": "FY", "revenue": 4960009000, "costOfRevenue": 3965144000, "grossProfit": 994865000, "grossProfitRatio": 0.200577257, "researchAndDevelopmentExpenses": 0, "generalAndAdministrativeExpenses": 263000, "sellingAndMarketingExpenses": 0, "sellingGeneralAndAdministrativeExpenses": 263000, "otherExpenses": 563838000, "operatingExpenses": 564101000, "costAndExpenses": 4529245000, "interestIncome": 16183000, "interestExpense": 242750000, "depreciationAndAmortization": 263043000, "ebitda": 1408896000, "ebitdaratio": 0.2840510975, "operatingIncome": 1145853000, "operatingIncomeRatio": 0.2310183308, "totalOtherIncomeExpensesNet": -1419190000, "incomeBeforeTax": -273337000, "incomeBeforeTaxRatio": -0.0551081661, "incomeTaxExpense": 1349143000, "netIncome": -1622480000, "netIncomeRatio": -0.3271123097, "eps": -24.75, "epsdiluted": -24.75, "weightedAverageShsOut": 65558000, "weightedAverageShsOutDil": 65558000, "link": "https://www.sec.gov/Archives/edgar/data/1692115/000169211523000056/0001692115-23-000056-index.htm", "finalLink": "https://www.sec.gov/Archives/edgar/data/92416/000169211523000056/swx-20221231.htm", "calculatedOtherExpenses": -151251000, "calculatedOperatingExpenses": -150988000, "calculatedNetInterest": -226567000, "calculatedOtherIncome": -1192623000, "calculatedIncomeNonControlling": 0, "calculatedEbitda": 1408896000}, {"date": "2021-12-31", "symbol": "SWX", "reportedCurrency": "USD", "cik": "0001692115", "fillingDate": "2022-03-01", "acceptedDate": "2022-03-01 16:48:28", "calendarYear": "2021", "period": "FY", "revenue": 3680451000, "costOfRevenue": 2859520000, "grossProfit": 820931000, "grossProfitRatio": 0.2230517401, "researchAndDevelopmentExpenses": 0, "generalAndAdministrativeExpenses": 7000, "sellingAndMarketingExpenses": 0, "sellingGeneralAndAdministrativeExpenses": 7000, "otherExpenses": 451384000, "operatingExpenses": 451391000, "costAndExpenses": 3310911000, "interestIncome": 5113000, "interestExpense": 119198000, "depreciationAndAmortization": 253398000, "ebitda": 1344281000, "ebitdaratio": 0.3652489871, "operatingIncome": 1090883000, "operatingIncomeRatio": 0.2963992728, "totalOtherIncomeExpensesNet": -844033000, "incomeBeforeTax": 246850000, "incomeBeforeTaxRatio": 0.0670705846, "incomeTaxExpense": 39648000, "netIncome": 200779000, "netIncomeRatio": 0.0545528252, "eps": 3.39, "epsdiluted": 3.39, "weightedAverageShsOut": 59145000, "weightedAverageShsOutDil": 59259000, "link": "https://www.sec.gov/Archives/edgar/data/1692115/000169211522000005/0001692115-22-000005-index.htm", "finalLink": "https://www.sec.gov/Archives/edgar/data/92416/000169211522000005/swx-20211231.htm", "calculatedOtherExpenses": -269959000, "calculatedOperatingExpenses": -269952000, "calculatedNetInterest": -114085000, "calculatedOtherIncome": -729948000, "calculatedIncomeNonControlling": 6423000, "calculatedEbitda": 1344281000}, {"date": "2020-12-31", "symbol": "SWX", "reportedCurrency": "USD", "cik": "0001692115", "fillingDate": "2021-02-25", "acceptedDate": "2021-02-25 16:57:28", "calendarYear": "2020", "period": "FY", "revenue": 3298873000, "costOfRevenue": 2480382000, "grossProfit": 818491000, "grossProfitRatio": 0.2481123099, "researchAndDevelopmentExpenses": 0, "generalAndAdministrativeExpenses": -8000, "sellingAndMarketingExpenses": 0, "sellingGeneralAndAdministrativeExpenses": -8000, "otherExpenses": 395487000, "operatingExpenses": 395479000, "costAndExpenses": 2875861000, "interestIncome": 4015000, "interestExpense": 111477000, "depreciationAndAmortization": 320530000, "ebitda": 743534000, "ebitdaratio": 0.2253903075, "operatingIncome": 423004000, "operatingIncomeRatio": 0.1282268217, "totalOtherIncomeExpensesNet": -118266000, "incomeBeforeTax": 304738000, "incomeBeforeTaxRatio": 0.0923763964, "incomeTaxExpense": 65753000, "netIncome": 232324000, "netIncomeRatio": 0.0704252634, "eps": 4.15, "epsdiluted": 4.14, "weightedAverageShsOut": 55998000, "weightedAverageShsOutDil": 56076000, "link": "https://www.sec.gov/Archives/edgar/data/1692115/000169211521000008/0001692115-21-000008-index.htm", "finalLink": "https://www.sec.gov/Archives/edgar/data/92416/000169211521000008/swx-20201231.htm", "calculatedOtherExpenses": 395495000, "calculatedOperatingExpenses": 395487000, "calculatedNetInterest": -107462000, "calculatedOtherIncome": -10804000, "calculatedIncomeNonControlling": 6661000, "calculatedEbitda": 743534000}, {"date": "2019-12-31", "symbol": "SWX", "reportedCurrency": "USD", "cik": "0001692115", "fillingDate": "2020-03-02", "acceptedDate": "2020-03-02 09:17:23", "calendarYear": "2019", "period": "FY", "revenue": 3119917000, "costOfRevenue": 2382541000, "grossProfit": 737376000, "grossProfitRatio": 0.2363447489, "researchAndDevelopmentExpenses": 0, "generalAndAdministrativeExpenses": -102000, "sellingAndMarketingExpenses": 0, "sellingGeneralAndAdministrativeExpenses": -102000, "otherExpenses": 365565000, "operatingExpenses": 365463000, "costAndExpenses": 2748004000, "interestIncome": 6356000, "interestExpense": 109226000, "depreciationAndAmortization": 303237000, "ebitda": 3119917000, "ebitdaratio": 1, "operatingIncome": 2816680000, "operatingIncomeRatio": 0.9028060682, "totalOtherIncomeExpensesNet": -2544010000, "incomeBeforeTax": 272670000, "incomeBeforeTaxRatio": 0.0873965557, "incomeTaxExpense": 56023000, "netIncome": 213936000, "netIncomeRatio": 0.0685710549, "eps": 3.94, "epsdiluted": 3.94, "weightedAverageShsOut": 54245000, "weightedAverageShsOutDil": 54312000, "link": "https://www.sec.gov/Archives/edgar/data/1692115/000169211520000016/0001692115-20-000016-index.htm", "finalLink": "https://www.sec.gov/Archives/edgar/data/92416/000169211520000016/swx12311910k.htm", "calculatedOtherExpenses": -2079202000, "calculatedOperatingExpenses": -2079304000, "calculatedNetInterest": -102870000, "calculatedOtherIncome": -2441140000, "calculatedIncomeNonControlling": 2711000, "calculatedEbitda": 3119917000}, {"date": "2018-12-31", "symbol": "SWX", "reportedCurrency": "USD", "cik": "0001692115", "fillingDate": "2019-02-28", "acceptedDate": "2019-02-28 09:53:59", "calendarYear": "2018", "period": "FY", "revenue": 2880013000, "costOfRevenue": 2213470000, "grossProfit": 666543000, "grossProfitRatio": 0.231437497, "researchAndDevelopmentExpenses": 0, "generalAndAdministrativeExpenses": -52000, "sellingAndMarketingExpenses": 0, "sellingGeneralAndAdministrativeExpenses": -52000, "otherExpenses": -27522000, "operatingExpenses": 309058000, "costAndExpenses": 2522528000, "interestIncome": 6108000, "interestExpense": 96671000, "depreciationAndAmortization": 249212000, "ebitda": 2880013000, "ebitdaratio": 1, "operatingIncome": 357433000, "operatingIncomeRatio": 0.1241081203, "totalOtherIncomeExpensesNet": -23586000, "incomeBeforeTax": 243336000, "incomeBeforeTaxRatio": 0.0844912853, "incomeTaxExpense": 61684000, "netIncome": 182277000, "netIncomeRatio": 0.0632903393, "eps": 3.69, "epsdiluted": 3.68, "weightedAverageShsOut": 49419000, "weightedAverageShsOutDil": 49476000, "link": "https://www.sec.gov/Archives/edgar/data/1692115/000169211519000013/0001692115-19-000013-index.htm", "finalLink": "https://www.sec.gov/Archives/edgar/data/92416/000169211519000013/swx12311810k.htm", "calculatedOtherExpenses": 309162000, "calculatedOperatingExpenses": 309110000, "calculatedNetInterest": -90563000, "calculatedOtherIncome": -23534000, "calculatedIncomeNonControlling": -625000, "calculatedEbitda": 606645000}, {"date": "2017-12-31", "symbol": "SWX", "reportedCurrency": "USD", "cik": "0001692115", "fillingDate": "2018-02-28", "acceptedDate": "2018-02-28 15:44:43", "calendarYear": "2017", "period": "FY", "revenue": 2548792000, "costOfRevenue": 1916195000, "grossProfit": 632597000, "grossProfitRatio": 0.2481948311, "researchAndDevelopmentExpenses": 0, "generalAndAdministrativeExpenses": -13000, "sellingAndMarketingExpenses": 0, "sellingGeneralAndAdministrativeExpenses": -13000, "otherExpenses": 8000000, "operatingExpenses": 308884000, "costAndExpenses": 2225079000, "interestIncome": 2787000, "interestExpense": 78064000, "depreciationAndAmortization": 250951000, "ebitda": 2548792000, "ebitdaratio": 1, "operatingIncome": 323700000, "operatingIncomeRatio": 0.1270013402, "totalOtherIncomeExpensesNet": 10594000, "incomeBeforeTax": 259030000, "incomeBeforeTaxRatio": 0.1016285362, "incomeTaxExpense": 65088000, "netIncome": 193841000, "netIncomeRatio": 0.0760521063, "eps": 4.04, "epsdiluted": 4.04, "weightedAverageShsOut": 47965000, "weightedAverageShsOutDil": 47991000, "link": "https://www.sec.gov/Archives/edgar/data/1692115/000119312518063850/0001193125-18-063850-index.htm", "finalLink": "https://www.sec.gov/Archives/edgar/data/92416/000119312518063850/d513923d10k.htm", "calculatedOtherExpenses": 308910000, "calculatedOperatingExpenses": 308897000, "calculatedNetInterest": -75277000, "calculatedOtherIncome": 10607000, "calculatedIncomeNonControlling": 101000, "calculatedEbitda": 574651000}, {"date": "2016-12-31", "symbol": "SWX", "reportedCurrency": "USD", "cik": "0001692115", "fillingDate": "2017-02-28", "acceptedDate": "2017-02-28 16:32:52", "calendarYear": "2016", "period": "FY", "revenue": 2460490000, "costOfRevenue": 1823268000, "grossProfit": 637222000, "grossProfitRatio": 0.2589817475, "researchAndDevelopmentExpenses": 0, "generalAndAdministrativeExpenses": 7400000, "sellingAndMarketingExpenses": 0, "sellingGeneralAndAdministrativeExpenses": 7400000, "otherExpenses": 5284000, "operatingExpenses": 341508000, "costAndExpenses": 2164776000, "interestIncome": 1849000, "interestExpense": 73660000, "depreciationAndAmortization": 289132000, "ebitda": 2460490000, "ebitdaratio": 1, "operatingIncome": 295714000, "operatingIncomeRatio": 0.1201850038, "totalOtherIncomeExpensesNet": 7620000, "incomeBeforeTax": 231523000, "incomeBeforeTaxRatio": 0.0940962979, "incomeTaxExpense": 78468000, "netIncome": 152041000, "netIncomeRatio": 0.0617929762, "eps": 3.2, "epsdiluted": 3.18, "weightedAverageShsOut": 47469000, "weightedAverageShsOutDil": 47814000, "link": "https://www.sec.gov/Archives/edgar/data/1692115/000119312517062419/0001193125-17-062419-index.htm", "finalLink": "https://www.sec.gov/Archives/edgar/data/92416/000119312517062419/d324082d10k.htm", "calculatedOtherExpenses": 334108000, "calculatedOperatingExpenses": 341508000, "calculatedNetInterest": -71811000, "calculatedOtherIncome": 7620000, "calculatedIncomeNonControlling": 1014000, "calculatedEbitda": 584846000}, {"date": "2015-12-31", "symbol": "SWX", "reportedCurrency": "USD", "cik": "0001692115", "fillingDate": "2015-12-31", "acceptedDate": "2015-12-30 19:00:00", "calendarYear": "2015", "period": "FY", "revenue": 2463625000, "costOfRevenue": 1855789000, "grossProfit": 607836000, "grossProfitRatio": 0.2467242377, "researchAndDevelopmentExpenses": 0, "generalAndAdministrativeExpenses": 500000, "sellingAndMarketingExpenses": 0, "sellingGeneralAndAdministrativeExpenses": 500000, "otherExpenses": -1788000, "operatingExpenses": 319504000, "costAndExpenses": 2175293000, "interestIncome": 2173000, "interestExpense": 71879000, "depreciationAndAmortization": 270111000, "ebitda": 2463625000, "ebitdaratio": 1, "operatingIncome": 288332000, "operatingIncomeRatio": 0.117035669, "totalOtherIncomeExpensesNet": 706000, "incomeBeforeTax": 219332000, "incomeBeforeTaxRatio": 0.0890281597, "incomeTaxExpense": 79902000, "netIncome": 138317000, "netIncomeRatio": 0.0561436907, "eps": 2.94, "epsdiluted": 2.92, "weightedAverageShsOut": 46992000, "weightedAverageShsOutDil": 47383000, "link": "", "finalLink": "", "calculatedOtherExpenses": 319004000, "calculatedOperatingExpenses": 319504000, "calculatedNetInterest": -69706000, "calculatedOtherIncome": 706000, "calculatedIncomeNonControlling": 1113000, "calculatedEbitda": 558443000}, {"date": "2014-12-31", "symbol": "SWX", "reportedCurrency": "USD", "cik": "0001692115", "fillingDate": "2014-12-31", "acceptedDate": "2014-12-30 19:00:00", "calendarYear": "2014", "period": "FY", "revenue": 2121707000, "costOfRevenue": 1536945000, "grossProfit": 584762000, "grossProfitRatio": 0.2756092147, "researchAndDevelopmentExpenses": 0, "generalAndAdministrativeExpenses": 5300000, "sellingAndMarketingExpenses": 0, "sellingGeneralAndAdministrativeExpenses": 5300000, "otherExpenses": 4683000, "operatingExpenses": 300279000, "costAndExpenses": 1837224000, "interestIncome": 2602000, "interestExpense": 72069000, "depreciationAndAmortization": 253027000, "ebitda": 2121707000, "ebitdaratio": 1, "operatingIncome": 284483000, "operatingIncomeRatio": 0.1340821329, "totalOtherIncomeExpensesNet": 4505000, "incomeBeforeTax": 219521000, "incomeBeforeTaxRatio": 0.1034643332, "incomeTaxExpense": 78373000, "netIncome": 141126000, "netIncomeRatio": 0.0665153105, "eps": 3.04, "epsdiluted": 3.01, "weightedAverageShsOut": 46494000, "weightedAverageShsOutDil": 46944000, "link": "", "finalLink": "", "calculatedOtherExpenses": 294979000, "calculatedOperatingExpenses": 300279000, "calculatedNetInterest": -69467000, "calculatedOtherIncome": 4505000, "calculatedIncomeNonControlling": 22000, "calculatedEbitda": 537510000}, {"date": "2013-12-31", "symbol": "SWX", "reportedCurrency": "USD", "cik": "0001692115", "fillingDate": "2013-12-31", "acceptedDate": "2013-12-30 19:00:00", "calendarYear": "2013", "period": "FY", "revenue": 1950782000, "costOfRevenue": 1394199000, "grossProfit": 556583000, "grossProfitRatio": 0.2853127618, "researchAndDevelopmentExpenses": 0, "generalAndAdministrativeExpenses": 12400000, "sellingAndMarketingExpenses": 0, "sellingGeneralAndAdministrativeExpenses": 12400000, "otherExpenses": 11971000, "operatingExpenses": 282368000, "costAndExpenses": 1676567000, "interestIncome": 461000, "interestExpense": 63700000, "depreciationAndAmortization": 236817000, "ebitda": 1950782000, "ebitdaratio": 1, "operatingIncome": 274215000, "operatingIncomeRatio": 0.1405667061, "totalOtherIncomeExpensesNet": 11839000, "incomeBeforeTax": 222815000, "incomeBeforeTaxRatio": 0.1142182981, "incomeTaxExpense": 77942000, "netIncome": 145320000, "netIncomeRatio": 0.0744932032, "eps": 3.14, "epsdiluted": 3.11, "weightedAverageShsOut": 46318000, "weightedAverageShsOutDil": 46758000, "link": "", "finalLink": "", "calculatedOtherExpenses": 269968000, "calculatedOperatingExpenses": 282368000, "calculatedNetInterest": -63239000, "calculatedOtherIncome": 11839000, "calculatedIncomeNonControlling": -447000, "calculatedEbitda": 511032000}, {"date": "2012-12-31", "symbol": "SWX", "reportedCurrency": "USD", "cik": "0001692115", "fillingDate": "2012-12-31", "acceptedDate": "2012-12-30 19:00:00", "calendarYear": "2012", "period": "FY", "revenue": 1927778000, "costOfRevenue": 1391104000, "grossProfit": 536674000, "grossProfitRatio": 0.2783899391, "researchAndDevelopmentExpenses": 0, "generalAndAdministrativeExpenses": 6600000, "sellingAndMarketingExpenses": 0, "sellingGeneralAndAdministrativeExpenses": 6600000, "otherExpenses": 6167000, "operatingExpenses": 265150000, "costAndExpenses": 1656254000, "interestIncome": 924000, "interestExpense": 68020000, "depreciationAndAmortization": 223422000, "ebitda": 502037000, "ebitdaratio": 0.2604226213, "operatingIncome": 271524000, "operatingIncomeRatio": 0.1408481682, "totalOtherIncomeExpensesNet": 3487000, "incomeBeforeTax": 207915000, "incomeBeforeTaxRatio": 0.107852149, "incomeTaxExpense": 75276000, "netIncome": 133331000, "netIncomeRatio": 0.0691630468, "eps": 2.89, "epsdiluted": 2.86, "weightedAverageShsOut": 46115000, "weightedAverageShsOutDil": 46555000, "link": "", "finalLink": "", "calculatedOtherExpenses": 258550000, "calculatedOperatingExpenses": 265150000, "calculatedNetInterest": -67096000, "calculatedOtherIncome": 3487000, "calculatedIncomeNonControlling": -692000, "calculatedEbitda": 494946000}, {"date": "2011-12-31", "symbol": "SWX", "reportedCurrency": "USD", "cik": "0001692115", "fillingDate": "2011-12-31", "acceptedDate": "2011-12-30 19:00:00", "calendarYear": "2011", "period": "FY", "revenue": 1887188000, "costOfRevenue": 1037192000, "grossProfit": 849996000, "grossProfitRatio": 0.4504034574, "researchAndDevelopmentExpenses": 0, "generalAndAdministrativeExpenses": 0, "sellingAndMarketingExpenses": 0, "sellingGeneralAndAdministrativeExpenses": 0, "otherExpenses": 599916000, "operatingExpenses": 599916000, "costAndExpenses": 1637108000, "interestIncome": 0, "interestExpense": 69602000, "depreciationAndAmortization": 200469000, "ebitda": 450549000, "ebitdaratio": 0.2387409204, "operatingIncome": 250080000, "operatingIncomeRatio": 0.1325146196, "totalOtherIncomeExpensesNet": -5412000, "incomeBeforeTax": 175066000, "incomeBeforeTaxRatio": 0.0927655326, "incomeTaxExpense": 63303000, "netIncome": 112287000, "netIncomeRatio": 0.0594996365, "eps": 2.45, "epsdiluted": 2.43, "weightedAverageShsOut": 45858000, "weightedAverageShsOutDil": 46291000, "link": "", "finalLink": "", "calculatedOtherExpenses": 599916000, "calculatedOperatingExpenses": 599916000, "calculatedNetInterest": -69602000, "calculatedOtherIncome": -5412000, "calculatedIncomeNonControlling": -524000, "calculatedEbitda": 450549000}, {"date": "2010-12-31", "symbol": "SWX", "reportedCurrency": "USD", "cik": "0001692115", "fillingDate": "2010-12-31", "acceptedDate": "2010-12-30 19:00:00", "calendarYear": "2010", "period": "FY", "revenue": 1830371000, "costOfRevenue": 1013979000, "grossProfit": 816392000, "grossProfitRatio": 0.4460254233, "researchAndDevelopmentExpenses": 0, "generalAndAdministrativeExpenses": 0, "sellingAndMarketingExpenses": 0, "sellingGeneralAndAdministrativeExpenses": 0, "otherExpenses": 584275000, "operatingExpenses": 584275000, "costAndExpenses": 1598254000, "interestIncome": 0, "interestExpense": 77589000, "depreciationAndAmortization": 190463000, "ebitda": 422580000, "ebitdaratio": 0.2308712277, "operatingIncome": 232117000, "operatingIncomeRatio": 0.1268141814, "totalOtherIncomeExpensesNet": 3850000, "incomeBeforeTax": 158378000, "incomeBeforeTaxRatio": 0.0865278132, "incomeTaxExpense": 54925000, "netIncome": 103877000, "netIncomeRatio": 0.0567518825, "eps": 2.29, "epsdiluted": 2.27, "weightedAverageShsOut": 45405000, "weightedAverageShsOutDil": 45823000, "link": "", "finalLink": "", "calculatedOtherExpenses": 584275000, "calculatedOperatingExpenses": 584275000, "calculatedNetInterest": -77589000, "calculatedOtherIncome": 3850000, "calculatedIncomeNonControlling": -424000, "calculatedEbitda": 422580000}, {"date": "2009-12-31", "symbol": "SWX", "reportedCurrency": "USD", "cik": "0001692115", "fillingDate": "2009-12-31", "acceptedDate": "2009-12-30 19:00:00", "calendarYear": "2009", "period": "FY", "revenue": 1893824000, "costOfRevenue": 1109091000, "grossProfit": 784733000, "grossProfitRatio": 0.4143642704, "researchAndDevelopmentExpenses": 0, "generalAndAdministrativeExpenses": 0, "sellingAndMarketingExpenses": 0, "sellingGeneralAndAdministrativeExpenses": 0, "otherExpenses": 576342000, "operatingExpenses": 576342000, "costAndExpenses": 1685433000, "interestIncome": 0, "interestExpense": 83001000, "depreciationAndAmortization": 190082000, "ebitda": 398473000, "ebitdaratio": 0.2104065637, "operatingIncome": 208391000, "operatingIncomeRatio": 0.1100371523, "totalOtherIncomeExpensesNet": 6645000, "incomeBeforeTax": 132035000, "incomeBeforeTaxRatio": 0.0697187278, "incomeTaxExpense": 44917000, "netIncome": 87482000, "netIncomeRatio": 0.0461933105, "eps": 1.95, "epsdiluted": 1.94, "weightedAverageShsOut": 44752000, "weightedAverageShsOutDil": 45062000, "link": "", "finalLink": "", "calculatedOtherExpenses": 576342000, "calculatedOperatingExpenses": 576342000, "calculatedNetInterest": -83001000, "calculatedOtherIncome": 6645000, "calculatedIncomeNonControlling": -364000, "calculatedEbitda": 398473000}, {"date": "2008-12-31", "symbol": "SWX", "reportedCurrency": "USD", "cik": "0001692115", "fillingDate": "2008-12-31", "acceptedDate": "2008-12-30 19:00:00", "calendarYear": "2008", "period": "FY", "revenue": 2144743000, "costOfRevenue": 0, "grossProfit": 2144743000, "grossProfitRatio": 1, "researchAndDevelopmentExpenses": 0, "generalAndAdministrativeExpenses": 0, "sellingAndMarketingExpenses": 0, "sellingGeneralAndAdministrativeExpenses": 0, "otherExpenses": 1936881000, "operatingExpenses": 1936881000, "costAndExpenses": 1936881000, "interestIncome": 0, "interestExpense": 92648000, "depreciationAndAmortization": 193719000, "ebitda": 414987000, "ebitdaratio": 0.1934903156, "operatingIncome": 207862000, "operatingIncomeRatio": 0.0969169733, "totalOtherIncomeExpensesNet": -13406000, "incomeBeforeTax": 101808000, "incomeBeforeTaxRatio": 0.0474686244, "incomeTaxExpense": 40835000, "netIncome": 60973000, "netIncomeRatio": 0.0284290472, "eps": 1.4, "epsdiluted": 1.39, "weightedAverageShsOut": 43476000, "weightedAverageShsOutDil": 43775000, "link": "", "finalLink": "", "calculatedOtherExpenses": 1936881000, "calculatedOperatingExpenses": 1936881000, "calculatedNetInterest": -92648000, "calculatedOtherIncome": -13406000, "calculatedIncomeNonControlling": 0, "calculatedEbitda": 401581000}, {"date": "2007-12-31", "symbol": "SWX", "reportedCurrency": "USD", "cik": "0001692115", "fillingDate": "2007-12-31", "acceptedDate": "2007-12-30 19:00:00", "calendarYear": "2007", "period": "FY", "revenue": 2152088000, "costOfRevenue": 0, "grossProfit": 2152088000, "grossProfitRatio": 1, "researchAndDevelopmentExpenses": 0, "generalAndAdministrativeExpenses": 0, "sellingAndMarketingExpenses": 0, "sellingGeneralAndAdministrativeExpenses": 0, "otherExpenses": 1931501000, "operatingExpenses": 1931501000, "costAndExpenses": 1931501000, "interestIncome": 0, "interestExpense": 96199000, "depreciationAndAmortization": 182514000, "ebitda": 396465000, "ebitdaratio": 0.1842234147, "operatingIncome": 220587000, "operatingIncomeRatio": 0.1024990614, "totalOtherIncomeExpensesNet": 6636000, "incomeBeforeTax": 131024000, "incomeBeforeTaxRatio": 0.0608822688, "incomeTaxExpense": 47778000, "netIncome": 83246000, "netIncomeRatio": 0.0386815037, "eps": 1.97, "epsdiluted": 1.95, "weightedAverageShsOut": 42336000, "weightedAverageShsOutDil": 42714000, "link": "", "finalLink": "", "calculatedOtherExpenses": 1931501000, "calculatedOperatingExpenses": 1931501000, "calculatedNetInterest": -96199000, "calculatedOtherIncome": 6636000, "calculatedIncomeNonControlling": 0, "calculatedEbitda": 403101000}, {"date": "2006-12-31", "symbol": "SWX", "reportedCurrency": "USD", "cik": "0001692115", "fillingDate": "2006-12-31", "acceptedDate": "2006-12-30 19:00:00", "calendarYear": "2006", "period": "FY", "revenue": 2024758000, "costOfRevenue": 0, "grossProfit": 2024758000, "grossProfitRatio": 1, "researchAndDevelopmentExpenses": 0, "generalAndAdministrativeExpenses": 0, "sellingAndMarketingExpenses": 0, "sellingGeneralAndAdministrativeExpenses": 0, "otherExpenses": 1815576000, "operatingExpenses": 1815576000, "costAndExpenses": 1815576000, "interestIncome": 0, "interestExpense": 94977000, "depreciationAndAmortization": 168964000, "ebitda": 363994000, "ebitdaratio": 0.1797716073, "operatingIncome": 209182000, "operatingIncomeRatio": 0.1033120995, "totalOtherIncomeExpensesNet": 14152000, "incomeBeforeTax": 128357000, "incomeBeforeTaxRatio": 0.0633937488, "incomeTaxExpense": 44497000, "netIncome": 83860000, "netIncomeRatio": 0.0414172953, "eps": 2.07, "epsdiluted": 2.05, "weightedAverageShsOut": 40566000, "weightedAverageShsOutDil": 40975000, "link": "", "finalLink": "", "calculatedOtherExpenses": 1815576000, "calculatedOperatingExpenses": 1815576000, "calculatedNetInterest": -94977000, "calculatedOtherIncome": 14152000, "calculatedIncomeNonControlling": 0, "calculatedEbitda": 378146000}, {"date": "2005-12-31", "symbol": "SWX", "reportedCurrency": "USD", "cik": "0001692115", "fillingDate": "2005-12-31", "acceptedDate": "2005-12-30 19:00:00", "calendarYear": "2005", "period": "FY", "revenue": 1714283000, "costOfRevenue": 0, "grossProfit": 1714283000, "grossProfitRatio": 1, "researchAndDevelopmentExpenses": 0, "generalAndAdministrativeExpenses": 0, "sellingAndMarketingExpenses": 0, "sellingGeneralAndAdministrativeExpenses": 0, "otherExpenses": 1563635000, "operatingExpenses": 1563635000, "costAndExpenses": 1563635000, "interestIncome": 0, "interestExpense": 90327000, "depreciationAndAmortization": 156253000, "ebitda": 298787000, "ebitdaratio": 0.1742926926, "operatingIncome": 150648000, "operatingIncomeRatio": 0.0878781391, "totalOtherIncomeExpensesNet": 8114000, "incomeBeforeTax": 68435000, "incomeBeforeTaxRatio": 0.0399204799, "incomeTaxExpense": 24612000, "netIncome": 43823000, "netIncomeRatio": 0.0255634571, "eps": 1.15, "epsdiluted": 1.14, "weightedAverageShsOut": 38132000, "weightedAverageShsOutDil": 38467000, "link": "", "finalLink": "", "calculatedOtherExpenses": 1563635000, "calculatedOperatingExpenses": 1563635000, "calculatedNetInterest": -90327000, "calculatedOtherIncome": 8114000, "calculatedIncomeNonControlling": 0, "calculatedEbitda": 306901000}, {"date": "2004-12-31", "symbol": "SWX", "reportedCurrency": "USD", "cik": "0001692115", "fillingDate": "2004-12-31", "acceptedDate": "2004-12-30 19:00:00", "calendarYear": "2004", "period": "FY", "revenue": 1477060000, "costOfRevenue": 0, "grossProfit": 1477060000, "grossProfitRatio": 1, "researchAndDevelopmentExpenses": 0, "generalAndAdministrativeExpenses": 0, "sellingAndMarketingExpenses": 0, "sellingGeneralAndAdministrativeExpenses": 0, "otherExpenses": 1307293000, "operatingExpenses": 1307293000, "costAndExpenses": 1307293000, "interestIncome": 0, "interestExpense": 86506000, "depreciationAndAmortization": 146018000, "ebitda": 312034000, "ebitdaratio": 0.2112534359, "operatingIncome": 169767000, "operatingIncomeRatio": 0.1149357507, "totalOtherIncomeExpensesNet": 3751000, "incomeBeforeTax": 87012000, "incomeBeforeTaxRatio": 0.0589089137, "incomeTaxExpense": 30237000, "netIncome": 56775000, "netIncomeRatio": 0.0384378427, "eps": 1.61, "epsdiluted": 1.6, "weightedAverageShsOut": 35204000, "weightedAverageShsOutDil": 35488000, "link": "", "finalLink": "", "calculatedOtherExpenses": 1307293000, "calculatedOperatingExpenses": 1307293000, "calculatedNetInterest": -86506000, "calculatedOtherIncome": 3751000, "calculatedIncomeNonControlling": 0, "calculatedEbitda": 315785000}, {"date": "2003-12-31", "symbol": "SWX", "reportedCurrency": "USD", "cik": "0001692115", "fillingDate": "2003-12-31", "acceptedDate": "2003-12-30 19:00:00", "calendarYear": "2003", "period": "FY", "revenue": 1231004000, "costOfRevenue": 0, "grossProfit": 1231004000, "grossProfitRatio": 1, "researchAndDevelopmentExpenses": 0, "generalAndAdministrativeExpenses": 0, "sellingAndMarketingExpenses": 0, "sellingGeneralAndAdministrativeExpenses": 0, "otherExpenses": 1095899000, "operatingExpenses": 1095899000, "costAndExpenses": 1095899000, "interestIncome": 0, "interestExpense": 79786000, "depreciationAndAmortization": 136439000, "ebitda": 267299000, "ebitdaratio": 0.2171390182, "operatingIncome": 135105000, "operatingIncomeRatio": 0.1097518773, "totalOtherIncomeExpensesNet": 4245000, "incomeBeforeTax": 55384000, "incomeBeforeTaxRatio": 0.044990918, "incomeTaxExpense": 16882000, "netIncome": 38502000, "netIncomeRatio": 0.0312769089, "eps": 1.14, "epsdiluted": 1.13, "weightedAverageShsOut": 33760000, "weightedAverageShsOutDil": 34041000, "link": "", "finalLink": "", "calculatedOtherExpenses": 1095899000, "calculatedOperatingExpenses": 1095899000, "calculatedNetInterest": -79786000, "calculatedOtherIncome": 65000, "calculatedIncomeNonControlling": 0, "calculatedEbitda": 271544000}, {"date": "2002-12-31", "symbol": "SWX", "reportedCurrency": "USD", "cik": "0001692115", "fillingDate": "2002-12-31", "acceptedDate": "2002-12-30 19:00:00", "calendarYear": "2002", "period": "FY", "revenue": 1320909000, "costOfRevenue": 563379000, "grossProfit": 757530000, "grossProfitRatio": 0.5734914366, "researchAndDevelopmentExpenses": 0, "generalAndAdministrativeExpenses": 0, "sellingAndMarketingExpenses": 0, "sellingGeneralAndAdministrativeExpenses": 0, "otherExpenses": 611031000, "operatingExpenses": 611031000, "costAndExpenses": 1174410000, "interestIncome": 0, "interestExpense": 79971000, "depreciationAndAmortization": 130210000, "ebitda": 272380000, "ebitdaratio": 0.2062064836, "operatingIncome": 146499000, "operatingIncomeRatio": 0.1109077158, "totalOtherIncomeExpensesNet": 4329000, "incomeBeforeTax": 65382000, "incomeBeforeTaxRatio": 0.0494977322, "incomeTaxExpense": 21417000, "netIncome": 43965000, "netIncomeRatio": 0.0332838977, "eps": 1.33, "epsdiluted": 1.32, "weightedAverageShsOut": 32953000, "weightedAverageShsOutDil": 33233000, "link": "", "finalLink": "", "calculatedOtherExpenses": 611031000, "calculatedOperatingExpenses": 611031000, "calculatedNetInterest": -79971000, "calculatedOtherIncome": -1146000, "calculatedIncomeNonControlling": 0, "calculatedEbitda": 276709000}, {"date": "2001-12-31", "symbol": "SWX", "reportedCurrency": "USD", "cik": "0001692115", "fillingDate": "2001-12-31", "acceptedDate": "2001-12-30 19:00:00", "calendarYear": "2001", "period": "FY", "revenue": 1396688000, "costOfRevenue": 677547000, "grossProfit": 719141000, "grossProfitRatio": 0.514890226, "researchAndDevelopmentExpenses": 0, "generalAndAdministrativeExpenses": 0, "sellingAndMarketingExpenses": 0, "sellingGeneralAndAdministrativeExpenses": 0, "otherExpenses": 585158000, "operatingExpenses": 585158000, "costAndExpenses": 1262705000, "interestIncome": 0, "interestExpense": 80731000, "depreciationAndAmortization": 118448000, "ebitda": 243467000, "ebitdaratio": 0.1743173851, "operatingIncome": 133983000, "operatingIncomeRatio": 0.0959290837, "totalOtherIncomeExpensesNet": 8964000, "incomeBeforeTax": 56741000, "incomeBeforeTaxRatio": 0.0406253938, "incomeTaxExpense": 19585000, "netIncome": 37156000, "netIncomeRatio": 0.0266029349, "eps": 1.16, "epsdiluted": 1.15, "weightedAverageShsOut": 32122000, "weightedAverageShsOutDil": 32398000, "link": "", "finalLink": "", "calculatedOtherExpenses": 585158000, "calculatedOperatingExpenses": 585158000, "calculatedNetInterest": -80731000, "calculatedOtherIncome": 3489000, "calculatedIncomeNonControlling": 0, "calculatedEbitda": 252431000}, {"date": "2000-12-31", "symbol": "SWX", "reportedCurrency": "USD", "cik": "0001692115", "fillingDate": "2000-12-31", "acceptedDate": "2000-12-30 19:00:00", "calendarYear": "2000", "period": "FY", "revenue": 1034087000, "costOfRevenue": 394711000, "grossProfit": 639376000, "grossProfitRatio": 0.6183000076, "researchAndDevelopmentExpenses": 0, "generalAndAdministrativeExpenses": 0, "sellingAndMarketingExpenses": 0, "sellingGeneralAndAdministrativeExpenses": 0, "otherExpenses": 510746000, "operatingExpenses": 510746000, "costAndExpenses": 905457000, "interestIncome": 0, "interestExpense": 76146000, "depreciationAndAmortization": 106640000, "ebitda": 235815000, "ebitdaratio": 0.2280417412, "operatingIncome": 128630000, "operatingIncomeRatio": 0.1243899208, "totalOtherIncomeExpensesNet": -545000, "incomeBeforeTax": 51939000, "incomeBeforeTaxRatio": 0.0502269151, "incomeTaxExpense": 13628000, "netIncome": 38311000, "netIncomeRatio": 0.0370481401, "eps": 1.22, "epsdiluted": 1.21, "weightedAverageShsOut": 31371000, "weightedAverageShsOutDil": 31575000, "link": "", "finalLink": "", "calculatedOtherExpenses": 510746000, "calculatedOperatingExpenses": 510746000, "calculatedNetInterest": -76146000, "calculatedOtherIncome": -545000, "calculatedIncomeNonControlling": 0, "calculatedEbitda": 235270000}, {"date": "1999-12-31", "symbol": "SWX", "reportedCurrency": "USD", "cik": "0001692115", "fillingDate": "1999-12-31", "acceptedDate": "1999-12-30 19:00:00", "calendarYear": "1999", "period": "FY", "revenue": 936900000, "costOfRevenue": 330000000, "grossProfit": 606900000, "grossProfitRatio": 0.6477745757, "researchAndDevelopmentExpenses": 0, "generalAndAdministrativeExpenses": 0, "sellingAndMarketingExpenses": 0, "sellingGeneralAndAdministrativeExpenses": 0, "otherExpenses": 475600000, "operatingExpenses": 475600000, "costAndExpenses": 805600000, "interestIncome": 0, "interestExpense": 70400000, "depreciationAndAmortization": -70400000, "ebitda": 231400000, "ebitdaratio": 0.2469847369, "operatingIncome": 131300000, "operatingIncomeRatio": 0.1401430249, "totalOtherIncomeExpensesNet": -1600000, "incomeBeforeTax": 60900000, "incomeBeforeTaxRatio": 0.065001601, "incomeTaxExpense": 21600000, "netIncome": 39300000, "netIncomeRatio": 0.041946846, "eps": 1.28, "epsdiluted": 1.27, "weightedAverageShsOut": 30690000, "weightedAverageShsOutDil": 30965000, "link": "", "finalLink": "", "calculatedOtherExpenses": 475600000, "calculatedOperatingExpenses": 475600000, "calculatedNetInterest": -70400000, "calculatedOtherIncome": 0, "calculatedIncomeNonControlling": 0, "calculatedEbitda": 60900000}, {"date": "1998-12-31", "symbol": "SWX", "reportedCurrency": "USD", "cik": "0001692115", "fillingDate": "1998-12-31", "acceptedDate": "1998-12-30 19:00:00", "calendarYear": "1998", "period": "FY", "revenue": 917300000, "costOfRevenue": 329800000, "grossProfit": 587500000, "grossProfitRatio": 0.6404665867, "researchAndDevelopmentExpenses": 0, "generalAndAdministrativeExpenses": 0, "sellingAndMarketingExpenses": 0, "sellingGeneralAndAdministrativeExpenses": 0, "otherExpenses": 433300000, "operatingExpenses": 433300000, "costAndExpenses": 763100000, "interestIncome": 0, "interestExpense": 68800000, "depreciationAndAmortization": -1500000, "ebitda": 244400000, "ebitdaratio": 0.2664341001, "operatingIncome": 154200000, "operatingIncomeRatio": 0.1681020386, "totalOtherIncomeExpensesNet": -1400000, "incomeBeforeTax": 83900000, "incomeBeforeTaxRatio": 0.0914640794, "incomeTaxExpense": 36400000, "netIncome": 47500000, "netIncomeRatio": 0.0517824049, "eps": 1.66, "epsdiluted": 1.65, "weightedAverageShsOut": 28611000, "weightedAverageShsOutDil": 28815000, "link": "", "finalLink": "", "calculatedOtherExpenses": 433300000, "calculatedOperatingExpenses": 433300000, "calculatedNetInterest": -68800000, "calculatedOtherIncome": -1500000, "calculatedIncomeNonControlling": 0, "calculatedEbitda": 152700000}, {"date": "1997-12-31", "symbol": "SWX", "reportedCurrency": "USD", "cik": "0001692115", "fillingDate": "1997-12-31", "acceptedDate": "1997-12-30 19:00:00", "calendarYear": "1997", "period": "FY", "revenue": 732000000, "costOfRevenue": 209300000, "grossProfit": 522700000, "grossProfitRatio": 0.7140710383, "researchAndDevelopmentExpenses": 0, "generalAndAdministrativeExpenses": 0, "sellingAndMarketingExpenses": 0, "sellingGeneralAndAdministrativeExpenses": 0, "otherExpenses": 420500000, "operatingExpenses": 420500000, "costAndExpenses": 629800000, "interestIncome": 0, "interestExpense": 80800000, "depreciationAndAmortization": -80800000, "ebitda": 199100000, "ebitdaratio": 0.2719945355, "operatingIncome": 102200000, "operatingIncomeRatio": 0.1396174863, "totalOtherIncomeExpensesNet": -12200000, "incomeBeforeTax": 21400000, "incomeBeforeTaxRatio": 0.0292349727, "incomeTaxExpense": 4900000, "netIncome": 16500000, "netIncomeRatio": 0.0225409836, "eps": 0.61, "epsdiluted": 0.61, "weightedAverageShsOut": 27049180, "weightedAverageShsOutDil": 27049180, "link": "", "finalLink": "", "calculatedOtherExpenses": 420500000, "calculatedOperatingExpenses": 420500000, "calculatedNetInterest": -80800000, "calculatedOtherIncome": 0, "calculatedIncomeNonControlling": 0, "calculatedEbitda": 21400000}, {"date": "1996-12-31", "symbol": "SWX", "reportedCurrency": "USD", "cik": "0001692115", "fillingDate": "1996-12-31", "acceptedDate": "1996-12-30 19:00:00", "calendarYear": "1996", "period": "FY", "revenue": 644100000, "costOfRevenue": 187600000, "grossProfit": 456500000, "grossProfitRatio": 0.7087408787, "researchAndDevelopmentExpenses": 0, "generalAndAdministrativeExpenses": 0, "sellingAndMarketingExpenses": 0, "sellingGeneralAndAdministrativeExpenses": 0, "otherExpenses": 385000000, "operatingExpenses": 385000000, "costAndExpenses": 572600000, "interestIncome": 0, "interestExpense": 60400000, "depreciationAndAmortization": -600000, "ebitda": 145900000, "ebitdaratio": 0.2265176215, "operatingIncome": 71500000, "operatingIncomeRatio": 0.1110076075, "totalOtherIncomeExpensesNet": -700000, "incomeBeforeTax": 10500000, "incomeBeforeTaxRatio": 0.0163018165, "incomeTaxExpense": 3900000, "netIncome": 6600000, "netIncomeRatio": 0.0102468561, "eps": 0.25, "epsdiluted": 0.25, "weightedAverageShsOut": 25888000, "weightedAverageShsOutDil": 25888000, "link": "", "finalLink": "", "calculatedOtherExpenses": 385000000, "calculatedOperatingExpenses": 385000000, "calculatedNetInterest": -60400000, "calculatedOtherIncome": -600000, "calculatedIncomeNonControlling": 0, "calculatedEbitda": 70900000}, {"date": "1995-12-31", "symbol": "SWX", "reportedCurrency": "USD", "cik": "0001692115", "fillingDate": "1995-12-31", "acceptedDate": "1995-12-30 19:00:00", "calendarYear": "1995", "period": "FY", "revenue": 563500000, "costOfRevenue": 227500000, "grossProfit": 336000000, "grossProfitRatio": 0.5962732919, "researchAndDevelopmentExpenses": 0, "generalAndAdministrativeExpenses": 0, "sellingAndMarketingExpenses": 0, "sellingGeneralAndAdministrativeExpenses": 0, "otherExpenses": 277700000, "operatingExpenses": 277700000, "costAndExpenses": 505200000, "interestIncome": 0, "interestExpense": 54300000, "depreciationAndAmortization": -18000000, "ebitda": 121500000, "ebitdaratio": 0.2156166815, "operatingIncome": 58300000, "operatingIncomeRatio": 0.1034605146, "totalOtherIncomeExpensesNet": -700000, "incomeBeforeTax": 3500000, "incomeBeforeTaxRatio": 0.0062111801, "incomeTaxExpense": 800000, "netIncome": -14800000, "netIncomeRatio": -0.0262644188, "eps": -0.65, "epsdiluted": -0.65, "weightedAverageShsOut": 22878788, "weightedAverageShsOutDil": 22878788, "link": "", "finalLink": "", "calculatedOtherExpenses": 277700000, "calculatedOperatingExpenses": 277700000, "calculatedNetInterest": -54300000, "calculatedOtherIncome": -500000, "calculatedIncomeNonControlling": 17500000, "calculatedEbitda": 40300000}, {"date": "1994-12-31", "symbol": "SWX", "reportedCurrency": "USD", "cik": "0001692115", "fillingDate": "1994-12-31", "acceptedDate": "1994-12-30 19:00:00", "calendarYear": "1994", "period": "FY", "revenue": 609800000, "costOfRevenue": 249900000, "grossProfit": 359900000, "grossProfitRatio": 0.5901935061, "researchAndDevelopmentExpenses": 0, "generalAndAdministrativeExpenses": 0, "sellingAndMarketingExpenses": 0, "sellingGeneralAndAdministrativeExpenses": 0, "otherExpenses": 308400000, "operatingExpenses": 308400000, "costAndExpenses": 558300000, "interestIncome": 118400000, "interestExpense": 117100000, "depreciationAndAmortization": 109600000, "ebitda": 125400000, "ebitdaratio": 0.2056411938, "operatingIncome": 51500000, "operatingIncomeRatio": 0.0844539193, "totalOtherIncomeExpensesNet": -8800000, "incomeBeforeTax": 44000000, "incomeBeforeTaxRatio": 0.0721548049, "incomeTaxExpense": 17700000, "netIncome": 26300000, "netIncomeRatio": 0.0431288947, "eps": 1.22, "epsdiluted": 1.22, "weightedAverageShsOut": 21147541, "weightedAverageShsOutDil": 21147541, "link": "", "finalLink": "", "calculatedOtherExpenses": 308400000, "calculatedOperatingExpenses": 308400000, "calculatedNetInterest": 1300000, "calculatedOtherIncome": -8800000, "calculatedIncomeNonControlling": 0, "calculatedEbitda": 161100000}, {"date": "1993-12-31", "symbol": "SWX", "reportedCurrency": "USD", "cik": "0001692115", "fillingDate": "1993-12-31", "acceptedDate": "1993-12-30 19:00:00", "calendarYear": "1993", "period": "FY", "revenue": 539100000, "costOfRevenue": 0, "grossProfit": 539100000, "grossProfitRatio": 1, "researchAndDevelopmentExpenses": 0, "generalAndAdministrativeExpenses": 0, "sellingAndMarketingExpenses": 0, "sellingGeneralAndAdministrativeExpenses": 0, "otherExpenses": 0, "operatingExpenses": 0, "costAndExpenses": 0, "interestIncome": 0, "interestExpense": 0, "depreciationAndAmortization": -523700000, "ebitda": 539100000, "ebitdaratio": 1, "operatingIncome": 539100000, "operatingIncomeRatio": 1, "totalOtherIncomeExpensesNet": 0, "incomeBeforeTax": 0, "incomeBeforeTaxRatio": 0, "incomeTaxExpense": 523700000, "netIncome": 15400000, "netIncomeRatio": 0.0285661287, "eps": 0.71, "epsdiluted": 0.71, "weightedAverageShsOut": 20704225, "weightedAverageShsOutDil": 20704225, "link": "", "finalLink": "", "calculatedOtherExpenses": 0, "calculatedOperatingExpenses": 0, "calculatedNetInterest": 0, "calculatedOtherIncome": -539100000, "calculatedIncomeNonControlling": -539100000, "calculatedEbitda": 15400000}, {"date": "1992-12-31", "symbol": "SWX", "reportedCurrency": "USD", "cik": "0001692115", "fillingDate": "1992-12-31", "acceptedDate": "1992-12-30 19:00:00", "calendarYear": "1992", "period": "FY", "revenue": 718500000, "costOfRevenue": 0, "grossProfit": 718500000, "grossProfitRatio": 1, "researchAndDevelopmentExpenses": 0, "generalAndAdministrativeExpenses": 0, "sellingAndMarketingExpenses": 0, "sellingGeneralAndAdministrativeExpenses": 0, "otherExpenses": 0, "operatingExpenses": 0, "costAndExpenses": 0, "interestIncome": 0, "interestExpense": 0, "depreciationAndAmortization": -700800000, "ebitda": 718500000, "ebitdaratio": 1, "operatingIncome": 718500000, "operatingIncomeRatio": 1, "totalOtherIncomeExpensesNet": 0, "incomeBeforeTax": 0, "incomeBeforeTaxRatio": 0, "incomeTaxExpense": 700800000, "netIncome": 17700000, "netIncomeRatio": 0.0246346555, "eps": 0.81, "epsdiluted": 0.81, "weightedAverageShsOut": 20493827, "weightedAverageShsOutDil": 20493827, "link": "", "finalLink": "", "calculatedOtherExpenses": 0, "calculatedOperatingExpenses": 0, "calculatedNetInterest": 0, "calculatedOtherIncome": -718500000, "calculatedIncomeNonControlling": -718500000, "calculatedEbitda": 17700000}, {"date": "1991-12-31", "symbol": "SWX", "reportedCurrency": "USD", "cik": "0001692115", "fillingDate": "1991-12-31", "acceptedDate": "1991-12-30 19:00:00", "calendarYear": "1991", "period": "FY", "revenue": 794800000, "costOfRevenue": 0, "grossProfit": 794800000, "grossProfitRatio": 1, "researchAndDevelopmentExpenses": 0, "generalAndAdministrativeExpenses": 0, "sellingAndMarketingExpenses": 0, "sellingGeneralAndAdministrativeExpenses": 0, "otherExpenses": 0, "operatingExpenses": 0, "costAndExpenses": 0, "interestIncome": 0, "interestExpense": 0, "depreciationAndAmortization": -809000000, "ebitda": 794800000, "ebitdaratio": 1, "operatingIncome": 794800000, "operatingIncomeRatio": 1, "totalOtherIncomeExpensesNet": 0, "incomeBeforeTax": 0, "incomeBeforeTaxRatio": 0, "incomeTaxExpense": 809000000, "netIncome": -14200000, "netIncomeRatio": -0.0178661298, "eps": -0.7, "epsdiluted": -0.7, "weightedAverageShsOut": 20394737, "weightedAverageShsOutDil": 20394737, "link": "", "finalLink": "", "calculatedOtherExpenses": 0, "calculatedOperatingExpenses": 0, "calculatedNetInterest": 0, "calculatedOtherIncome": -794800000, "calculatedIncomeNonControlling": -794800000, "calculatedEbitda": -14200000}, {"date": "1990-12-31", "symbol": "SWX", "reportedCurrency": "USD", "cik": "0001692115", "fillingDate": "1990-12-31", "acceptedDate": "1990-12-30 19:00:00", "calendarYear": "1990", "period": "FY", "revenue": 863200000, "costOfRevenue": 0, "grossProfit": 863200000, "grossProfitRatio": 1, "researchAndDevelopmentExpenses": 0, "generalAndAdministrativeExpenses": 0, "sellingAndMarketingExpenses": 0, "sellingGeneralAndAdministrativeExpenses": 0, "otherExpenses": 0, "operatingExpenses": 0, "costAndExpenses": 0, "interestIncome": 0, "interestExpense": 0, "depreciationAndAmortization": -826000000, "ebitda": 863200000, "ebitdaratio": 1, "operatingIncome": 863200000, "operatingIncomeRatio": 1, "totalOtherIncomeExpensesNet": 0, "incomeBeforeTax": 0, "incomeBeforeTaxRatio": 0, "incomeTaxExpense": 826000000, "netIncome": 37200000, "netIncomeRatio": 0.0430954588, "eps": 1.81, "epsdiluted": 1.81, "weightedAverageShsOut": 19668508, "weightedAverageShsOutDil": 19668508, "link": "", "finalLink": "", "calculatedOtherExpenses": 0, "calculatedOperatingExpenses": 0, "calculatedNetInterest": 0, "calculatedOtherIncome": -863200000, "calculatedIncomeNonControlling": -863200000, "calculatedEbitda": 37200000}, {"date": "1989-12-31", "symbol": "SWX", "reportedCurrency": "USD", "cik": "0001692115", "fillingDate": "1989-12-31", "acceptedDate": "1989-12-30 19:00:00", "calendarYear": "1989", "period": "FY", "revenue": 844600000, "costOfRevenue": 0, "grossProfit": 844600000, "grossProfitRatio": 1, "researchAndDevelopmentExpenses": 0, "generalAndAdministrativeExpenses": 0, "sellingAndMarketingExpenses": 0, "sellingGeneralAndAdministrativeExpenses": 0, "otherExpenses": 0, "operatingExpenses": 0, "costAndExpenses": 0, "interestIncome": 0, "interestExpense": 0, "depreciationAndAmortization": -801900000, "ebitda": 844600000, "ebitdaratio": 1, "operatingIncome": 844600000, "operatingIncomeRatio": 1, "totalOtherIncomeExpensesNet": 0, "incomeBeforeTax": 0, "incomeBeforeTaxRatio": 0, "incomeTaxExpense": 801900000, "netIncome": 42700000, "netIncomeRatio": 0.0505564764, "eps": 2.15, "epsdiluted": 2.15, "weightedAverageShsOut": 19023256, "weightedAverageShsOutDil": 19023256, "link": "", "finalLink": "", "calculatedOtherExpenses": 0, "calculatedOperatingExpenses": 0, "calculatedNetInterest": 0, "calculatedOtherIncome": -844600000, "calculatedIncomeNonControlling": -844600000, "calculatedEbitda": 42700000}, {"date": "1988-12-31", "symbol": "SWX", "reportedCurrency": "USD", "cik": "0001692115", "fillingDate": "1988-12-31", "acceptedDate": "1988-12-30 19:00:00", "calendarYear": "1988", "period": "FY", "revenue": 801500000, "costOfRevenue": 0, "grossProfit": 801500000, "grossProfitRatio": 1, "researchAndDevelopmentExpenses": 0, "generalAndAdministrativeExpenses": 0, "sellingAndMarketingExpenses": 0, "sellingGeneralAndAdministrativeExpenses": 0, "otherExpenses": 0, "operatingExpenses": 0, "costAndExpenses": 0, "interestIncome": 0, "interestExpense": 0, "depreciationAndAmortization": -760300000, "ebitda": 801500000, "ebitdaratio": 1, "operatingIncome": 801500000, "operatingIncomeRatio": 1, "totalOtherIncomeExpensesNet": 0, "incomeBeforeTax": 0, "incomeBeforeTaxRatio": 0, "incomeTaxExpense": 760300000, "netIncome": 41200000, "netIncomeRatio": 0.0514036182, "eps": 2.13, "epsdiluted": 2.13, "weightedAverageShsOut": 18450704, "weightedAverageShsOutDil": 18450704, "link": "", "finalLink": "", "calculatedOtherExpenses": 0, "calculatedOperatingExpenses": 0, "calculatedNetInterest": 0, "calculatedOtherIncome": -801500000, "calculatedIncomeNonControlling": -801500000, "calculatedEbitda": 41200000}, {"date": "1987-12-31", "symbol": "SWX", "reportedCurrency": "USD", "cik": "0001692115", "fillingDate": "1987-12-31", "acceptedDate": "1987-12-30 19:00:00", "calendarYear": "1987", "period": "FY", "revenue": 468600000, "costOfRevenue": 0, "grossProfit": 468600000, "grossProfitRatio": 1, "researchAndDevelopmentExpenses": 0, "generalAndAdministrativeExpenses": 0, "sellingAndMarketingExpenses": 0, "sellingGeneralAndAdministrativeExpenses": 0, "otherExpenses": 0, "operatingExpenses": 0, "costAndExpenses": 0, "interestIncome": 0, "interestExpense": 0, "depreciationAndAmortization": -428900000, "ebitda": 468600000, "ebitdaratio": 1, "operatingIncome": 468600000, "operatingIncomeRatio": 1, "totalOtherIncomeExpensesNet": 0, "incomeBeforeTax": 0, "incomeBeforeTaxRatio": 0, "incomeTaxExpense": 428900000, "netIncome": 39700000, "netIncomeRatio": 0.0847204439, "eps": 2.16, "epsdiluted": 2.16, "weightedAverageShsOut": 18379630, "weightedAverageShsOutDil": 18379630, "link": "", "finalLink": "", "calculatedOtherExpenses": 0, "calculatedOperatingExpenses": 0, "calculatedNetInterest": 0, "calculatedOtherIncome": -468600000, "calculatedIncomeNonControlling": -468600000, "calculatedEbitda": 39700000}, {"date": "1986-12-31", "symbol": "SWX", "reportedCurrency": "USD", "cik": "0001692115", "fillingDate": "1986-12-31", "acceptedDate": "1986-12-30 19:00:00", "calendarYear": "1986", "period": "FY", "revenue": 450500000, "costOfRevenue": 0, "grossProfit": 450500000, "grossProfitRatio": 1, "researchAndDevelopmentExpenses": 0, "generalAndAdministrativeExpenses": 0, "sellingAndMarketingExpenses": 0, "sellingGeneralAndAdministrativeExpenses": 0, "otherExpenses": 0, "operatingExpenses": 0, "costAndExpenses": 0, "interestIncome": 0, "interestExpense": 0, "depreciationAndAmortization": -426800000, "ebitda": 450500000, "ebitdaratio": 1, "operatingIncome": 450500000, "operatingIncomeRatio": 1, "totalOtherIncomeExpensesNet": 0, "incomeBeforeTax": 0, "incomeBeforeTaxRatio": 0, "incomeTaxExpense": 426800000, "netIncome": 23700000, "netIncomeRatio": 0.0526082131, "eps": 1.66, "epsdiluted": 1.66, "weightedAverageShsOut": 13132530, "weightedAverageShsOutDil": 13132530, "link": "", "finalLink": "", "calculatedOtherExpenses": 0, "calculatedOperatingExpenses": 0, "calculatedNetInterest": 0, "calculatedOtherIncome": -450500000, "calculatedIncomeNonControlling": -450500000, "calculatedEbitda": 23700000}, {"date": "1985-12-31", "symbol": "SWX", "reportedCurrency": "USD", "cik": "0001692115", "fillingDate": "1985-12-31", "acceptedDate": "1985-12-30 19:00:00", "calendarYear": "1985", "period": "FY", "revenue": 611000000, "costOfRevenue": 0, "grossProfit": 611000000, "grossProfitRatio": 1, "researchAndDevelopmentExpenses": 0, "generalAndAdministrativeExpenses": 0, "sellingAndMarketingExpenses": 0, "sellingGeneralAndAdministrativeExpenses": 0, "otherExpenses": 0, "operatingExpenses": 0, "costAndExpenses": 0, "interestIncome": 0, "interestExpense": 0, "depreciationAndAmortization": -587400000, "ebitda": 611000000, "ebitdaratio": 1, "operatingIncome": 611000000, "operatingIncomeRatio": 1, "totalOtherIncomeExpensesNet": 0, "incomeBeforeTax": 0, "incomeBeforeTaxRatio": 0, "incomeTaxExpense": 587400000, "netIncome": 23600000, "netIncomeRatio": 0.0386252046, "eps": 1.92, "epsdiluted": 1.92, "weightedAverageShsOut": 11250000, "weightedAverageShsOutDil": 11250000, "link": "", "finalLink": "", "calculatedOtherExpenses": 0, "calculatedOperatingExpenses": 0, "calculatedNetInterest": 0, "calculatedOtherIncome": -611000000, "calculatedIncomeNonControlling": -611000000, "calculatedEbitda": 23600000}]}