{"originalCurrency": "USD", "convertedCurrency": "USD", "report": [{"date": "2023-06-30", "symbol": "SXI", "reportedCurrency": "USD", "cik": "0000310354", "fillingDate": "2023-08-04", "acceptedDate": "2023-08-04 16:14:06", "calendarYear": "2023", "period": "FY", "revenue": 741048000, "costOfRevenue": 455952000, "grossProfit": 285096000, "grossProfitRatio": 0.3847200181, "researchAndDevelopmentExpenses": 17200000, "generalAndAdministrativeExpenses": 157435000, "sellingAndMarketingExpenses": 14900000, "sellingGeneralAndAdministrativeExpenses": 172335000, "otherExpenses": -1735000, "operatingExpenses": 171724000, "costAndExpenses": 627676000, "interestIncome": 5405000, "interestExpense": 5405000, "depreciationAndAmortization": 28474000, "ebitda": 140111000, "ebitdaratio": 0.1890714232, "operatingIncome": 171089000, "operatingIncomeRatio": 0.2308743833, "totalOtherIncomeExpensesNet": 55982000, "incomeBeforeTax": 163949000, "incomeBeforeTaxRatio": 0.2212393799, "incomeTaxExpense": 24796000, "netIncome": 138992000, "netIncomeRatio": 0.1875613995, "eps": 11.77, "epsdiluted": 11.57, "weightedAverageShsOut": 11810000, "weightedAverageShsOutDil": 12009000, "link": "https://www.sec.gov/Archives/edgar/data/310354/000143774923022156/0001437749-23-022156-index.htm", "finalLink": "https://www.sec.gov/Archives/edgar/data/310354/000143774923022156/sxi20230630_10k.htm", "calculatedOtherExpenses": -75528000, "calculatedOperatingExpenses": 114007000, "calculatedNetInterest": 0, "calculatedOtherIncome": -7140000, "calculatedIncomeNonControlling": 161000, "calculatedEbitda": 199563000}, {"date": "2022-06-30", "symbol": "SXI", "reportedCurrency": "USD", "cik": "0000310354", "fillingDate": "2022-08-05", "acceptedDate": "2022-08-05 15:01:36", "calendarYear": "2022", "period": "FY", "revenue": 735339000, "costOfRevenue": 465393000, "grossProfit": 269946000, "grossProfitRatio": 0.367104152, "researchAndDevelopmentExpenses": 12200000, "generalAndAdministrativeExpenses": 153590000, "sellingAndMarketingExpenses": 16300000, "sellingGeneralAndAdministrativeExpenses": 169890000, "otherExpenses": 5745000, "operatingExpenses": 175635000, "costAndExpenses": 641028000, "interestIncome": 5874000, "interestExpense": 5874000, "depreciationAndAmortization": 34583000, "ebitda": 122877000, "ebitdaratio": 0.1671025201, "operatingIncome": 88294000, "operatingIncomeRatio": 0.1200725108, "totalOtherIncomeExpensesNet": -7005000, "incomeBeforeTax": 81289000, "incomeBeforeTaxRatio": 0.1105462923, "incomeTaxExpense": 19807000, "netIncome": 61393000, "netIncomeRatio": 0.0834893838, "eps": 5.13, "epsdiluted": 5.06, "weightedAverageShsOut": 11974000, "weightedAverageShsOutDil": 12123000, "link": "https://www.sec.gov/Archives/edgar/data/310354/000143774922019128/0001437749-22-019128-index.htm", "finalLink": "https://www.sec.gov/Archives/edgar/data/310354/000143774922019128/sxi20220630_10k.htm", "calculatedOtherExpenses": -438000, "calculatedOperatingExpenses": 181652000, "calculatedNetInterest": 0, "calculatedOtherIncome": -7005000, "calculatedIncomeNonControlling": 89000, "calculatedEbitda": 122877000}, {"date": "2021-06-30", "symbol": "SXI", "reportedCurrency": "USD", "cik": "0000310354", "fillingDate": "2021-08-13", "acceptedDate": "2021-08-13 13:33:02", "calendarYear": "2021", "period": "FY", "revenue": 656232000, "costOfRevenue": 414971000, "grossProfit": 241261000, "grossProfitRatio": 0.3676458935, "researchAndDevelopmentExpenses": 9600000, "generalAndAdministrativeExpenses": 150363000, "sellingAndMarketingExpenses": 12700000, "sellingGeneralAndAdministrativeExpenses": 163063000, "otherExpenses": -473000, "operatingExpenses": 163063000, "costAndExpenses": 578034000, "interestIncome": 5992000, "interestExpense": 5992000, "depreciationAndAmortization": 51801000, "ebitda": 110966000, "ebitdaratio": 0.1690956857, "operatingIncome": 59165000, "operatingIncomeRatio": 0.0901586634, "totalOtherIncomeExpensesNet": -6465000, "incomeBeforeTax": 52700000, "incomeBeforeTaxRatio": 0.0803069646, "incomeTaxExpense": 14157000, "netIncome": 36473000, "netIncomeRatio": 0.0555794292, "eps": 3, "epsdiluted": 2.98, "weightedAverageShsOut": 12156000, "weightedAverageShsOutDil": 12258000, "link": "https://www.sec.gov/Archives/edgar/data/310354/000143774921019845/0001437749-21-019845-index.htm", "finalLink": "https://www.sec.gov/Archives/edgar/data/310354/000143774921019845/sxi20210630_10k.htm", "calculatedOtherExpenses": 9433000, "calculatedOperatingExpenses": 182096000, "calculatedNetInterest": 0, "calculatedOtherIncome": -6465000, "calculatedIncomeNonControlling": 2070000, "calculatedEbitda": 110966000}, {"date": "2020-06-30", "symbol": "SXI", "reportedCurrency": "USD", "cik": "0000310354", "fillingDate": "2020-08-25", "acceptedDate": "2020-08-25 17:28:48", "calendarYear": "2020", "period": "FY", "revenue": 604535000, "costOfRevenue": 389080000, "grossProfit": 215455000, "grossProfitRatio": 0.3563978926, "researchAndDevelopmentExpenses": 6900000, "generalAndAdministrativeExpenses": 148499000, "sellingAndMarketingExpenses": 10300000, "sellingGeneralAndAdministrativeExpenses": 148499000, "otherExpenses": 1021000, "operatingExpenses": 148499000, "costAndExpenses": 537579000, "interestIncome": 7475000, "interestExpense": 7475000, "depreciationAndAmortization": 39743000, "ebitda": 100271000, "ebitdaratio": 0.1658646728, "operatingIncome": 60528000, "operatingIncomeRatio": 0.1001232352, "totalOtherIncomeExpensesNet": -6454000, "incomeBeforeTax": 54074000, "incomeBeforeTaxRatio": 0.0894472611, "incomeTaxExpense": 13060000, "netIncome": 41014000, "netIncomeRatio": 0.06784388, "eps": 3.33, "epsdiluted": 3.31, "weightedAverageShsOut": 12324000, "weightedAverageShsOutDil": 12387000, "link": "https://www.sec.gov/Archives/edgar/data/310354/000143774920018688/0001437749-20-018688-index.htm", "finalLink": "https://www.sec.gov/Archives/edgar/data/310354/000143774920018688/sxi20200630_10k.htm", "calculatedOtherExpenses": -472000, "calculatedOperatingExpenses": 154927000, "calculatedNetInterest": 0, "calculatedOtherIncome": -6454000, "calculatedIncomeNonControlling": 0, "calculatedEbitda": 100271000}, {"date": "2019-06-30", "symbol": "SXI", "reportedCurrency": "USD", "cik": "0000310354", "fillingDate": "2019-08-27", "acceptedDate": "2019-08-27 16:35:39", "calendarYear": "2019", "period": "FY", "revenue": 791579000, "costOfRevenue": 523519000, "grossProfit": 268060000, "grossProfitRatio": 0.3386396051, "researchAndDevelopmentExpenses": 6300000, "generalAndAdministrativeExpenses": 185233000, "sellingAndMarketingExpenses": 12200000, "sellingGeneralAndAdministrativeExpenses": 185233000, "otherExpenses": -1744000, "operatingExpenses": 185233000, "costAndExpenses": 708752000, "interestIncome": 10760000, "interestExpense": 10760000, "depreciationAndAmortization": 33847000, "ebitda": 111964000, "ebitdaratio": 0.1414438736, "operatingIncome": 78117000, "operatingIncomeRatio": 0.0986850333, "totalOtherIncomeExpensesNet": -12504000, "incomeBeforeTax": 65613000, "incomeBeforeTaxRatio": 0.0828887578, "incomeTaxExpense": 18424000, "netIncome": 47189000, "netIncomeRatio": 0.0596137593, "eps": 3.75, "epsdiluted": 3.74, "weightedAverageShsOut": 12574000, "weightedAverageShsOutDil": 12633000, "link": "https://www.sec.gov/Archives/edgar/data/310354/000143774919017513/0001437749-19-017513-index.htm", "finalLink": "https://www.sec.gov/Archives/edgar/data/310354/000143774919017513/sxi20190630_10k.htm", "calculatedOtherExpenses": -1590000, "calculatedOperatingExpenses": 189943000, "calculatedNetInterest": 0, "calculatedOtherIncome": -12504000, "calculatedIncomeNonControlling": 0, "calculatedEbitda": 111964000}, {"date": "2018-06-30", "symbol": "SXI", "reportedCurrency": "USD", "cik": "0000310354", "fillingDate": "2018-08-28", "acceptedDate": "2018-08-28 17:11:15", "calendarYear": "2018", "period": "FY", "revenue": 868382000, "costOfRevenue": 566581000, "grossProfit": 301801000, "grossProfitRatio": 0.3475440532, "researchAndDevelopmentExpenses": 4500000, "generalAndAdministrativeExpenses": 204019000, "sellingAndMarketingExpenses": 2400000, "sellingGeneralAndAdministrativeExpenses": 206419000, "otherExpenses": 1243000, "operatingExpenses": 206419000, "costAndExpenses": 773000000, "interestIncome": 0, "interestExpense": 8030000, "depreciationAndAmortization": 29163000, "ebitda": 125788000, "ebitdaratio": 0.1448533019, "operatingIncome": 84039000, "operatingIncomeRatio": 0.0967765338, "totalOtherIncomeExpensesNet": -10100000, "incomeBeforeTax": 77252000, "incomeBeforeTaxRatio": 0.088960849, "incomeTaxExpense": 40620000, "netIncome": 36604000, "netIncomeRatio": 0.0421519562, "eps": 2.88, "epsdiluted": 2.86, "weightedAverageShsOut": 12698000, "weightedAverageShsOutDil": 12788000, "link": "https://www.sec.gov/Archives/edgar/data/310354/000031035418000016/0000310354-18-000016-index.htm", "finalLink": "https://www.sec.gov/Archives/edgar/data/310354/000031035418000016/10k.htm", "calculatedOtherExpenses": 6843000, "calculatedOperatingExpenses": 217762000, "calculatedNetInterest": -8030000, "calculatedOtherIncome": 1243000, "calculatedIncomeNonControlling": 28000, "calculatedEbitda": 113202000}, {"date": "2017-06-30", "symbol": "SXI", "reportedCurrency": "USD", "cik": "0000310354", "fillingDate": "2017-08-28", "acceptedDate": "2017-08-28 14:46:33", "calendarYear": "2017", "period": "FY", "revenue": 755258000, "costOfRevenue": 502504000, "grossProfit": 252754000, "grossProfitRatio": 0.3346591496, "researchAndDevelopmentExpenses": 5500000, "generalAndAdministrativeExpenses": 170260000, "sellingAndMarketingExpenses": 3800000, "sellingGeneralAndAdministrativeExpenses": 174060000, "otherExpenses": 949000, "operatingExpenses": 174060000, "costAndExpenses": 676564000, "interestIncome": 0, "interestExpense": 4043000, "depreciationAndAmortization": 20315000, "ebitda": 99958000, "ebitdaratio": 0.1323494753, "operatingIncome": 65026000, "operatingIncomeRatio": 0.0860977308, "totalOtherIncomeExpensesNet": -12719000, "incomeBeforeTax": 61932000, "incomeBeforeTaxRatio": 0.0820011175, "incomeTaxExpense": 15355000, "netIncome": 46545000, "netIncomeRatio": 0.061627947, "eps": 3.67, "epsdiluted": 3.65, "weightedAverageShsOut": 12666000, "weightedAverageShsOutDil": 12768000, "link": "https://www.sec.gov/Archives/edgar/data/310354/000031035417000023/0000310354-17-000023-index.htm", "finalLink": "https://www.sec.gov/Archives/edgar/data/310354/000031035417000023/f10k.htm", "calculatedOtherExpenses": 8168000, "calculatedOperatingExpenses": 187728000, "calculatedNetInterest": -4043000, "calculatedOtherIncome": 949000, "calculatedIncomeNonControlling": 32000, "calculatedEbitda": 85341000}, {"date": "2016-06-30", "symbol": "SXI", "reportedCurrency": "USD", "cik": "0000310354", "fillingDate": "2016-08-25", "acceptedDate": "2016-08-25 14:28:42", "calendarYear": "2016", "period": "FY", "revenue": 751586000, "costOfRevenue": 499333000, "grossProfit": 252253000, "grossProfitRatio": 0.3356275929, "researchAndDevelopmentExpenses": 4900000, "generalAndAdministrativeExpenses": 165919000, "sellingAndMarketingExpenses": 4300000, "sellingGeneralAndAdministrativeExpenses": 170219000, "otherExpenses": 1052000, "operatingExpenses": 177677000, "costAndExpenses": 677010000, "interestIncome": 0, "interestExpense": 2871000, "depreciationAndAmortization": 17953000, "ebitda": 93581000, "ebitdaratio": 0.1245113666, "operatingIncome": 70344000, "operatingIncomeRatio": 0.0935940797, "totalOtherIncomeExpensesNet": -3180000, "incomeBeforeTax": 68525000, "incomeBeforeTaxRatio": 0.0911738643, "incomeTaxExpense": 16295000, "netIncome": 52056000, "netIncomeRatio": 0.0692615349, "eps": 4.1, "epsdiluted": 4.07, "weightedAverageShsOut": 12682000, "weightedAverageShsOutDil": 12784000, "link": "https://www.sec.gov/Archives/edgar/data/310354/000031035416000077/0000310354-16-000077-index.htm", "finalLink": "https://www.sec.gov/Archives/edgar/data/310354/000031035416000077/f10k.htm", "calculatedOtherExpenses": 6790000, "calculatedOperatingExpenses": 181909000, "calculatedNetInterest": -2871000, "calculatedOtherIncome": 1052000, "calculatedIncomeNonControlling": 174000, "calculatedEbitda": 88297000}, {"date": "2015-06-30", "symbol": "SXI", "reportedCurrency": "USD", "cik": "0000310354", "fillingDate": "2015-08-27", "acceptedDate": "2015-08-27 11:23:43", "calendarYear": "2015", "period": "FY", "revenue": 772142000, "costOfRevenue": 524656000, "grossProfit": 247486000, "grossProfitRatio": 0.3205187647, "researchAndDevelopmentExpenses": 4099999, "generalAndAdministrativeExpenses": 160837000, "sellingAndMarketingExpenses": 5000000, "sellingGeneralAndAdministrativeExpenses": 165837000, "otherExpenses": 634000, "operatingExpenses": 165399000, "costAndExpenses": 690055000, "interestIncome": 0, "interestExpense": 3161000, "depreciationAndAmortization": 16684000, "ebitda": 99405000, "ebitdaratio": 0.1287392733, "operatingIncome": 78644000, "operatingIncomeRatio": 0.1018517319, "totalOtherIncomeExpensesNet": -2809000, "incomeBeforeTax": 76117000, "incomeBeforeTaxRatio": 0.0985790178, "incomeTaxExpense": 20874000, "netIncome": 54743000, "netIncomeRatio": 0.070897581, "eps": 4.33, "epsdiluted": 4.28, "weightedAverageShsOut": 12655000, "weightedAverageShsOutDil": 12805000, "link": "https://www.sec.gov/Archives/edgar/data/310354/000031035415000025/0000310354-15-000025-index.htm", "finalLink": "https://www.sec.gov/Archives/edgar/data/310354/000031035415000025/f10k.htm", "calculatedOtherExpenses": -1094999, "calculatedOperatingExpenses": 168842000, "calculatedNetInterest": -3161000, "calculatedOtherIncome": 634000, "calculatedIncomeNonControlling": 500000, "calculatedEbitda": 95328000}, {"date": "2014-06-30", "symbol": "SXI", "reportedCurrency": "USD", "cik": "0000310354", "fillingDate": "2014-08-28", "acceptedDate": "2014-08-28 13:43:58", "calendarYear": "2014", "period": "FY", "revenue": 716180000, "costOfRevenue": 477911000, "grossProfit": 238269000, "grossProfitRatio": 0.3326942947, "researchAndDevelopmentExpenses": 4800000, "generalAndAdministrativeExpenses": 161186000, "sellingAndMarketingExpenses": 4600000, "sellingGeneralAndAdministrativeExpenses": 165786000, "otherExpenses": 4184000, "operatingExpenses": 162324000, "costAndExpenses": 640235000, "interestIncome": 0, "interestExpense": 2249000, "depreciationAndAmortization": 14591000, "ebitda": 94720000, "ebitdaratio": 0.1322572538, "operatingIncome": 65868000, "operatingIncomeRatio": 0.0919712921, "totalOtherIncomeExpensesNet": -5893000, "incomeBeforeTax": 67803000, "incomeBeforeTaxRatio": 0.0946731269, "incomeTaxExpense": 18054000, "netIncome": 42866000, "netIncomeRatio": 0.0598536681, "eps": 3.39, "epsdiluted": 3.35, "weightedAverageShsOut": 12644838, "weightedAverageShsOutDil": 12795821, "link": "https://www.sec.gov/Archives/edgar/data/310354/000031035414000040/0000310354-14-000040-index.htm", "finalLink": "https://www.sec.gov/Archives/edgar/data/310354/000031035414000040/f10k.htm", "calculatedOtherExpenses": 1815000, "calculatedOperatingExpenses": 172401000, "calculatedNetInterest": -2249000, "calculatedOtherIncome": 4184000, "calculatedIncomeNonControlling": 6883000, "calculatedEbitda": 80459000}, {"date": "2013-06-30", "symbol": "SXI", "reportedCurrency": "USD", "cik": "0000310354", "fillingDate": "2013-08-27", "acceptedDate": "2013-08-27 17:15:24", "calendarYear": "2013", "period": "FY", "revenue": 701260000, "costOfRevenue": 475164000, "grossProfit": 226096000, "grossProfitRatio": 0.3224139406, "researchAndDevelopmentExpenses": 4400000, "generalAndAdministrativeExpenses": 155001000, "sellingAndMarketingExpenses": 4600000, "sellingGeneralAndAdministrativeExpenses": 159601000, "otherExpenses": -128000, "operatingExpenses": 159601000, "costAndExpenses": 634765000, "interestIncome": 0, "interestExpense": 2469000, "depreciationAndAmortization": 15547000, "ebitda": 81914000, "ebitdaratio": 0.1168097425, "operatingIncome": 63829000, "operatingIncomeRatio": 0.0910204489, "totalOtherIncomeExpensesNet": -2794000, "incomeBeforeTax": 61232000, "incomeBeforeTaxRatio": 0.0873171149, "incomeTaxExpense": 15910000, "netIncome": 44848000, "netIncomeRatio": 0.0639534552, "eps": 3.57, "epsdiluted": 3.51, "weightedAverageShsOut": 12561000, "weightedAverageShsOutDil": 12780000, "link": "https://www.sec.gov/Archives/edgar/data/310354/000031035413000023/0000310354-13-000023-index.htm", "finalLink": "https://www.sec.gov/Archives/edgar/data/310354/000031035413000023/f10k.htm", "calculatedOtherExpenses": -1734000, "calculatedOperatingExpenses": 162267000, "calculatedNetInterest": -2469000, "calculatedOtherIncome": -128000, "calculatedIncomeNonControlling": 474000, "calculatedEbitda": 79376000}, {"date": "2012-06-30", "symbol": "SXI", "reportedCurrency": "USD", "cik": "0000310354", "fillingDate": "2012-08-28", "acceptedDate": "2012-08-28 16:54:48", "calendarYear": "2012", "period": "FY", "revenue": 634640000, "costOfRevenue": 426156000, "grossProfit": 208484000, "grossProfitRatio": 0.3285075003, "researchAndDevelopmentExpenses": 0, "generalAndAdministrativeExpenses": 0, "sellingAndMarketingExpenses": 0, "sellingGeneralAndAdministrativeExpenses": 146995000, "otherExpenses": 0, "operatingExpenses": 146995000, "costAndExpenses": 573151000, "interestIncome": 0, "interestExpense": 2280000, "depreciationAndAmortization": 13490000, "ebitda": 74979000, "ebitdaratio": 0.1181441447, "operatingIncome": 64580000, "operatingIncomeRatio": 0.1017584772, "totalOtherIncomeExpensesNet": 3610000, "incomeBeforeTax": 62819000, "incomeBeforeTaxRatio": 0.0989836758, "incomeTaxExpense": 15912000, "netIncome": 30905000, "netIncomeRatio": 0.048696899, "eps": 2.47, "epsdiluted": 2.42, "weightedAverageShsOut": 12517000, "weightedAverageShsOutDil": 12787000, "link": "https://www.sec.gov/Archives/edgar/data/310354/000031035412000025/0000310354-12-000025-index.htm", "finalLink": "https://www.sec.gov/Archives/edgar/data/310354/000031035412000025/f10k.htm", "calculatedOtherExpenses": -3091000, "calculatedOperatingExpenses": 143904000, "calculatedNetInterest": -2280000, "calculatedOtherIncome": 519000, "calculatedIncomeNonControlling": 16002000, "calculatedEbitda": 78070000}, {"date": "2011-06-30", "symbol": "SXI", "reportedCurrency": "USD", "cik": "0000310354", "fillingDate": "2011-09-08", "acceptedDate": "2011-09-08 15:07:34", "calendarYear": "2011", "period": "FY", "revenue": 633753000, "costOfRevenue": 433917000, "grossProfit": 199836000, "grossProfitRatio": 0.3153215843, "researchAndDevelopmentExpenses": 0, "generalAndAdministrativeExpenses": 0, "sellingAndMarketingExpenses": 0, "sellingGeneralAndAdministrativeExpenses": 148733000, "otherExpenses": 0, "operatingExpenses": 145365000, "costAndExpenses": 579282000, "interestIncome": 0, "interestExpense": 2107000, "depreciationAndAmortization": 14160000, "ebitda": 68631000, "ebitdaratio": 0.1082929785, "operatingIncome": 52427000, "operatingIncomeRatio": 0.0827246577, "totalOtherIncomeExpensesNet": -2259000, "incomeBeforeTax": 50105000, "incomeBeforeTaxRatio": 0.0790607697, "incomeTaxExpense": 13957000, "netIncome": 35367000, "netIncomeRatio": 0.055805653, "eps": 2.84, "epsdiluted": 2.77, "weightedAverageShsOut": 12475000, "weightedAverageShsOutDil": 12752000, "link": "https://www.sec.gov/Archives/edgar/data/310354/000031035411000034/0000310354-11-000034-index.htm", "finalLink": "https://www.sec.gov/Archives/edgar/data/310354/000031035411000034/f2011form10k.htm", "calculatedOtherExpenses": -1324000, "calculatedOperatingExpenses": 147409000, "calculatedNetInterest": -2107000, "calculatedOtherIncome": -215000, "calculatedIncomeNonControlling": 781000, "calculatedEbitda": 66587000}, {"date": "2010-06-30", "symbol": "SXI", "reportedCurrency": "USD", "cik": "0000310354", "fillingDate": "2010-08-27", "acceptedDate": "2010-08-27 14:33:41", "calendarYear": "2010", "period": "FY", "revenue": 578454000, "costOfRevenue": 395051000, "grossProfit": 183403000, "grossProfitRatio": 0.3170571904, "researchAndDevelopmentExpenses": 0, "generalAndAdministrativeExpenses": 0, "sellingAndMarketingExpenses": 0, "sellingGeneralAndAdministrativeExpenses": 138770000, "otherExpenses": -1405000, "operatingExpenses": 137365000, "costAndExpenses": 532416000, "interestIncome": 0, "interestExpense": 3624000, "depreciationAndAmortization": 14407000, "ebitda": 60445000, "ebitdaratio": 0.1044940479, "operatingIncome": 42266000, "operatingIncomeRatio": 0.0730671756, "totalOtherIncomeExpensesNet": -3018000, "incomeBeforeTax": 39396000, "incomeBeforeTaxRatio": 0.0681056748, "incomeTaxExpense": 11436000, "netIncome": 28699000, "netIncomeRatio": 0.0496132795, "eps": 2.31, "epsdiluted": 2.26, "weightedAverageShsOut": 12440000, "weightedAverageShsOutDil": 12685000, "link": "https://www.sec.gov/Archives/edgar/data/310354/000031035410000023/0000310354-10-000023-index.htm", "finalLink": "https://www.sec.gov/Archives/edgar/data/310354/000031035410000023/f2010form10k.htm", "calculatedOtherExpenses": 2367000, "calculatedOperatingExpenses": 141137000, "calculatedNetInterest": -3624000, "calculatedOtherIncome": 754000, "calculatedIncomeNonControlling": -739000, "calculatedEbitda": 56673000}, {"date": "2009-06-30", "symbol": "SXI", "reportedCurrency": "USD", "cik": "0000310354", "fillingDate": "2009-08-31", "acceptedDate": "2009-08-31 16:48:01", "calendarYear": "2009", "period": "FY", "revenue": 607086000, "costOfRevenue": 431111000, "grossProfit": 175975000, "grossProfitRatio": 0.2898683218, "researchAndDevelopmentExpenses": 0, "generalAndAdministrativeExpenses": 0, "sellingAndMarketingExpenses": 0, "sellingGeneralAndAdministrativeExpenses": 140776000, "otherExpenses": 0, "operatingExpenses": 140776000, "costAndExpenses": 571887000, "interestIncome": 0, "interestExpense": 6532000, "depreciationAndAmortization": 15541000, "ebitda": 50740000, "ebitdaratio": 0.0835795917, "operatingIncome": 6021000, "operatingIncomeRatio": 0.00991787, "totalOtherIncomeExpensesNet": -28963000, "incomeBeforeTax": -296000, "incomeBeforeTaxRatio": -0.0004875751, "incomeTaxExpense": 1594000, "netIncome": -5405000, "netIncomeRatio": -0.0089031867, "eps": -0.44, "epsdiluted": -0.44, "weightedAverageShsOut": 12326000, "weightedAverageShsOutDil": 12326000, "link": "https://www.sec.gov/Archives/edgar/data/310354/000031035409000044/0000310354-09-000044-index.htm", "finalLink": "https://www.sec.gov/Archives/edgar/data/310354/000031035409000044/f2009from10kfinaledgar.htm", "calculatedOtherExpenses": 29178000, "calculatedOperatingExpenses": 169954000, "calculatedNetInterest": -6532000, "calculatedOtherIncome": 215000, "calculatedIncomeNonControlling": 3515000, "calculatedEbitda": 21562000}, {"date": "2008-06-30", "symbol": "SXI", "reportedCurrency": "USD", "cik": "0000310354", "fillingDate": "2008-08-29", "acceptedDate": "2008-08-29 12:57:51", "calendarYear": "2008", "period": "FY", "revenue": 697541000, "costOfRevenue": 495694000, "grossProfit": 201847000, "grossProfitRatio": 0.2893693704, "researchAndDevelopmentExpenses": 0, "generalAndAdministrativeExpenses": 0, "sellingAndMarketingExpenses": 0, "sellingGeneralAndAdministrativeExpenses": 162328000, "otherExpenses": 0, "operatingExpenses": 162328000, "costAndExpenses": 658022000, "interestIncome": 0, "interestExpense": 0, "depreciationAndAmortization": 17113000, "ebitda": 56898000, "ebitdaratio": 0.0815693988, "operatingIncome": 38929000, "operatingIncomeRatio": 0.0558089059, "totalOtherIncomeExpensesNet": -266000, "incomeBeforeTax": 29743000, "incomeBeforeTaxRatio": 0.0426397875, "incomeTaxExpense": 10459000, "netIncome": 18510000, "netIncomeRatio": 0.0265360746, "eps": 1.51, "epsdiluted": 1.49, "weightedAverageShsOut": 12291000, "weightedAverageShsOutDil": 12395000, "link": "https://www.sec.gov/Archives/edgar/data/310354/000031035408000045/0000310354-08-000045-index.htm", "finalLink": "https://www.sec.gov/Archives/edgar/data/310354/000031035408000045/standexfy0810k.htm", "calculatedOtherExpenses": 590000, "calculatedOperatingExpenses": 162918000, "calculatedNetInterest": 0, "calculatedOtherIncome": -9186000, "calculatedIncomeNonControlling": 774000, "calculatedEbitda": 56042000}, {"date": "2007-06-30", "symbol": "SXI", "reportedCurrency": "USD", "cik": "0000310354", "fillingDate": "2007-09-11", "acceptedDate": "2007-09-11 16:44:59", "calendarYear": "2007", "period": "FY", "revenue": 621211000, "costOfRevenue": 448407000, "grossProfit": 172804000, "grossProfitRatio": 0.2781727948, "researchAndDevelopmentExpenses": 0, "generalAndAdministrativeExpenses": 0, "sellingAndMarketingExpenses": 0, "sellingGeneralAndAdministrativeExpenses": 142421000, "otherExpenses": 0, "operatingExpenses": 142421000, "costAndExpenses": 590828000, "interestIncome": 0, "interestExpense": 0, "depreciationAndAmortization": 15198000, "ebitda": 44403000, "ebitdaratio": 0.071478129, "operatingIncome": 30097000, "operatingIncomeRatio": 0.0484489167, "totalOtherIncomeExpensesNet": 1178000, "incomeBeforeTax": 22536000, "incomeBeforeTaxRatio": 0.0362775289, "incomeTaxExpense": 6611000, "netIncome": 21242000, "netIncomeRatio": 0.0341945007, "eps": 1.74, "epsdiluted": 1.71, "weightedAverageShsOut": 12208046, "weightedAverageShsOutDil": 12422222, "link": "https://www.sec.gov/Archives/edgar/data/310354/000031035407000044/0000310354-07-000044-index.htm", "finalLink": "https://www.sec.gov/Archives/edgar/data/310354/000031035407000044/copyoffinal10kforedgar20072.htm", "calculatedOtherExpenses": 286000, "calculatedOperatingExpenses": 142707000, "calculatedNetInterest": 0, "calculatedOtherIncome": -7561000, "calculatedIncomeNonControlling": -5317000, "calculatedEbitda": 45295000}, {"date": "2006-06-30", "symbol": "SXI", "reportedCurrency": "USD", "cik": "0000310354", "fillingDate": "2006-09-08", "acceptedDate": "2006-09-08 14:57:59", "calendarYear": "2006", "period": "FY", "revenue": 589938000, "costOfRevenue": 417324000, "grossProfit": 172614000, "grossProfitRatio": 0.2925968492, "researchAndDevelopmentExpenses": 0, "generalAndAdministrativeExpenses": 0, "sellingAndMarketingExpenses": 0, "sellingGeneralAndAdministrativeExpenses": 132933000, "otherExpenses": 0, "operatingExpenses": 132933000, "costAndExpenses": 550257000, "interestIncome": 0, "interestExpense": 8546000, "depreciationAndAmortization": 12033000, "ebitda": 51751000, "ebitdaratio": 0.0877227776, "operatingIncome": 38751000, "operatingIncomeRatio": 0.0656865637, "totalOtherIncomeExpensesNet": -37000, "incomeBeforeTax": 31963000, "incomeBeforeTaxRatio": 0.0541802698, "incomeTaxExpense": 11028000, "netIncome": 23143000, "netIncomeRatio": 0.0392295462, "eps": 1.89, "epsdiluted": 1.85, "weightedAverageShsOut": 12244974, "weightedAverageShsOutDil": 12509730, "link": "https://www.sec.gov/Archives/edgar/data/310354/000031035406000053/0000310354-06-000053-index.htm", "finalLink": "https://www.sec.gov/Archives/edgar/data/310354/000031035406000053/colleenfinal10kdocumentv3.htm", "calculatedOtherExpenses": 930000, "calculatedOperatingExpenses": 133863000, "calculatedNetInterest": -8546000, "calculatedOtherIncome": 1758000, "calculatedIncomeNonControlling": -2208000, "calculatedEbitda": 50784000}, {"date": "2005-06-30", "symbol": "SXI", "reportedCurrency": "USD", "cik": "0000310354", "fillingDate": "2005-09-13", "acceptedDate": "2005-09-13 16:01:54", "calendarYear": "2005", "period": "FY", "revenue": 666240000, "costOfRevenue": 455771000, "grossProfit": 210469000, "grossProfitRatio": 0.3159056796, "researchAndDevelopmentExpenses": 0, "generalAndAdministrativeExpenses": 0, "sellingAndMarketingExpenses": 0, "sellingGeneralAndAdministrativeExpenses": 166832000, "otherExpenses": -1672000, "operatingExpenses": 165160000, "costAndExpenses": 620931000, "interestIncome": 0, "interestExpense": 0, "depreciationAndAmortization": 11944000, "ebitda": 57726000, "ebitdaratio": 0.0866444524, "operatingIncome": 42641000, "operatingIncomeRatio": 0.0640024616, "totalOtherIncomeExpensesNet": -473000, "incomeBeforeTax": 36671000, "incomeBeforeTaxRatio": 0.0550417267, "incomeTaxExpense": 11980000, "netIncome": 23643000, "netIncomeRatio": 0.0354872118, "eps": 1.93, "epsdiluted": 1.91, "weightedAverageShsOut": 12250259, "weightedAverageShsOutDil": 12378534, "link": "https://www.sec.gov/Archives/edgar/data/310354/000031035405000050/0000310354-05-000050-index.htm", "finalLink": "https://www.sec.gov/Archives/edgar/data/310354/000031035405000050/f10kdocumentedgarfinal.htm", "calculatedOtherExpenses": 996000, "calculatedOperatingExpenses": 167828000, "calculatedNetInterest": 0, "calculatedOtherIncome": -5970000, "calculatedIncomeNonControlling": 1048000, "calculatedEbitda": 54585000}, {"date": "2004-06-30", "symbol": "SXI", "reportedCurrency": "USD", "cik": "0000310354", "fillingDate": "2004-09-10", "acceptedDate": "2004-09-10 16:46:34", "calendarYear": "2004", "period": "FY", "revenue": 577450000, "costOfRevenue": 382887000, "grossProfit": 194563000, "grossProfitRatio": 0.3369347995, "researchAndDevelopmentExpenses": 0, "generalAndAdministrativeExpenses": 0, "sellingAndMarketingExpenses": 0, "sellingGeneralAndAdministrativeExpenses": 156628000, "otherExpenses": -279000, "operatingExpenses": 156349000, "costAndExpenses": 539236000, "interestIncome": 0, "interestExpense": 0, "depreciationAndAmortization": 11484000, "ebitda": 49972000, "ebitdaratio": 0.0865390943, "operatingIncome": 36996000, "operatingIncomeRatio": 0.0640678847, "totalOtherIncomeExpensesNet": -274000, "incomeBeforeTax": 31936000, "incomeBeforeTaxRatio": 0.0553052212, "incomeTaxExpense": 9857000, "netIncome": 10605000, "netIncomeRatio": 0.0183652264, "eps": 0.87, "epsdiluted": 0.86, "weightedAverageShsOut": 12189655, "weightedAverageShsOutDil": 12331395, "link": "https://www.sec.gov/Archives/edgar/data/310354/000031035404000081/0000310354-04-000081-index.htm", "finalLink": "https://www.sec.gov/Archives/edgar/data/310354/000031035404000081/body10k.htm", "calculatedOtherExpenses": 939000, "calculatedOperatingExpenses": 157567000, "calculatedNetInterest": 0, "calculatedOtherIncome": -5060000, "calculatedIncomeNonControlling": 11474000, "calculatedEbitda": 48480000}, {"date": "2003-06-30", "symbol": "SXI", "reportedCurrency": "USD", "cik": "0000310354", "fillingDate": "2003-09-08", "acceptedDate": "2003-09-08 14:40:35", "calendarYear": "2003", "period": "FY", "revenue": 574536000, "costOfRevenue": 389053000, "grossProfit": 185483000, "grossProfitRatio": 0.322839648, "researchAndDevelopmentExpenses": 0, "generalAndAdministrativeExpenses": 0, "sellingAndMarketingExpenses": 0, "sellingGeneralAndAdministrativeExpenses": 152242000, "otherExpenses": 0, "operatingExpenses": 152242000, "costAndExpenses": 541295000, "interestIncome": 0, "interestExpense": 0, "depreciationAndAmortization": 11014000, "ebitda": 38675000, "ebitdaratio": 0.06731519, "operatingIncome": 27661000, "operatingIncomeRatio": 0.0481449378, "totalOtherIncomeExpensesNet": -5434000, "incomeBeforeTax": 20851000, "incomeBeforeTaxRatio": 0.0362918947, "incomeTaxExpense": 7014000, "netIncome": 14149000, "netIncomeRatio": 0.0246268293, "eps": 1.17, "epsdiluted": 1.16, "weightedAverageShsOut": 12093162, "weightedAverageShsOutDil": 12197414, "link": "https://www.sec.gov/Archives/edgar/data/310354/000031035403000042/0000310354-03-000042-index.htm", "finalLink": "https://www.sec.gov/Archives/edgar/data/310354/000031035403000042/tenkay03.txt", "calculatedOtherExpenses": 5580000, "calculatedOperatingExpenses": 157822000, "calculatedNetInterest": 0, "calculatedOtherIncome": -6810000, "calculatedIncomeNonControlling": -312000, "calculatedEbitda": 38675000}, {"date": "2002-06-30", "symbol": "SXI", "reportedCurrency": "USD", "cik": "0000310354", "fillingDate": "2002-08-19", "acceptedDate": "2002-08-19 13:39:58", "calendarYear": "2002", "period": "FY", "revenue": 573992000, "costOfRevenue": 386775000, "grossProfit": 187217000, "grossProfitRatio": 0.3261665668, "researchAndDevelopmentExpenses": 0, "generalAndAdministrativeExpenses": 148654000, "sellingAndMarketingExpenses": 0, "sellingGeneralAndAdministrativeExpenses": 148654000, "otherExpenses": 0, "operatingExpenses": 148654000, "costAndExpenses": 535429000, "interestIncome": 0, "interestExpense": 0, "depreciationAndAmortization": 13281000, "ebitda": 51976000, "ebitdaratio": 0.0905517847, "operatingIncome": 38563000, "operatingIncomeRatio": 0.0671838632, "totalOtherIncomeExpensesNet": -132000, "incomeBeforeTax": 29885000, "incomeBeforeTaxRatio": 0.0520651856, "incomeTaxExpense": 9488000, "netIncome": 16618000, "netIncomeRatio": 0.028951623, "eps": 1.37, "epsdiluted": 1.35, "weightedAverageShsOut": 12129927, "weightedAverageShsOutDil": 12309630, "link": "https://www.sec.gov/Archives/edgar/data/310354/000031035402000033/0000310354-02-000033-index.htm", "finalLink": "https://www.sec.gov/Archives/edgar/data/310354/000031035402000033/body10k2.txt", "calculatedOtherExpenses": 0, "calculatedOperatingExpenses": 148654000, "calculatedNetInterest": 0, "calculatedOtherIncome": -8678000, "calculatedIncomeNonControlling": 3779000, "calculatedEbitda": 51844000}, {"date": "2001-06-30", "symbol": "SXI", "reportedCurrency": "USD", "cik": "0000310354", "fillingDate": "2001-09-20", "acceptedDate": "2001-09-20 00:00:00", "calendarYear": "2001", "period": "FY", "revenue": 600152000, "costOfRevenue": 402003000, "grossProfit": 198149000, "grossProfitRatio": 0.3301646916, "researchAndDevelopmentExpenses": 0, "generalAndAdministrativeExpenses": 144086000, "sellingAndMarketingExpenses": 0, "sellingGeneralAndAdministrativeExpenses": 144086000, "otherExpenses": 0, "operatingExpenses": 144086000, "costAndExpenses": 546089000, "interestIncome": 0, "interestExpense": 0, "depreciationAndAmortization": 14081000, "ebitda": 68144000, "ebitdaratio": 0.1135445687, "operatingIncome": 54063000, "operatingIncomeRatio": 0.0900821792, "totalOtherIncomeExpensesNet": -11598000, "incomeBeforeTax": 42465000, "incomeBeforeTaxRatio": 0.0707570749, "incomeTaxExpense": 17568000, "netIncome": 24897000, "netIncomeRatio": 0.0414844906, "eps": 2.05, "epsdiluted": 2.02, "weightedAverageShsOut": 12144878, "weightedAverageShsOutDil": 12325248, "link": "https://www.sec.gov/Archives/edgar/data/310354/000031035401500062/0000310354-01-500062-index.htm", "finalLink": "https://www.sec.gov/Archives/edgar/data/310354/000031035401500062/stan-10k.txt", "calculatedOtherExpenses": 0, "calculatedOperatingExpenses": 144086000, "calculatedNetInterest": 0, "calculatedOtherIncome": -11598000, "calculatedIncomeNonControlling": 0, "calculatedEbitda": 68144000}, {"date": "2000-06-30", "symbol": "SXI", "reportedCurrency": "USD", "cik": "0000310354", "fillingDate": "2000-09-26", "acceptedDate": "2000-09-26 00:00:00", "calendarYear": "2000", "period": "FY", "revenue": 637048705, "costOfRevenue": 414089076, "grossProfit": 222959629, "grossProfitRatio": 0.3499883561, "researchAndDevelopmentExpenses": 0, "generalAndAdministrativeExpenses": 149200556, "sellingAndMarketingExpenses": 0, "sellingGeneralAndAdministrativeExpenses": 149200556, "otherExpenses": 13621846, "operatingExpenses": 162822402, "costAndExpenses": 576911478, "interestIncome": 0, "interestExpense": 0, "depreciationAndAmortization": 13621846, "ebitda": 76456491, "ebitdaratio": 0.1200167121, "operatingIncome": 60137227, "operatingIncomeRatio": 0.094399732, "totalOtherIncomeExpensesNet": -2697418, "incomeBeforeTax": 46853282, "incomeBeforeTaxRatio": 0.0735474095, "incomeTaxExpense": 19150000, "netIncome": 27703282, "netIncomeRatio": 0.0434869136, "eps": 2.19, "epsdiluted": 2.17, "weightedAverageShsOut": 12649772, "weightedAverageShsOutDil": 12766359, "link": "https://www.sec.gov/Archives/edgar/data/310354/000031035400000053/0000310354-00-000053-index.htm", "finalLink": "https://www.sec.gov/Archives/edgar/data/310354/000031035400000053/0000310354-00-000053-0001.txt", "calculatedOtherExpenses": 13621846, "calculatedOperatingExpenses": 162822402, "calculatedNetInterest": 0, "calculatedOtherIncome": -13283945, "calculatedIncomeNonControlling": 0, "calculatedEbitda": 73759073}, {"date": "1999-06-30", "symbol": "SXI", "reportedCurrency": "USD", "cik": "0000310354", "fillingDate": "1999-09-22", "acceptedDate": "1999-09-22 00:00:00", "calendarYear": "1999", "period": "FY", "revenue": 641400000, "costOfRevenue": 417500000, "grossProfit": 223900000, "grossProfitRatio": 0.3490801372, "researchAndDevelopmentExpenses": 0, "generalAndAdministrativeExpenses": 149200000, "sellingAndMarketingExpenses": 0, "sellingGeneralAndAdministrativeExpenses": 149200000, "otherExpenses": 13800000, "operatingExpenses": 163000000, "costAndExpenses": 580500000, "interestIncome": 0, "interestExpense": 0, "depreciationAndAmortization": 13800000, "ebitda": 73000000, "ebitdaratio": 0.1138135329, "operatingIncome": 60900000, "operatingIncomeRatio": 0.09494855, "totalOtherIncomeExpensesNet": 1700000, "incomeBeforeTax": 51500000, "incomeBeforeTaxRatio": 0.0802931088, "incomeTaxExpense": 20100000, "netIncome": 31400000, "netIncomeRatio": 0.04895541, "eps": 2.42, "epsdiluted": 2.41, "weightedAverageShsOut": 12959091, "weightedAverageShsOutDil": 13012863, "link": "https://www.sec.gov/Archives/edgar/data/310354/000031035499000038/0000310354-99-000038-index.html", "finalLink": "https://www.sec.gov/Archives/edgar/data/310354/000031035499000038/", "calculatedOtherExpenses": 13800000, "calculatedOperatingExpenses": 163000000, "calculatedNetInterest": 0, "calculatedOtherIncome": -9400000, "calculatedIncomeNonControlling": 0, "calculatedEbitda": 74700000}, {"date": "1998-06-30", "symbol": "SXI", "reportedCurrency": "USD", "cik": "0000310354", "fillingDate": "1998-09-23", "acceptedDate": "1998-09-23 00:00:00", "calendarYear": "1998", "period": "FY", "revenue": 616200000, "costOfRevenue": 405000000, "grossProfit": 211200000, "grossProfitRatio": 0.3427458617, "researchAndDevelopmentExpenses": 0, "generalAndAdministrativeExpenses": 142400000, "sellingAndMarketingExpenses": 0, "sellingGeneralAndAdministrativeExpenses": 142400000, "otherExpenses": 13900000, "operatingExpenses": 156300000, "costAndExpenses": 561300000, "interestIncome": 0, "interestExpense": 0, "depreciationAndAmortization": 13900000, "ebitda": 80000000, "ebitdaratio": 0.1298279779, "operatingIncome": 54900000, "operatingIncomeRatio": 0.0890944499, "totalOtherIncomeExpensesNet": -11200000, "incomeBeforeTax": 33000000, "incomeBeforeTaxRatio": 0.0535540409, "incomeTaxExpense": 12900000, "netIncome": 20100000, "netIncomeRatio": 0.0326192795, "eps": 1.54, "epsdiluted": 1.52, "weightedAverageShsOut": 13051948, "weightedAverageShsOutDil": 13223684, "link": "https://www.sec.gov/Archives/edgar/data/310354/000031035498000026/0000310354-98-000026-index.html", "finalLink": "https://www.sec.gov/Archives/edgar/data/310354/", "calculatedOtherExpenses": 13900000, "calculatedOperatingExpenses": 156300000, "calculatedNetInterest": 0, "calculatedOtherIncome": -21900000, "calculatedIncomeNonControlling": 0, "calculatedEbitda": 68800000}, {"date": "1997-06-30", "symbol": "SXI", "reportedCurrency": "USD", "cik": "0000310354", "fillingDate": "1997-09-26", "acceptedDate": "1997-09-26 00:00:00", "calendarYear": "1997", "period": "FY", "revenue": 564600000, "costOfRevenue": 368600000, "grossProfit": 196000000, "grossProfitRatio": 0.3471484237, "researchAndDevelopmentExpenses": 0, "generalAndAdministrativeExpenses": 133200000, "sellingAndMarketingExpenses": 0, "sellingGeneralAndAdministrativeExpenses": 133200000, "otherExpenses": 12800000, "operatingExpenses": 146000000, "costAndExpenses": 514600000, "interestIncome": 0, "interestExpense": 0, "depreciationAndAmortization": 12800000, "ebitda": 60900000, "ebitdaratio": 0.1078639745, "operatingIncome": 50000000, "operatingIncomeRatio": 0.0885582713, "totalOtherIncomeExpensesNet": 1900000, "incomeBeforeTax": 43500000, "incomeBeforeTaxRatio": 0.0770456961, "incomeTaxExpense": 16600000, "netIncome": 26900000, "netIncomeRatio": 0.04764435, "eps": 2.02, "epsdiluted": 2, "weightedAverageShsOut": 13316832, "weightedAverageShsOutDil": 13450000, "link": "https://www.sec.gov/Archives/edgar/data/310354/000031035497000010/0000310354-97-000010-index.html", "finalLink": "https://www.sec.gov/Archives/edgar/data/310354/", "calculatedOtherExpenses": 12800000, "calculatedOperatingExpenses": 146000000, "calculatedNetInterest": 0, "calculatedOtherIncome": -6500000, "calculatedIncomeNonControlling": 0, "calculatedEbitda": 62800000}, {"date": "1996-06-30", "symbol": "SXI", "reportedCurrency": "USD", "cik": "0000310354", "fillingDate": "1996-09-17", "acceptedDate": "1996-09-17 00:00:00", "calendarYear": "1996", "period": "FY", "revenue": 562700000, "costOfRevenue": 367700000, "grossProfit": 195000000, "grossProfitRatio": 0.3465434512, "researchAndDevelopmentExpenses": 0, "generalAndAdministrativeExpenses": 126100000, "sellingAndMarketingExpenses": 0, "sellingGeneralAndAdministrativeExpenses": 126100000, "otherExpenses": 12500000, "operatingExpenses": 138600000, "costAndExpenses": 506300000, "interestIncome": 0, "interestExpense": 0, "depreciationAndAmortization": 12500000, "ebitda": 68000000, "ebitdaratio": 0.1208459215, "operatingIncome": 56400000, "operatingIncomeRatio": 0.100231029, "totalOtherIncomeExpensesNet": 900000, "incomeBeforeTax": 48100000, "incomeBeforeTaxRatio": 0.085480718, "incomeTaxExpense": 17400000, "netIncome": 30700000, "netIncomeRatio": 0.0545583792, "eps": 2.21, "epsdiluted": 2.21, "weightedAverageShsOut": 13891403, "weightedAverageShsOutDil": 13891403, "link": "https://www.sec.gov/Archives/edgar/data/310354/000031035496000013/0000310354-96-000013-index.html", "finalLink": "https://www.sec.gov/Archives/edgar/data/310354/", "calculatedOtherExpenses": 12500000, "calculatedOperatingExpenses": 138600000, "calculatedNetInterest": 0, "calculatedOtherIncome": -8300000, "calculatedIncomeNonControlling": 0, "calculatedEbitda": 68900000}, {"date": "1995-06-30", "symbol": "SXI", "reportedCurrency": "USD", "cik": "0000310354", "fillingDate": "1995-09-22", "acceptedDate": "1995-09-22 00:00:00", "calendarYear": "1995", "period": "FY", "revenue": 569300000, "costOfRevenue": 367100000, "grossProfit": 202200000, "grossProfitRatio": 0.3551730195, "researchAndDevelopmentExpenses": 0, "generalAndAdministrativeExpenses": 130200000, "sellingAndMarketingExpenses": 0, "sellingGeneralAndAdministrativeExpenses": 130200000, "otherExpenses": 12400000, "operatingExpenses": 142600000, "costAndExpenses": 509700000, "interestIncome": 0, "interestExpense": 0, "depreciationAndAmortization": 12400000, "ebitda": 65500000, "ebitdaratio": 0.1150535746, "operatingIncome": 59600000, "operatingIncomeRatio": 0.1046899701, "totalOtherIncomeExpensesNet": 6500000, "incomeBeforeTax": 57800000, "incomeBeforeTaxRatio": 0.1015281925, "incomeTaxExpense": 19500000, "netIncome": 38300000, "netIncomeRatio": 0.0672756016, "eps": 2.64, "epsdiluted": 2.62, "weightedAverageShsOut": 14507576, "weightedAverageShsOutDil": 14595960, "link": "https://www.sec.gov/Archives/edgar/data/310354/000031035495000018/0000310354-95-000018-index.html", "finalLink": "https://www.sec.gov/Archives/edgar/data/310354/", "calculatedOtherExpenses": 12400000, "calculatedOperatingExpenses": 142600000, "calculatedNetInterest": 0, "calculatedOtherIncome": -1800000, "calculatedIncomeNonControlling": 0, "calculatedEbitda": 72000000}, {"date": "1994-06-30", "symbol": "SXI", "reportedCurrency": "USD", "cik": "0000310354", "fillingDate": "1994-09-13", "acceptedDate": "1994-09-13 00:00:00", "calendarYear": "1994", "period": "FY", "revenue": 529400000, "costOfRevenue": 346500000, "grossProfit": 182900000, "grossProfitRatio": 0.3454854552, "researchAndDevelopmentExpenses": 0, "generalAndAdministrativeExpenses": 124100000, "sellingAndMarketingExpenses": 0, "sellingGeneralAndAdministrativeExpenses": 124100000, "otherExpenses": 12500000, "operatingExpenses": 136600000, "costAndExpenses": 483100000, "interestIncome": 0, "interestExpense": 0, "depreciationAndAmortization": 12500000, "ebitda": 57000000, "ebitdaratio": 0.1076690593, "operatingIncome": 46300000, "operatingIncomeRatio": 0.0874574991, "totalOtherIncomeExpensesNet": 1800000, "incomeBeforeTax": 42200000, "incomeBeforeTaxRatio": 0.0797128825, "incomeTaxExpense": 15100000, "netIncome": 27100000, "netIncomeRatio": 0.0511900264, "eps": 1.78, "epsdiluted": 1.77, "weightedAverageShsOut": 15224719, "weightedAverageShsOutDil": 15312500, "link": "https://www.sec.gov/Archives/edgar/data/310354/000031035494000013/0000310354-94-000013-index.html", "finalLink": "https://www.sec.gov/Archives/edgar/data/310354/", "calculatedOtherExpenses": 12500000, "calculatedOperatingExpenses": 136600000, "calculatedNetInterest": 0, "calculatedOtherIncome": -4100000, "calculatedIncomeNonControlling": 0, "calculatedEbitda": 58800000}, {"date": "1993-06-30", "symbol": "SXI", "reportedCurrency": "USD", "cik": "0000310354", "fillingDate": "1993-06-30", "acceptedDate": "1993-06-29 20:00:00", "calendarYear": "1993", "period": "FY", "revenue": 506300000, "costOfRevenue": 327900000, "grossProfit": 178400000, "grossProfitRatio": 0.3523602607, "researchAndDevelopmentExpenses": 0, "generalAndAdministrativeExpenses": 0, "sellingAndMarketingExpenses": 0, "sellingGeneralAndAdministrativeExpenses": 123000000, "otherExpenses": 12900000, "operatingExpenses": 135900000, "costAndExpenses": 463800000, "interestIncome": 0, "interestExpense": 0, "depreciationAndAmortization": 12900000, "ebitda": 54800000, "ebitdaratio": 0.1082362236, "operatingIncome": 42500000, "operatingIncomeRatio": 0.0839423267, "totalOtherIncomeExpensesNet": 600000, "incomeBeforeTax": 37400000, "incomeBeforeTaxRatio": 0.0738692475, "incomeTaxExpense": 13400000, "netIncome": 24000000, "netIncomeRatio": 0.0474027257, "eps": 1.47, "epsdiluted": 1.47, "weightedAverageShsOut": 16326531, "weightedAverageShsOutDil": 16326531, "link": "", "finalLink": "", "calculatedOtherExpenses": 12900000, "calculatedOperatingExpenses": 135900000, "calculatedNetInterest": 0, "calculatedOtherIncome": -5100000, "calculatedIncomeNonControlling": 0, "calculatedEbitda": 55400000}, {"date": "1992-06-30", "symbol": "SXI", "reportedCurrency": "USD", "cik": "0000310354", "fillingDate": "1992-06-30", "acceptedDate": "1992-06-29 20:00:00", "calendarYear": "1992", "period": "FY", "revenue": 477200000, "costOfRevenue": 311200000, "grossProfit": 166000000, "grossProfitRatio": 0.3478625314, "researchAndDevelopmentExpenses": 0, "generalAndAdministrativeExpenses": 0, "sellingAndMarketingExpenses": 0, "sellingGeneralAndAdministrativeExpenses": 116000000, "otherExpenses": 11900000, "operatingExpenses": 127900000, "costAndExpenses": 439100000, "interestIncome": 0, "interestExpense": 0, "depreciationAndAmortization": 11900000, "ebitda": 47900000, "ebitdaratio": 0.1003772003, "operatingIncome": 38100000, "operatingIncomeRatio": 0.0798407376, "totalOtherIncomeExpensesNet": 2100000, "incomeBeforeTax": 33600000, "incomeBeforeTaxRatio": 0.0704107293, "incomeTaxExpense": 11700000, "netIncome": 21900000, "netIncomeRatio": 0.0458927075, "eps": 1.23, "epsdiluted": 1.23, "weightedAverageShsOut": 17804878, "weightedAverageShsOutDil": 17804878, "link": "", "finalLink": "", "calculatedOtherExpenses": 11900000, "calculatedOperatingExpenses": 127900000, "calculatedNetInterest": 0, "calculatedOtherIncome": -4500000, "calculatedIncomeNonControlling": 0, "calculatedEbitda": 50000000}, {"date": "1991-06-30", "symbol": "SXI", "reportedCurrency": "USD", "cik": "0000310354", "fillingDate": "1991-06-30", "acceptedDate": "1991-06-29 20:00:00", "calendarYear": "1991", "period": "FY", "revenue": 481700000, "costOfRevenue": 315600000, "grossProfit": 166100000, "grossProfitRatio": 0.3448204277, "researchAndDevelopmentExpenses": 0, "generalAndAdministrativeExpenses": 0, "sellingAndMarketingExpenses": 0, "sellingGeneralAndAdministrativeExpenses": 114900000, "otherExpenses": 12000000, "operatingExpenses": 126900000, "costAndExpenses": 442500000, "interestIncome": 0, "interestExpense": 0, "depreciationAndAmortization": 12000000, "ebitda": 49800000, "ebitdaratio": 0.1033838489, "operatingIncome": 39200000, "operatingIncomeRatio": 0.0813784513, "totalOtherIncomeExpensesNet": 1400000, "incomeBeforeTax": 32600000, "incomeBeforeTaxRatio": 0.0676769774, "incomeTaxExpense": 12400000, "netIncome": 20200000, "netIncomeRatio": 0.0419348142, "eps": 1.05, "epsdiluted": 1.05, "weightedAverageShsOut": 19238095, "weightedAverageShsOutDil": 19238095, "link": "", "finalLink": "", "calculatedOtherExpenses": 12000000, "calculatedOperatingExpenses": 126900000, "calculatedNetInterest": 0, "calculatedOtherIncome": -6600000, "calculatedIncomeNonControlling": 0, "calculatedEbitda": 51200000}, {"date": "1990-06-30", "symbol": "SXI", "reportedCurrency": "USD", "cik": "0000310354", "fillingDate": "1990-06-30", "acceptedDate": "1990-06-29 20:00:00", "calendarYear": "1990", "period": "FY", "revenue": 460200000, "costOfRevenue": 302200000, "grossProfit": 158000000, "grossProfitRatio": 0.3433289874, "researchAndDevelopmentExpenses": 0, "generalAndAdministrativeExpenses": 0, "sellingAndMarketingExpenses": 0, "sellingGeneralAndAdministrativeExpenses": 107300000, "otherExpenses": 11300000, "operatingExpenses": 118600000, "costAndExpenses": 420800000, "interestIncome": 0, "interestExpense": 0, "depreciationAndAmortization": 11300000, "ebitda": 47100000, "ebitdaratio": 0.1023468057, "operatingIncome": 39400000, "operatingIncomeRatio": 0.08561495, "totalOtherIncomeExpensesNet": 3600000, "incomeBeforeTax": 34700000, "incomeBeforeTaxRatio": 0.0754019991, "incomeTaxExpense": 13000000, "netIncome": 21700000, "netIncomeRatio": 0.0471534116, "eps": 1.07, "epsdiluted": 1.07, "weightedAverageShsOut": 20280374, "weightedAverageShsOutDil": 20280374, "link": "", "finalLink": "", "calculatedOtherExpenses": 11300000, "calculatedOperatingExpenses": 118600000, "calculatedNetInterest": 0, "calculatedOtherIncome": -4700000, "calculatedIncomeNonControlling": 0, "calculatedEbitda": 50700000}, {"date": "1989-06-30", "symbol": "SXI", "reportedCurrency": "USD", "cik": "0000310354", "fillingDate": "1989-06-30", "acceptedDate": "1989-06-29 20:00:00", "calendarYear": "1989", "period": "FY", "revenue": 443800000, "costOfRevenue": 289500000, "grossProfit": 154300000, "grossProfitRatio": 0.3476791347, "researchAndDevelopmentExpenses": 0, "generalAndAdministrativeExpenses": 0, "sellingAndMarketingExpenses": 0, "sellingGeneralAndAdministrativeExpenses": 103500000, "otherExpenses": 10800000, "operatingExpenses": 114300000, "costAndExpenses": 403800000, "interestIncome": 0, "interestExpense": 0, "depreciationAndAmortization": 10800000, "ebitda": 48600000, "ebitdaratio": 0.1095087877, "operatingIncome": 40000000, "operatingIncomeRatio": 0.0901306895, "totalOtherIncomeExpensesNet": 2200000, "incomeBeforeTax": 35700000, "incomeBeforeTaxRatio": 0.0804416404, "incomeTaxExpense": 13300000, "netIncome": 22400000, "netIncomeRatio": 0.0504731861, "eps": 1.01, "epsdiluted": 1.01, "weightedAverageShsOut": 22178218, "weightedAverageShsOutDil": 22178218, "link": "", "finalLink": "", "calculatedOtherExpenses": 10800000, "calculatedOperatingExpenses": 114300000, "calculatedNetInterest": 0, "calculatedOtherIncome": -4300000, "calculatedIncomeNonControlling": 0, "calculatedEbitda": 50800000}, {"date": "1988-06-30", "symbol": "SXI", "reportedCurrency": "USD", "cik": "0000310354", "fillingDate": "1988-06-30", "acceptedDate": "1988-06-29 20:00:00", "calendarYear": "1988", "period": "FY", "revenue": 429700000, "costOfRevenue": 274700000, "grossProfit": 155000000, "grossProfitRatio": 0.3607167791, "researchAndDevelopmentExpenses": 0, "generalAndAdministrativeExpenses": 0, "sellingAndMarketingExpenses": 0, "sellingGeneralAndAdministrativeExpenses": 106800000, "otherExpenses": 10700000, "operatingExpenses": 117500000, "costAndExpenses": 392200000, "interestIncome": 0, "interestExpense": 0, "depreciationAndAmortization": 10700000, "ebitda": 57800000, "ebitdaratio": 0.1345124505, "operatingIncome": 37500000, "operatingIncomeRatio": 0.0872701885, "totalOtherIncomeExpensesNet": -9600000, "incomeBeforeTax": 22400000, "incomeBeforeTaxRatio": 0.0521293926, "incomeTaxExpense": 9300000, "netIncome": 13100000, "netIncomeRatio": 0.0304863859, "eps": 0.55, "epsdiluted": 0.55, "weightedAverageShsOut": 23818182, "weightedAverageShsOutDil": 23818182, "link": "", "finalLink": "", "calculatedOtherExpenses": 10700000, "calculatedOperatingExpenses": 117500000, "calculatedNetInterest": 0, "calculatedOtherIncome": -15100000, "calculatedIncomeNonControlling": 0, "calculatedEbitda": 48200000}, {"date": "1987-06-30", "symbol": "SXI", "reportedCurrency": "USD", "cik": "0000310354", "fillingDate": "1987-06-30", "acceptedDate": "1987-06-29 20:00:00", "calendarYear": "1987", "period": "FY", "revenue": 409200000, "costOfRevenue": 261400000, "grossProfit": 147800000, "grossProfitRatio": 0.3611925709, "researchAndDevelopmentExpenses": 0, "generalAndAdministrativeExpenses": 0, "sellingAndMarketingExpenses": 0, "sellingGeneralAndAdministrativeExpenses": 104700000, "otherExpenses": 9700000, "operatingExpenses": 114400000, "costAndExpenses": 375800000, "interestIncome": 0, "interestExpense": 0, "depreciationAndAmortization": 9700000, "ebitda": 42100000, "ebitdaratio": 0.1028836755, "operatingIncome": 33400000, "operatingIncomeRatio": 0.0816226784, "totalOtherIncomeExpensesNet": 1000000, "incomeBeforeTax": 29700000, "incomeBeforeTaxRatio": 0.0725806452, "incomeTaxExpense": 12300000, "netIncome": 17400000, "netIncomeRatio": 0.0425219941, "eps": 0.71, "epsdiluted": 0.71, "weightedAverageShsOut": 24507042, "weightedAverageShsOutDil": 24507042, "link": "", "finalLink": "", "calculatedOtherExpenses": 9700000, "calculatedOperatingExpenses": 114400000, "calculatedNetInterest": 0, "calculatedOtherIncome": -3700000, "calculatedIncomeNonControlling": 0, "calculatedEbitda": 43100000}, {"date": "1986-06-30", "symbol": "SXI", "reportedCurrency": "USD", "cik": "0000310354", "fillingDate": "1986-06-30", "acceptedDate": "1986-06-29 20:00:00", "calendarYear": "1986", "period": "FY", "revenue": 376300000, "costOfRevenue": 240400000, "grossProfit": 135900000, "grossProfitRatio": 0.3611480202, "researchAndDevelopmentExpenses": 0, "generalAndAdministrativeExpenses": 0, "sellingAndMarketingExpenses": 0, "sellingGeneralAndAdministrativeExpenses": 97300000, "otherExpenses": 8400000, "operatingExpenses": 105700000, "costAndExpenses": 346100000, "interestIncome": 0, "interestExpense": 0, "depreciationAndAmortization": 8400000, "ebitda": 37300000, "ebitdaratio": 0.0991230401, "operatingIncome": 30200000, "operatingIncomeRatio": 0.0802551156, "totalOtherIncomeExpensesNet": 1300000, "incomeBeforeTax": 28200000, "incomeBeforeTaxRatio": 0.0749402073, "incomeTaxExpense": 12600000, "netIncome": 15600000, "netIncomeRatio": 0.0414562849, "eps": 0.6, "epsdiluted": 0.6, "weightedAverageShsOut": 26000000, "weightedAverageShsOutDil": 26000000, "link": "", "finalLink": "", "calculatedOtherExpenses": 8400000, "calculatedOperatingExpenses": 105700000, "calculatedNetInterest": 0, "calculatedOtherIncome": -2000000, "calculatedIncomeNonControlling": 0, "calculatedEbitda": 38600000}]}