{"originalCurrency": "USD", "convertedCurrency": "USD", "report": [{"date": "2023-12-31", "symbol": "SXT", "reportedCurrency": "USD", "cik": "0000310142", "fillingDate": "2024-02-22", "acceptedDate": "2024-02-22 11:25:55", "calendarYear": "2023", "period": "FY", "revenue": 1456450000, "costOfRevenue": 996153000, "grossProfit": 460297000, "grossProfitRatio": 0.3160403721, "researchAndDevelopmentExpenses": 48100000, "generalAndAdministrativeExpenses": 302774000, "sellingAndMarketingExpenses": 2500000, "sellingGeneralAndAdministrativeExpenses": 305274000, "otherExpenses": 0, "operatingExpenses": 305274000, "costAndExpenses": 1301427000, "interestIncome": 0, "interestExpense": 25172000, "depreciationAndAmortization": 57820000, "ebitda": 212843000, "ebitdaratio": 0.1461382128, "operatingIncome": 155023000, "operatingIncomeRatio": 0.106438944, "totalOtherIncomeExpensesNet": -25172000, "incomeBeforeTax": 129851000, "incomeBeforeTaxRatio": 0.0891558241, "incomeTaxExpense": 36457000, "netIncome": 93394000, "netIncomeRatio": 0.0641244121, "eps": 2.22, "epsdiluted": 2.21, "weightedAverageShsOut": 42027000, "weightedAverageShsOutDil": 42242000, "link": "https://www.sec.gov/Archives/edgar/data/310142/000114036124008963/0001140361-24-008963-index.htm", "finalLink": "https://www.sec.gov/Archives/edgar/data/310142/000114036124008963/ef20015292_10k.htm", "calculatedOtherExpenses": -48100000, "calculatedOperatingExpenses": 305274000, "calculatedNetInterest": -25172000, "calculatedOtherIncome": 0, "calculatedIncomeNonControlling": 0, "calculatedEbitda": 212843000}, {"date": "2022-12-31", "symbol": "SXT", "reportedCurrency": "USD", "cik": "0000310142", "fillingDate": "2023-02-17", "acceptedDate": "2023-02-17 11:02:40", "calendarYear": "2022", "period": "FY", "revenue": 1437039000, "costOfRevenue": 947928000, "grossProfit": 489111000, "grossProfitRatio": 0.3403602825, "researchAndDevelopmentExpenses": 42200000, "generalAndAdministrativeExpenses": 290460000, "sellingAndMarketingExpenses": 1900000, "sellingGeneralAndAdministrativeExpenses": 292360000, "otherExpenses": 0, "operatingExpenses": 292360000, "costAndExpenses": 1240288000, "interestIncome": 14347000, "interestExpense": 14547000, "depreciationAndAmortization": 52467000, "ebitda": 249218000, "ebitdaratio": 0.17342466, "operatingIncome": 196751000, "operatingIncomeRatio": 0.1369141686, "totalOtherIncomeExpensesNet": -14547000, "incomeBeforeTax": 182204000, "incomeBeforeTaxRatio": 0.1267912701, "incomeTaxExpense": 41317000, "netIncome": 140887000, "netIncomeRatio": 0.0980397888, "eps": 3.36, "epsdiluted": 3.34, "weightedAverageShsOut": 41888000, "weightedAverageShsOutDil": 42213000, "link": "https://www.sec.gov/Archives/edgar/data/310142/000114036123007579/0001140361-23-007579-index.htm", "finalLink": "https://www.sec.gov/Archives/edgar/data/310142/000114036123007579/brhc10047731_10k.htm", "calculatedOtherExpenses": -42200000, "calculatedOperatingExpenses": 292360000, "calculatedNetInterest": -200000, "calculatedOtherIncome": -14347000, "calculatedIncomeNonControlling": 0, "calculatedEbitda": 249218000}, {"date": "2021-12-31", "symbol": "SXT", "reportedCurrency": "USD", "cik": "0000310142", "fillingDate": "2022-02-18", "acceptedDate": "2022-02-18 11:53:18", "calendarYear": "2021", "period": "FY", "revenue": 1380264000, "costOfRevenue": 925603000, "grossProfit": 454661000, "grossProfitRatio": 0.3294014768, "researchAndDevelopmentExpenses": 34300000, "generalAndAdministrativeExpenses": 282233000, "sellingAndMarketingExpenses": 2400000, "sellingGeneralAndAdministrativeExpenses": 284633000, "otherExpenses": 0, "operatingExpenses": 284633000, "costAndExpenses": 1210236000, "interestIncome": 12305000, "interestExpense": 12544000, "depreciationAndAmortization": 52051000, "ebitda": 222079000, "ebitdaratio": 0.1608960315, "operatingIncome": 170028000, "operatingIncomeRatio": 0.1231851298, "totalOtherIncomeExpensesNet": -12544000, "incomeBeforeTax": 157484000, "incomeBeforeTaxRatio": 0.1140970133, "incomeTaxExpense": 38739000, "netIncome": 118745000, "netIncomeRatio": 0.0860306434, "eps": 2.82, "epsdiluted": 2.81, "weightedAverageShsOut": 42077000, "weightedAverageShsOutDil": 42258000, "link": "https://www.sec.gov/Archives/edgar/data/310142/000114036122006156/0001140361-22-006156-index.htm", "finalLink": "https://www.sec.gov/Archives/edgar/data/310142/000114036122006156/brhc10033669_10k.htm", "calculatedOtherExpenses": -34300000, "calculatedOperatingExpenses": 284633000, "calculatedNetInterest": -239000, "calculatedOtherIncome": -12305000, "calculatedIncomeNonControlling": 0, "calculatedEbitda": 222079000}, {"date": "2020-12-31", "symbol": "SXT", "reportedCurrency": "USD", "cik": "0000310142", "fillingDate": "2021-02-22", "acceptedDate": "2021-02-22 15:41:29", "calendarYear": "2020", "period": "FY", "revenue": 1332001000, "costOfRevenue": 908254000, "grossProfit": 423747000, "grossProfitRatio": 0.3181281395, "researchAndDevelopmentExpenses": 38500000, "generalAndAdministrativeExpenses": 269091000, "sellingAndMarketingExpenses": 2000000, "sellingGeneralAndAdministrativeExpenses": 271091000, "otherExpenses": 0, "operatingExpenses": 271091000, "costAndExpenses": 1179345000, "interestIncome": 14561000, "interestExpense": 14811000, "depreciationAndAmortization": 49641000, "ebitda": 202297000, "ebitdaratio": 0.1518745106, "operatingIncome": 152656000, "operatingIncomeRatio": 0.1146065206, "totalOtherIncomeExpensesNet": -14811000, "incomeBeforeTax": 137845000, "incomeBeforeTaxRatio": 0.1034871595, "incomeTaxExpense": 28373000, "netIncome": 109472000, "netIncomeRatio": 0.0821861245, "eps": 2.59, "epsdiluted": 2.59, "weightedAverageShsOut": 42301000, "weightedAverageShsOutDil": 42346000, "link": "https://www.sec.gov/Archives/edgar/data/310142/000114036121005623/0001140361-21-005623-index.htm", "finalLink": "https://www.sec.gov/Archives/edgar/data/310142/000114036121005623/brhc10020381_10k.htm", "calculatedOtherExpenses": -38500000, "calculatedOperatingExpenses": 271091000, "calculatedNetInterest": -250000, "calculatedOtherIncome": -14561000, "calculatedIncomeNonControlling": 0, "calculatedEbitda": 202297000}, {"date": "2019-12-31", "symbol": "SXT", "reportedCurrency": "USD", "cik": "0000310142", "fillingDate": "2020-02-21", "acceptedDate": "2020-02-21 11:15:30", "calendarYear": "2019", "period": "FY", "revenue": 1322934000, "costOfRevenue": 908061000, "grossProfit": 414873000, "grossProfitRatio": 0.3136006785, "researchAndDevelopmentExpenses": 40100000, "generalAndAdministrativeExpenses": 291563000, "sellingAndMarketingExpenses": 2200000, "sellingGeneralAndAdministrativeExpenses": 293763000, "otherExpenses": 0, "operatingExpenses": 293763000, "costAndExpenses": 1201824000, "interestIncome": 20107000, "interestExpense": 20107000, "depreciationAndAmortization": 55015000, "ebitda": 176125000, "ebitdaratio": 0.1331321139, "operatingIncome": 121110000, "operatingIncomeRatio": 0.0915465171, "totalOtherIncomeExpensesNet": -20107000, "incomeBeforeTax": 101003000, "incomeBeforeTaxRatio": 0.0763477241, "incomeTaxExpense": 18956000, "netIncome": 82047000, "netIncomeRatio": 0.0620189669, "eps": 1.94, "epsdiluted": 1.94, "weightedAverageShsOut": 42263000, "weightedAverageShsOutDil": 42294000, "link": "https://www.sec.gov/Archives/edgar/data/310142/000114036120003752/0001140361-20-003752-index.htm", "finalLink": "https://www.sec.gov/Archives/edgar/data/310142/000114036120003752/form10k.htm", "calculatedOtherExpenses": -40100000, "calculatedOperatingExpenses": 293763000, "calculatedNetInterest": 0, "calculatedOtherIncome": -20107000, "calculatedIncomeNonControlling": 0, "calculatedEbitda": 176125000}, {"date": "2018-12-31", "symbol": "SXT", "reportedCurrency": "USD", "cik": "0000310142", "fillingDate": "2019-02-22", "acceptedDate": "2019-02-22 11:40:52", "calendarYear": "2018", "period": "FY", "revenue": 1386815000, "costOfRevenue": 920686000, "grossProfit": 466129000, "grossProfitRatio": 0.3361147666, "researchAndDevelopmentExpenses": 43000000, "generalAndAdministrativeExpenses": 262751000, "sellingAndMarketingExpenses": 2500000, "sellingGeneralAndAdministrativeExpenses": 262751000, "otherExpenses": 0, "operatingExpenses": 262751000, "costAndExpenses": 1183437000, "interestIncome": 0, "interestExpense": 21853000, "depreciationAndAmortization": 53244000, "ebitda": 256622000, "ebitdaratio": 0.1850441479, "operatingIncome": 203378000, "operatingIncomeRatio": 0.1466511395, "totalOtherIncomeExpensesNet": -21853000, "incomeBeforeTax": 181525000, "incomeBeforeTaxRatio": 0.1308934501, "incomeTaxExpense": 24165000, "netIncome": 157360000, "netIncomeRatio": 0.1134686314, "eps": 3.71, "epsdiluted": 3.7, "weightedAverageShsOut": 42404000, "weightedAverageShsOutDil": 42499000, "link": "https://www.sec.gov/Archives/edgar/data/310142/000114036119003673/0001140361-19-003673-index.htm", "finalLink": "https://www.sec.gov/Archives/edgar/data/310142/000114036119003673/form10k.htm", "calculatedOtherExpenses": -43000000, "calculatedOperatingExpenses": 262751000, "calculatedNetInterest": -21853000, "calculatedOtherIncome": 0, "calculatedIncomeNonControlling": 0, "calculatedEbitda": 256622000}, {"date": "2017-12-31", "symbol": "SXT", "reportedCurrency": "USD", "cik": "0000310142", "fillingDate": "2018-02-23", "acceptedDate": "2018-02-23 11:09:06", "calendarYear": "2017", "period": "FY", "revenue": 1362265000, "costOfRevenue": 886775000, "grossProfit": 475490000, "grossProfitRatio": 0.3490436883, "researchAndDevelopmentExpenses": 40900000, "generalAndAdministrativeExpenses": 307684000, "sellingAndMarketingExpenses": 2200000, "sellingGeneralAndAdministrativeExpenses": 307684000, "otherExpenses": 0, "operatingExpenses": 307684000, "costAndExpenses": 1194459000, "interestIncome": 0, "interestExpense": 19383000, "depreciationAndAmortization": 48518000, "ebitda": 216324000, "ebitdaratio": 0.1587972971, "operatingIncome": 167806000, "operatingIncomeRatio": 0.123181613, "totalOtherIncomeExpensesNet": -19383000, "incomeBeforeTax": 148423000, "incomeBeforeTaxRatio": 0.1089531038, "incomeTaxExpense": 58823000, "netIncome": 89600000, "netIncomeRatio": 0.0657728122, "eps": 2.05, "epsdiluted": 2.03, "weightedAverageShsOut": 43780000, "weightedAverageShsOutDil": 44031000, "link": "https://www.sec.gov/Archives/edgar/data/310142/000114036118009754/0001140361-18-009754-index.htm", "finalLink": "https://www.sec.gov/Archives/edgar/data/310142/000114036118009754/form10k.htm", "calculatedOtherExpenses": -40900000, "calculatedOperatingExpenses": 307684000, "calculatedNetInterest": -19383000, "calculatedOtherIncome": 0, "calculatedIncomeNonControlling": 0, "calculatedEbitda": 216324000}, {"date": "2016-12-31", "symbol": "SXT", "reportedCurrency": "USD", "cik": "0000310142", "fillingDate": "2017-02-23", "acceptedDate": "2017-02-23 10:48:30", "calendarYear": "2016", "period": "FY", "revenue": 1383210000, "costOfRevenue": 907783000, "grossProfit": 475427000, "grossProfitRatio": 0.3437128129, "researchAndDevelopmentExpenses": 40900000, "generalAndAdministrativeExpenses": 289818000, "sellingAndMarketingExpenses": 2300000, "sellingGeneralAndAdministrativeExpenses": 289818000, "otherExpenses": 0, "operatingExpenses": 289818000, "costAndExpenses": 1197601000, "interestIncome": 0, "interestExpense": 18324000, "depreciationAndAmortization": 47019000, "ebitda": 232628000, "ebitdaratio": 0.1681798136, "operatingIncome": 185609000, "operatingIncomeRatio": 0.1341871444, "totalOtherIncomeExpensesNet": -18324000, "incomeBeforeTax": 167285000, "incomeBeforeTaxRatio": 0.1209396982, "incomeTaxExpense": 44372000, "netIncome": 126256000, "netIncomeRatio": 0.0912775356, "eps": 2.84, "epsdiluted": 2.82, "weightedAverageShsOut": 44523000, "weightedAverageShsOutDil": 44843000, "link": "https://www.sec.gov/Archives/edgar/data/310142/000114036117008738/0001140361-17-008738-index.htm", "finalLink": "https://www.sec.gov/Archives/edgar/data/310142/000114036117008738/form10k.htm", "calculatedOtherExpenses": -40900000, "calculatedOperatingExpenses": 289818000, "calculatedNetInterest": -18324000, "calculatedOtherIncome": 0, "calculatedIncomeNonControlling": -3343000, "calculatedEbitda": 232628000}, {"date": "2015-12-31", "symbol": "SXT", "reportedCurrency": "USD", "cik": "0000310142", "fillingDate": "2016-02-25", "acceptedDate": "2016-02-25 17:05:19", "calendarYear": "2015", "period": "FY", "revenue": 1375964000, "costOfRevenue": 921531000, "grossProfit": 454433000, "grossProfitRatio": 0.3302651814, "researchAndDevelopmentExpenses": 35100000, "generalAndAdministrativeExpenses": 288092000, "sellingAndMarketingExpenses": 1700000, "sellingGeneralAndAdministrativeExpenses": 288092000, "otherExpenses": 0, "operatingExpenses": 288092000, "costAndExpenses": 1209623000, "interestIncome": 0, "interestExpense": 16945000, "depreciationAndAmortization": 47939000, "ebitda": 214280000, "ebitdaratio": 0.1557308185, "operatingIncome": 166341000, "operatingIncomeRatio": 0.1208905175, "totalOtherIncomeExpensesNet": -16945000, "incomeBeforeTax": 149396000, "incomeBeforeTaxRatio": 0.1085755151, "incomeTaxExpense": 42149000, "netIncome": 106785000, "netIncomeRatio": 0.0776074083, "eps": 2.33, "epsdiluted": 2.31, "weightedAverageShsOut": 45910000, "weightedAverageShsOutDil": 46204000, "link": "https://www.sec.gov/Archives/edgar/data/310142/000114036116054898/0001140361-16-054898-index.htm", "finalLink": "https://www.sec.gov/Archives/edgar/data/310142/000114036116054898/form10k.htm", "calculatedOtherExpenses": -35100000, "calculatedOperatingExpenses": 288092000, "calculatedNetInterest": -16945000, "calculatedOtherIncome": 0, "calculatedIncomeNonControlling": 462000, "calculatedEbitda": 214280000}, {"date": "2014-12-31", "symbol": "SXT", "reportedCurrency": "USD", "cik": "0000310142", "fillingDate": "2015-02-26", "acceptedDate": "2015-02-26 16:02:39", "calendarYear": "2014", "period": "FY", "revenue": 1447821000, "costOfRevenue": 959311000, "grossProfit": 488510000, "grossProfitRatio": 0.3374104948, "researchAndDevelopmentExpenses": 35900000, "generalAndAdministrativeExpenses": 357845000, "sellingAndMarketingExpenses": 1900000, "sellingGeneralAndAdministrativeExpenses": 357845000, "otherExpenses": 0, "operatingExpenses": 357845000, "costAndExpenses": 1317156000, "interestIncome": 0, "interestExpense": 16067000, "depreciationAndAmortization": 51456000, "ebitda": 130665000, "ebitdaratio": 0.0902494162, "operatingIncome": 130665000, "operatingIncomeRatio": 0.0902494162, "totalOtherIncomeExpensesNet": -16067000, "incomeBeforeTax": 114598000, "incomeBeforeTaxRatio": 0.0791520499, "incomeTaxExpense": 32827000, "netIncome": 73646000, "netIncomeRatio": 0.0508667853, "eps": 1.52, "epsdiluted": 1.51, "weightedAverageShsOut": 48525000, "weightedAverageShsOutDil": 48819000, "link": "https://www.sec.gov/Archives/edgar/data/310142/000114036115009106/0001140361-15-009106-index.htm", "finalLink": "https://www.sec.gov/Archives/edgar/data/310142/000114036115009106/form10k.htm", "calculatedOtherExpenses": -35900000, "calculatedOperatingExpenses": 357845000, "calculatedNetInterest": -16067000, "calculatedOtherIncome": 0, "calculatedIncomeNonControlling": 8125000, "calculatedEbitda": 182121000}, {"date": "2013-12-31", "symbol": "SXT", "reportedCurrency": "USD", "cik": "0000310142", "fillingDate": "2014-02-28", "acceptedDate": "2014-02-28 10:22:45", "calendarYear": "2013", "period": "FY", "revenue": 1467550000, "costOfRevenue": 991648000, "grossProfit": 475902000, "grossProfitRatio": 0.3242833294, "researchAndDevelopmentExpenses": 34100000, "generalAndAdministrativeExpenses": 303540000, "sellingAndMarketingExpenses": 1600000, "sellingGeneralAndAdministrativeExpenses": 303540000, "otherExpenses": 0, "operatingExpenses": 303540000, "costAndExpenses": 1295188000, "interestIncome": 0, "interestExpense": 16147000, "depreciationAndAmortization": 52016000, "ebitda": 172362000, "ebitdaratio": 0.1174488092, "operatingIncome": 172362000, "operatingIncomeRatio": 0.1174488092, "totalOtherIncomeExpensesNet": -16147000, "incomeBeforeTax": 156215000, "incomeBeforeTaxRatio": 0.1064461177, "incomeTaxExpense": 42920000, "netIncome": 113295000, "netIncomeRatio": 0.0772000954, "eps": 2.28, "epsdiluted": 2.27, "weightedAverageShsOut": 49755000, "weightedAverageShsOutDil": 49934000, "link": "https://www.sec.gov/Archives/edgar/data/310142/000114036114010109/0001140361-14-010109-index.htm", "finalLink": "https://www.sec.gov/Archives/edgar/data/310142/000114036114010109/form10k.htm", "calculatedOtherExpenses": -34100000, "calculatedOperatingExpenses": 303540000, "calculatedNetInterest": -16147000, "calculatedOtherIncome": 0, "calculatedIncomeNonControlling": 0, "calculatedEbitda": 224378000}, {"date": "2012-12-31", "symbol": "SXT", "reportedCurrency": "USD", "cik": "0000310142", "fillingDate": "2013-02-27", "acceptedDate": "2013-02-27 16:27:28", "calendarYear": "2012", "period": "FY", "revenue": 1459050000, "costOfRevenue": 995907000, "grossProfit": 463143000, "grossProfitRatio": 0.3174277783, "researchAndDevelopmentExpenses": 34200000, "generalAndAdministrativeExpenses": 271935000, "sellingAndMarketingExpenses": 2200000, "sellingGeneralAndAdministrativeExpenses": 271935000, "otherExpenses": 0, "operatingExpenses": 271935000, "costAndExpenses": 1267842000, "interestIncome": 0, "interestExpense": 16901000, "depreciationAndAmortization": 48352000, "ebitda": 191208000, "ebitdaratio": 0.1310496556, "operatingIncome": 191208000, "operatingIncomeRatio": 0.1310496556, "totalOtherIncomeExpensesNet": -16901000, "incomeBeforeTax": 174307000, "incomeBeforeTaxRatio": 0.1194660909, "incomeTaxExpense": 50399000, "netIncome": 123908000, "netIncomeRatio": 0.0849237518, "eps": 2.5, "epsdiluted": 2.49, "weightedAverageShsOut": 49596000, "weightedAverageShsOutDil": 49822000, "link": "https://www.sec.gov/Archives/edgar/data/310142/000114036113009616/0001140361-13-009616-index.htm", "finalLink": "https://www.sec.gov/Archives/edgar/data/310142/000114036113009616/form10k.htm", "calculatedOtherExpenses": -34200000, "calculatedOperatingExpenses": 271935000, "calculatedNetInterest": -16901000, "calculatedOtherIncome": 0, "calculatedIncomeNonControlling": 0, "calculatedEbitda": 239560000}, {"date": "2011-12-31", "symbol": "SXT", "reportedCurrency": "USD", "cik": "0000310142", "fillingDate": "2012-02-27", "acceptedDate": "2012-02-27 12:00:47", "calendarYear": "2011", "period": "FY", "revenue": 1430789000, "costOfRevenue": 981137000, "grossProfit": 449652000, "grossProfitRatio": 0.3142685609, "researchAndDevelopmentExpenses": 0, "generalAndAdministrativeExpenses": 258829000, "sellingAndMarketingExpenses": 0, "sellingGeneralAndAdministrativeExpenses": 258829000, "otherExpenses": 0, "operatingExpenses": 258829000, "costAndExpenses": 1239966000, "interestIncome": 0, "interestExpense": 19439000, "depreciationAndAmortization": 46099000, "ebitda": 190823000, "ebitdaratio": 0.1333690712, "operatingIncome": 190823000, "operatingIncomeRatio": 0.1333690712, "totalOtherIncomeExpensesNet": -19439000, "incomeBeforeTax": 171384000, "incomeBeforeTaxRatio": 0.1197828611, "incomeTaxExpense": 50900000, "netIncome": 120484000, "netIncomeRatio": 0.0842080838, "eps": 2.42, "epsdiluted": 2.41, "weightedAverageShsOut": 49746000, "weightedAverageShsOutDil": 49937000, "link": "https://www.sec.gov/Archives/edgar/data/310142/000114036112011033/0001140361-12-011033-index.htm", "finalLink": "https://www.sec.gov/Archives/edgar/data/310142/000114036112011033/form10k.htm", "calculatedOtherExpenses": 0, "calculatedOperatingExpenses": 258829000, "calculatedNetInterest": -19439000, "calculatedOtherIncome": 0, "calculatedIncomeNonControlling": 0, "calculatedEbitda": 236922000}, {"date": "2010-12-31", "symbol": "SXT", "reportedCurrency": "USD", "cik": "0000310142", "fillingDate": "2011-02-25", "acceptedDate": "2011-02-25 10:14:38", "calendarYear": "2010", "period": "FY", "revenue": 1328180000, "costOfRevenue": 919821000, "grossProfit": 408359000, "grossProfitRatio": 0.3074575735, "researchAndDevelopmentExpenses": 0, "generalAndAdministrativeExpenses": 233782000, "sellingAndMarketingExpenses": 0, "sellingGeneralAndAdministrativeExpenses": 233782000, "otherExpenses": 0, "operatingExpenses": 233782000, "costAndExpenses": 1153603000, "interestIncome": 0, "interestExpense": 20384000, "depreciationAndAmortization": 43423000, "ebitda": 174577000, "ebitdaratio": 0.1314407686, "operatingIncome": 174577000, "operatingIncomeRatio": 0.1314407686, "totalOtherIncomeExpensesNet": -20384000, "incomeBeforeTax": 154193000, "incomeBeforeTaxRatio": 0.1160934512, "incomeTaxExpense": 47049000, "netIncome": 107144000, "netIncomeRatio": 0.0806697887, "eps": 2.18, "epsdiluted": 2.17, "weightedAverageShsOut": 49138000, "weightedAverageShsOutDil": 49424000, "link": "https://www.sec.gov/Archives/edgar/data/310142/000095012311018319/0000950123-11-018319-index.htm", "finalLink": "https://www.sec.gov/Archives/edgar/data/310142/000095012311018319/c61215e10vk.htm", "calculatedOtherExpenses": 0, "calculatedOperatingExpenses": 233782000, "calculatedNetInterest": -20384000, "calculatedOtherIncome": 0, "calculatedIncomeNonControlling": 0, "calculatedEbitda": 218000000}, {"date": "2009-12-31", "symbol": "SXT", "reportedCurrency": "USD", "cik": "0000310142", "fillingDate": "2010-03-01", "acceptedDate": "2010-03-01 06:07:05", "calendarYear": "2009", "period": "FY", "revenue": 1201412000, "costOfRevenue": 832382000, "grossProfit": 369030000, "grossProfitRatio": 0.3071635709, "researchAndDevelopmentExpenses": 0, "generalAndAdministrativeExpenses": 222067000, "sellingAndMarketingExpenses": 0, "sellingGeneralAndAdministrativeExpenses": 222067000, "otherExpenses": 0, "operatingExpenses": 222067000, "costAndExpenses": 1054449000, "interestIncome": 0, "interestExpense": 23788000, "depreciationAndAmortization": 42183000, "ebitda": 146963000, "ebitdaratio": 0.1223252306, "operatingIncome": 146963000, "operatingIncomeRatio": 0.1223252306, "totalOtherIncomeExpensesNet": -23788000, "incomeBeforeTax": 123175000, "incomeBeforeTaxRatio": 0.1025251954, "incomeTaxExpense": 36614000, "netIncome": 86561000, "netIncomeRatio": 0.0720493886, "eps": 1.79, "epsdiluted": 1.78, "weightedAverageShsOut": 48379000, "weightedAverageShsOutDil": 48641000, "link": "https://www.sec.gov/Archives/edgar/data/310142/000119312510043675/0001193125-10-043675-index.htm", "finalLink": "https://www.sec.gov/Archives/edgar/data/310142/000119312510043675/d10k.htm", "calculatedOtherExpenses": 0, "calculatedOperatingExpenses": 222067000, "calculatedNetInterest": -23788000, "calculatedOtherIncome": 0, "calculatedIncomeNonControlling": 0, "calculatedEbitda": 189146000}, {"date": "2008-12-31", "symbol": "SXT", "reportedCurrency": "USD", "cik": "0000310142", "fillingDate": "2009-03-02", "acceptedDate": "2009-03-02 06:16:11", "calendarYear": "2008", "period": "FY", "revenue": 1252620000, "costOfRevenue": 871754000, "grossProfit": 380866000, "grossProfitRatio": 0.3040554997, "researchAndDevelopmentExpenses": 0, "generalAndAdministrativeExpenses": 219267000, "sellingAndMarketingExpenses": 0, "sellingGeneralAndAdministrativeExpenses": 219267000, "otherExpenses": 0, "operatingExpenses": 219267000, "costAndExpenses": 1091021000, "interestIncome": 0, "interestExpense": 32306000, "depreciationAndAmortization": 44445000, "ebitda": 161599000, "ebitdaratio": 0.1290087976, "operatingIncome": 161599000, "operatingIncomeRatio": 0.1290087976, "totalOtherIncomeExpensesNet": -32306000, "incomeBeforeTax": 129293000, "incomeBeforeTaxRatio": 0.103218055, "incomeTaxExpense": 38432000, "netIncome": 90861000, "netIncomeRatio": 0.0725367629, "eps": 1.91, "epsdiluted": 1.89, "weightedAverageShsOut": 47654000, "weightedAverageShsOutDil": 48131000, "link": "https://www.sec.gov/Archives/edgar/data/310142/000119312509041687/0001193125-09-041687-index.htm", "finalLink": "https://www.sec.gov/Archives/edgar/data/310142/000119312509041687/d10k.htm", "calculatedOtherExpenses": 0, "calculatedOperatingExpenses": 219267000, "calculatedNetInterest": -32306000, "calculatedOtherIncome": 0, "calculatedIncomeNonControlling": 0, "calculatedEbitda": 206044000}, {"date": "2007-12-31", "symbol": "SXT", "reportedCurrency": "USD", "cik": "0000310142", "fillingDate": "2008-02-29", "acceptedDate": "2008-02-29 11:51:54", "calendarYear": "2007", "period": "FY", "revenue": 1184778000, "costOfRevenue": 822479000, "grossProfit": 362299000, "grossProfitRatio": 0.3057948409, "researchAndDevelopmentExpenses": 0, "generalAndAdministrativeExpenses": 214929000, "sellingAndMarketingExpenses": 0, "sellingGeneralAndAdministrativeExpenses": 214929000, "otherExpenses": 0, "operatingExpenses": 214929000, "costAndExpenses": 1037408000, "interestIncome": 0, "interestExpense": 36127000, "depreciationAndAmortization": 44312000, "ebitda": 191682000, "ebitdaratio": 0.1617872715, "operatingIncome": 147370000, "operatingIncomeRatio": 0.1243861719, "totalOtherIncomeExpensesNet": -36127000, "incomeBeforeTax": 111243000, "incomeBeforeTaxRatio": 0.0938935395, "incomeTaxExpense": 33457000, "netIncome": 77786000, "netIncomeRatio": 0.0656544939, "eps": 1.66, "epsdiluted": 1.65, "weightedAverageShsOut": 46740000, "weightedAverageShsOutDil": 47257000, "link": "https://www.sec.gov/Archives/edgar/data/310142/000119312508043100/0001193125-08-043100-index.htm", "finalLink": "https://www.sec.gov/Archives/edgar/data/310142/000119312508043100/d10k.htm", "calculatedOtherExpenses": 0, "calculatedOperatingExpenses": 214929000, "calculatedNetInterest": -36127000, "calculatedOtherIncome": 0, "calculatedIncomeNonControlling": 0, "calculatedEbitda": 191682000}, {"date": "2006-12-31", "symbol": "SXT", "reportedCurrency": "USD", "cik": "0000310142", "fillingDate": "2007-03-01", "acceptedDate": "2007-02-28 20:52:46", "calendarYear": "2006", "period": "FY", "revenue": 1098774000, "costOfRevenue": 766506000, "grossProfit": 332268000, "grossProfitRatio": 0.3023988555, "researchAndDevelopmentExpenses": 0, "generalAndAdministrativeExpenses": 202991000, "sellingAndMarketingExpenses": 0, "sellingGeneralAndAdministrativeExpenses": 202991000, "otherExpenses": 0, "operatingExpenses": 202991000, "costAndExpenses": 969497000, "interestIncome": 0, "interestExpense": 35748000, "depreciationAndAmortization": 43044000, "ebitda": 172321000, "ebitdaratio": 0.156830249, "operatingIncome": 129277000, "operatingIncomeRatio": 0.1176556781, "totalOtherIncomeExpensesNet": -35748000, "incomeBeforeTax": 93529000, "incomeBeforeTaxRatio": 0.0851212351, "incomeTaxExpense": 27104000, "netIncome": 66425000, "netIncomeRatio": 0.0604537421, "eps": 1.45, "epsdiluted": 1.44, "weightedAverageShsOut": 45900000, "weightedAverageShsOutDil": 46204000, "link": "https://www.sec.gov/Archives/edgar/data/310142/000119312507043088/0001193125-07-043088-index.htm", "finalLink": "https://www.sec.gov/Archives/edgar/data/310142/000119312507043088/d10k.htm", "calculatedOtherExpenses": 0, "calculatedOperatingExpenses": 202991000, "calculatedNetInterest": -35748000, "calculatedOtherIncome": 0, "calculatedIncomeNonControlling": 0, "calculatedEbitda": 172321000}, {"date": "2005-12-31", "symbol": "SXT", "reportedCurrency": "USD", "cik": "0000310142", "fillingDate": "2006-03-15", "acceptedDate": "2006-03-15 12:46:43", "calendarYear": "2005", "period": "FY", "revenue": 1023930000, "costOfRevenue": 731253000, "grossProfit": 292677000, "grossProfitRatio": 0.2858369224, "researchAndDevelopmentExpenses": 0, "generalAndAdministrativeExpenses": 189998000, "sellingAndMarketingExpenses": 0, "sellingGeneralAndAdministrativeExpenses": 189998000, "otherExpenses": 0, "operatingExpenses": 189998000, "costAndExpenses": 921251000, "interestIncome": 0, "interestExpense": 44202000, "depreciationAndAmortization": 46769000, "ebitda": 157913000, "ebitdaratio": 0.1542224566, "operatingIncome": 94214000, "operatingIncomeRatio": 0.0920121493, "totalOtherIncomeExpensesNet": -8465000, "incomeBeforeTax": 58477000, "incomeBeforeTaxRatio": 0.0571103493, "incomeTaxExpense": 14282000, "netIncome": 44195000, "netIncomeRatio": 0.0431621302, "eps": 0.95, "epsdiluted": 0.94, "weightedAverageShsOut": 46746000, "weightedAverageShsOutDil": 47067000, "link": "https://www.sec.gov/Archives/edgar/data/310142/000119312506054705/0001193125-06-054705-index.htm", "finalLink": "https://www.sec.gov/Archives/edgar/data/310142/000119312506054705/d10k.htm", "calculatedOtherExpenses": 8465000, "calculatedOperatingExpenses": 198463000, "calculatedNetInterest": -44202000, "calculatedOtherIncome": 8465000, "calculatedIncomeNonControlling": 0, "calculatedEbitda": 140983000}, {"date": "2004-12-31", "symbol": "SXT", "reportedCurrency": "USD", "cik": "0000310142", "fillingDate": "2005-03-15", "acceptedDate": "2005-03-15 13:01:00", "calendarYear": "2004", "period": "FY", "revenue": 1047133000, "costOfRevenue": 734596000, "grossProfit": 312537000, "grossProfitRatio": 0.2984692489, "researchAndDevelopmentExpenses": 0, "generalAndAdministrativeExpenses": 183381000, "sellingAndMarketingExpenses": 0, "sellingGeneralAndAdministrativeExpenses": 183381000, "otherExpenses": 0, "operatingExpenses": 183381000, "costAndExpenses": 917977000, "interestIncome": 0, "interestExpense": 31265000, "depreciationAndAmortization": 46243000, "ebitda": 175399000, "ebitdaratio": 0.1675040324, "operatingIncome": 129156000, "operatingIncomeRatio": 0.123342498, "totalOtherIncomeExpensesNet": -31265000, "incomeBeforeTax": 97891000, "incomeBeforeTaxRatio": 0.0934847818, "incomeTaxExpense": 23973000, "netIncome": 73918000, "netIncomeRatio": 0.0705908419, "eps": 1.59, "epsdiluted": 1.58, "weightedAverageShsOut": 46562000, "weightedAverageShsOutDil": 46877000, "link": "https://www.sec.gov/Archives/edgar/data/310142/000119312505050657/0001193125-05-050657-index.htm", "finalLink": "https://www.sec.gov/Archives/edgar/data/310142/000119312505050657/d10k.htm", "calculatedOtherExpenses": 0, "calculatedOperatingExpenses": 183381000, "calculatedNetInterest": -31265000, "calculatedOtherIncome": 0, "calculatedIncomeNonControlling": 0, "calculatedEbitda": 175399000}, {"date": "2003-12-31", "symbol": "SXT", "reportedCurrency": "USD", "cik": "0000310142", "fillingDate": "2004-03-15", "acceptedDate": "2004-03-15 10:27:56", "calendarYear": "2003", "period": "FY", "revenue": 987408000, "costOfRevenue": 675412000, "grossProfit": 311996000, "grossProfitRatio": 0.3159747541, "researchAndDevelopmentExpenses": 0, "generalAndAdministrativeExpenses": 168036000, "sellingAndMarketingExpenses": 0, "sellingGeneralAndAdministrativeExpenses": 168036000, "otherExpenses": 6476000, "operatingExpenses": 174512000, "costAndExpenses": 849924000, "interestIncome": 0, "interestExpense": 35616000, "depreciationAndAmortization": 43098000, "ebitda": 187058000, "ebitdaratio": 0.1894434722, "operatingIncome": 137484000, "operatingIncomeRatio": 0.1392372758, "totalOtherIncomeExpensesNet": -6476000, "incomeBeforeTax": 108344000, "incomeBeforeTaxRatio": 0.1097256656, "incomeTaxExpense": 26912000, "netIncome": 81432000, "netIncomeRatio": 0.0824704681, "eps": 1.74, "epsdiluted": 1.73, "weightedAverageShsOut": 46741000, "weightedAverageShsOutDil": 47041000, "link": "https://www.sec.gov/Archives/edgar/data/310142/000119312504041652/0001193125-04-041652-index.htm", "finalLink": "https://www.sec.gov/Archives/edgar/data/310142/000119312504041652/d10k.htm", "calculatedOtherExpenses": 6476000, "calculatedOperatingExpenses": 174512000, "calculatedNetInterest": -35616000, "calculatedOtherIncome": 6476000, "calculatedIncomeNonControlling": 0, "calculatedEbitda": 180582000}, {"date": "2002-12-31", "symbol": "SXT", "reportedCurrency": "USD", "cik": "0000310142", "fillingDate": "2003-03-27", "acceptedDate": "2003-03-27 15:04:54", "calendarYear": "2002", "period": "FY", "revenue": 939886000, "costOfRevenue": 631581000, "grossProfit": 308305000, "grossProfitRatio": 0.3280238242, "researchAndDevelopmentExpenses": 0, "generalAndAdministrativeExpenses": 161810000, "sellingAndMarketingExpenses": 0, "sellingGeneralAndAdministrativeExpenses": 161810000, "otherExpenses": 0, "operatingExpenses": 161810000, "costAndExpenses": 793391000, "interestIncome": 0, "interestExpense": 29523000, "depreciationAndAmortization": 41290000, "ebitda": 187785000, "ebitdaratio": 0.1997955071, "operatingIncome": 146495000, "operatingIncomeRatio": 0.1558646474, "totalOtherIncomeExpensesNet": -29523000, "incomeBeforeTax": 116972000, "incomeBeforeTaxRatio": 0.1244533912, "incomeTaxExpense": 36282000, "netIncome": 80690000, "netIncomeRatio": 0.0858508372, "eps": 1.7, "epsdiluted": 1.69, "weightedAverageShsOut": 47379000, "weightedAverageShsOutDil": 47788000, "link": "https://www.sec.gov/Archives/edgar/data/310142/000095013003002504/0000950130-03-002504-index.htm", "finalLink": "https://www.sec.gov/Archives/edgar/data/310142/000095013003002504/d10k.htm", "calculatedOtherExpenses": 0, "calculatedOperatingExpenses": 161810000, "calculatedNetInterest": -29523000, "calculatedOtherIncome": 0, "calculatedIncomeNonControlling": 0, "calculatedEbitda": 187785000}, {"date": "2001-12-31", "symbol": "SXT", "reportedCurrency": "USD", "cik": "0000310142", "fillingDate": "2002-03-28", "acceptedDate": "2002-03-28 00:00:00", "calendarYear": "2001", "period": "FY", "revenue": 816947000, "costOfRevenue": 549327000, "grossProfit": 267620000, "grossProfitRatio": 0.3275855104, "researchAndDevelopmentExpenses": 0, "generalAndAdministrativeExpenses": 146130000, "sellingAndMarketingExpenses": 0, "sellingGeneralAndAdministrativeExpenses": 146130000, "otherExpenses": 0, "operatingExpenses": 146130000, "costAndExpenses": 695457000, "interestIncome": 0, "interestExpense": 22892000, "depreciationAndAmortization": 46290000, "ebitda": 167780000, "ebitdaratio": 0.2053744001, "operatingIncome": 121490000, "operatingIncomeRatio": 0.1487122176, "totalOtherIncomeExpensesNet": -31531000, "incomeBeforeTax": 89959000, "incomeBeforeTaxRatio": 0.1101160785, "incomeTaxExpense": 24996000, "netIncome": 73602000, "netIncomeRatio": 0.0900939718, "eps": 1.54, "epsdiluted": 1.54, "weightedAverageShsOut": 47671000, "weightedAverageShsOutDil": 47926000, "link": "https://www.sec.gov/Archives/edgar/data/310142/000095013002002166/0000950130-02-002166-index.htm", "finalLink": "https://www.sec.gov/Archives/edgar/data/310142/000095013002002166/d10k405.txt", "calculatedOtherExpenses": 0, "calculatedOperatingExpenses": 146130000, "calculatedNetInterest": -22892000, "calculatedOtherIncome": -8639000, "calculatedIncomeNonControlling": -8639000, "calculatedEbitda": 167780000}, {"date": "2000-12-31", "symbol": "SXT", "reportedCurrency": "USD", "cik": "0000310142", "fillingDate": "2001-03-28", "acceptedDate": "2001-03-28 00:00:00", "calendarYear": "2000", "period": "FY", "revenue": 809163000, "costOfRevenue": 479406000, "grossProfit": 329757000, "grossProfitRatio": 0.4075285202, "researchAndDevelopmentExpenses": 0, "generalAndAdministrativeExpenses": 153010000, "sellingAndMarketingExpenses": 0, "sellingGeneralAndAdministrativeExpenses": 153010000, "otherExpenses": 45554000, "operatingExpenses": 198564000, "costAndExpenses": 677970000, "interestIncome": 0, "interestExpense": 49900000, "depreciationAndAmortization": 45554000, "ebitda": 195747000, "ebitdaratio": 0.2419129397, "operatingIncome": 131193000, "operatingIncomeRatio": 0.1621342053, "totalOtherIncomeExpensesNet": -19000000, "incomeBeforeTax": 78028000, "incomeBeforeTaxRatio": 0.0964305091, "incomeTaxExpense": 21681000, "netIncome": 59612000, "netIncomeRatio": 0.0736711886, "eps": 1.27, "epsdiluted": 1.26, "weightedAverageShsOut": 48898000, "weightedAverageShsOutDil": 49166000, "link": "https://www.sec.gov/Archives/edgar/data/310142/000095013001001497/0000950130-01-001497-index.htm", "finalLink": "https://www.sec.gov/Archives/edgar/data/310142/000095013001001497/0000950130-01-001497-0001.txt", "calculatedOtherExpenses": 45554000, "calculatedOperatingExpenses": 198564000, "calculatedNetInterest": -49900000, "calculatedOtherIncome": -3265000, "calculatedIncomeNonControlling": -3265000, "calculatedEbitda": 176747000}, {"date": "1999-09-30", "symbol": "SXT", "reportedCurrency": "USD", "cik": "0000310142", "fillingDate": "1999-12-28", "acceptedDate": "1999-12-28 00:00:00", "calendarYear": "1999", "period": "FY", "revenue": 920200000, "costOfRevenue": 550800000, "grossProfit": 369400000, "grossProfitRatio": 0.4014344708, "researchAndDevelopmentExpenses": 0, "generalAndAdministrativeExpenses": 0, "sellingAndMarketingExpenses": 0, "sellingGeneralAndAdministrativeExpenses": 175300000, "otherExpenses": 49000000, "operatingExpenses": 224300000, "costAndExpenses": 775100000, "interestIncome": 0, "interestExpense": 26100000, "depreciationAndAmortization": 49000000, "ebitda": 194100000, "ebitdaratio": 0.210932406, "operatingIncome": 145100000, "operatingIncomeRatio": 0.1576831124, "totalOtherIncomeExpensesNet": -26100000, "incomeBeforeTax": 119000000, "incomeBeforeTaxRatio": 0.1293197131, "incomeTaxExpense": 38900000, "netIncome": 80100000, "netIncomeRatio": 0.0870462943, "eps": 1.62, "epsdiluted": 1.61, "weightedAverageShsOut": 50469753, "weightedAverageShsOutDil": 50783230, "link": "https://www.sec.gov/Archives/edgar/data/310142/000095012499006626/0000950124-99-006626-index.html", "finalLink": "https://www.sec.gov/Archives/edgar/data/310142/000095012499006626/", "calculatedOtherExpenses": 49000000, "calculatedOperatingExpenses": 224300000, "calculatedNetInterest": -26100000, "calculatedOtherIncome": 0, "calculatedIncomeNonControlling": 0, "calculatedEbitda": 194100000}, {"date": "1998-09-30", "symbol": "SXT", "reportedCurrency": "USD", "cik": "0000310142", "fillingDate": "1998-12-28", "acceptedDate": "1998-12-28 00:00:00", "calendarYear": "1998", "period": "FY", "revenue": 856800000, "costOfRevenue": 511800000, "grossProfit": 345000000, "grossProfitRatio": 0.4026610644, "researchAndDevelopmentExpenses": 0, "generalAndAdministrativeExpenses": 171900000, "sellingAndMarketingExpenses": 0, "sellingGeneralAndAdministrativeExpenses": 171900000, "otherExpenses": 44200000, "operatingExpenses": 216100000, "costAndExpenses": 727900000, "interestIncome": 0, "interestExpense": 21300000, "depreciationAndAmortization": 44200000, "ebitda": 173100000, "ebitdaratio": 0.2020308123, "operatingIncome": 128900000, "operatingIncomeRatio": 0.1504435107, "totalOtherIncomeExpensesNet": -21300000, "incomeBeforeTax": 107600000, "incomeBeforeTaxRatio": 0.1255835668, "incomeTaxExpense": 35000000, "netIncome": 72600000, "netIncomeRatio": 0.0847338936, "eps": 1.45, "epsdiluted": 1.43, "weightedAverageShsOut": 51205517, "weightedAverageShsOutDil": 51921678, "link": "https://www.sec.gov/Archives/edgar/data/310142/000095012498007741/0000950124-98-007741-index.html", "finalLink": "https://www.sec.gov/Archives/edgar/data/310142/", "calculatedOtherExpenses": 44200000, "calculatedOperatingExpenses": 216100000, "calculatedNetInterest": -21300000, "calculatedOtherIncome": 0, "calculatedIncomeNonControlling": 0, "calculatedEbitda": 173100000}, {"date": "1997-09-30", "symbol": "SXT", "reportedCurrency": "USD", "cik": "0000310142", "fillingDate": "1997-12-29", "acceptedDate": "1997-12-29 00:00:00", "calendarYear": "1997", "period": "FY", "revenue": 825700000, "costOfRevenue": 513800000, "grossProfit": 311900000, "grossProfitRatio": 0.3777400993, "researchAndDevelopmentExpenses": 0, "generalAndAdministrativeExpenses": 167400000, "sellingAndMarketingExpenses": 0, "sellingGeneralAndAdministrativeExpenses": 167400000, "otherExpenses": 37300000, "operatingExpenses": 204700000, "costAndExpenses": 718500000, "interestIncome": 0, "interestExpense": 16800000, "depreciationAndAmortization": 37300000, "ebitda": 144500000, "ebitdaratio": 0.1750030277, "operatingIncome": 107200000, "operatingIncomeRatio": 0.1298292358, "totalOtherIncomeExpensesNet": -16800000, "incomeBeforeTax": 90400000, "incomeBeforeTaxRatio": 0.109482863, "incomeTaxExpense": 25700000, "netIncome": 64700000, "netIncomeRatio": 0.0783577571, "eps": 1.27, "epsdiluted": 1.26, "weightedAverageShsOut": 50944882, "weightedAverageShsOutDil": 51349206, "link": "https://www.sec.gov/Archives/edgar/data/310142/000095012497006655/0000950124-97-006655-index.html", "finalLink": "https://www.sec.gov/Archives/edgar/data/310142/", "calculatedOtherExpenses": 37300000, "calculatedOperatingExpenses": 204700000, "calculatedNetInterest": -16800000, "calculatedOtherIncome": 0, "calculatedIncomeNonControlling": 0, "calculatedEbitda": 144500000}, {"date": "1996-09-30", "symbol": "SXT", "reportedCurrency": "USD", "cik": "0000310142", "fillingDate": "1996-12-30", "acceptedDate": "1996-12-30 00:00:00", "calendarYear": "1996", "period": "FY", "revenue": 806400000, "costOfRevenue": 499800000, "grossProfit": 306600000, "grossProfitRatio": 0.3802083333, "researchAndDevelopmentExpenses": 0, "generalAndAdministrativeExpenses": 164200000, "sellingAndMarketingExpenses": 0, "sellingGeneralAndAdministrativeExpenses": 164200000, "otherExpenses": 33500000, "operatingExpenses": 197700000, "costAndExpenses": 697500000, "interestIncome": 0, "interestExpense": 40300000, "depreciationAndAmortization": 33500000, "ebitda": 167400000, "ebitdaratio": 0.2075892857, "operatingIncome": 108900000, "operatingIncomeRatio": 0.1350446429, "totalOtherIncomeExpensesNet": -25000000, "incomeBeforeTax": 68600000, "incomeBeforeTaxRatio": 0.0850694444, "incomeTaxExpense": 24400000, "netIncome": 44200000, "netIncomeRatio": 0.0548115079, "eps": 0.86, "epsdiluted": 0.85, "weightedAverageShsOut": 51395349, "weightedAverageShsOutDil": 52000000, "link": "https://www.sec.gov/Archives/edgar/data/310142/000089706996000442/0000897069-96-000442-index.html", "finalLink": "https://www.sec.gov/Archives/edgar/data/310142/", "calculatedOtherExpenses": 33500000, "calculatedOperatingExpenses": 197700000, "calculatedNetInterest": -40300000, "calculatedOtherIncome": 0, "calculatedIncomeNonControlling": 0, "calculatedEbitda": 142400000}, {"date": "1995-09-30", "symbol": "SXT", "reportedCurrency": "USD", "cik": "0000310142", "fillingDate": "1995-12-28", "acceptedDate": "1995-12-28 00:00:00", "calendarYear": "1995", "period": "FY", "revenue": 793000000, "costOfRevenue": 483600000, "grossProfit": 309400000, "grossProfitRatio": 0.3901639344, "researchAndDevelopmentExpenses": 0, "generalAndAdministrativeExpenses": 171900000, "sellingAndMarketingExpenses": 0, "sellingGeneralAndAdministrativeExpenses": 171900000, "otherExpenses": 34600000, "operatingExpenses": 206500000, "costAndExpenses": 690100000, "interestIncome": 0, "interestExpense": -11700000, "depreciationAndAmortization": 34600000, "ebitda": 110700000, "ebitdaratio": 0.1395964691, "operatingIncome": 102900000, "operatingIncomeRatio": 0.1297604035, "totalOtherIncomeExpensesNet": 26800000, "incomeBeforeTax": 114600000, "incomeBeforeTaxRatio": 0.1445145019, "incomeTaxExpense": 48500000, "netIncome": 66100000, "netIncomeRatio": 0.0833543506, "eps": 1.27, "epsdiluted": 1.27, "weightedAverageShsOut": 52122000, "weightedAverageShsOutDil": 52122000, "link": "https://www.sec.gov/Archives/edgar/data/310142/000089706995000215/0000897069-95-000215-index.html", "finalLink": "https://www.sec.gov/Archives/edgar/data/310142/", "calculatedOtherExpenses": 34600000, "calculatedOperatingExpenses": 206500000, "calculatedNetInterest": 11700000, "calculatedOtherIncome": 0, "calculatedIncomeNonControlling": 0, "calculatedEbitda": 137500000}, {"date": "1994-09-30", "symbol": "SXT", "reportedCurrency": "USD", "cik": "0000310142", "fillingDate": "1994-12-19", "acceptedDate": "1994-12-19 00:00:00", "calendarYear": "1994", "period": "FY", "revenue": 929900000, "costOfRevenue": 580400000, "grossProfit": 349500000, "grossProfitRatio": 0.3758468653, "researchAndDevelopmentExpenses": 0, "generalAndAdministrativeExpenses": 204000000, "sellingAndMarketingExpenses": 0, "sellingGeneralAndAdministrativeExpenses": 204000000, "otherExpenses": 36400000, "operatingExpenses": 240400000, "costAndExpenses": 820800000, "interestIncome": 0, "interestExpense": 28000000, "depreciationAndAmortization": 36400000, "ebitda": 157600000, "ebitdaratio": 0.1694805893, "operatingIncome": 109100000, "operatingIncomeRatio": 0.1173244435, "totalOtherIncomeExpensesNet": -12100000, "incomeBeforeTax": 81100000, "incomeBeforeTaxRatio": 0.0872136789, "incomeTaxExpense": 30200000, "netIncome": 50900000, "netIncomeRatio": 0.0547370685, "eps": 0.98, "epsdiluted": 0.98, "weightedAverageShsOut": 52262000, "weightedAverageShsOutDil": 52262000, "link": "https://www.sec.gov/Archives/edgar/data/310142/000089706994000121/0000897069-94-000121-index.html", "finalLink": "https://www.sec.gov/Archives/edgar/data/310142/", "calculatedOtherExpenses": 36400000, "calculatedOperatingExpenses": 240400000, "calculatedNetInterest": -28000000, "calculatedOtherIncome": 0, "calculatedIncomeNonControlling": 0, "calculatedEbitda": 145500000}, {"date": "1993-09-30", "symbol": "SXT", "reportedCurrency": "USD", "cik": "0000310142", "fillingDate": "1994-03-28", "acceptedDate": "1994-03-28 00:00:00", "calendarYear": "1993", "period": "FY", "revenue": 891600000, "costOfRevenue": 554700000, "grossProfit": 336900000, "grossProfitRatio": 0.3778600269, "researchAndDevelopmentExpenses": 0, "generalAndAdministrativeExpenses": 0, "sellingAndMarketingExpenses": 0, "sellingGeneralAndAdministrativeExpenses": 196100000, "otherExpenses": 35100000, "operatingExpenses": 231200000, "costAndExpenses": 785900000, "interestIncome": 0, "interestExpense": 15100000, "depreciationAndAmortization": 35100000, "ebitda": 140800000, "ebitdaratio": 0.157918349, "operatingIncome": 105700000, "operatingIncomeRatio": 0.1185509197, "totalOtherIncomeExpensesNet": -15100000, "incomeBeforeTax": 90600000, "incomeBeforeTaxRatio": 0.101615074, "incomeTaxExpense": 34000000, "netIncome": 33000000, "netIncomeRatio": 0.0370121131, "eps": 0.63, "epsdiluted": 0.63, "weightedAverageShsOut": 52380952, "weightedAverageShsOutDil": 52380952, "link": "https://www.sec.gov/Archives/edgar/data/310142/000089706994000054/0000897069-94-000054-index.html", "finalLink": "https://www.sec.gov/Archives/edgar/data/310142/", "calculatedOtherExpenses": 35100000, "calculatedOperatingExpenses": 231200000, "calculatedNetInterest": -15100000, "calculatedOtherIncome": 0, "calculatedIncomeNonControlling": 23600000, "calculatedEbitda": 140800000}, {"date": "1992-09-30", "symbol": "SXT", "reportedCurrency": "USD", "cik": "0000310142", "fillingDate": "1992-09-30", "acceptedDate": "1992-09-30 00:00:00", "calendarYear": "1992", "period": "FY", "revenue": 883400000, "costOfRevenue": 560000000, "grossProfit": 323400000, "grossProfitRatio": 0.3660855784, "researchAndDevelopmentExpenses": 0, "generalAndAdministrativeExpenses": 0, "sellingAndMarketingExpenses": 0, "sellingGeneralAndAdministrativeExpenses": 187700000, "otherExpenses": 33000000, "operatingExpenses": 220700000, "costAndExpenses": 780700000, "interestIncome": 0, "interestExpense": 35700000, "depreciationAndAmortization": 33000000, "ebitda": 155000000, "ebitdaratio": 0.175458456, "operatingIncome": 102700000, "operatingIncomeRatio": 0.116255377, "totalOtherIncomeExpensesNet": -19300000, "incomeBeforeTax": 67000000, "incomeBeforeTaxRatio": 0.0758433326, "incomeTaxExpense": 25300000, "netIncome": 41700000, "netIncomeRatio": 0.0472039846, "eps": 0.79, "epsdiluted": 0.79, "weightedAverageShsOut": 52784810, "weightedAverageShsOutDil": 52784810, "link": null, "finalLink": null, "calculatedOtherExpenses": 33000000, "calculatedOperatingExpenses": 220700000, "calculatedNetInterest": -35700000, "calculatedOtherIncome": 0, "calculatedIncomeNonControlling": 0, "calculatedEbitda": 135700000}, {"date": "1991-09-30", "symbol": "SXT", "reportedCurrency": "USD", "cik": "0000310142", "fillingDate": "1991-09-30", "acceptedDate": "1991-09-30 00:00:00", "calendarYear": "1991", "period": "FY", "revenue": 834300000, "costOfRevenue": 528500000, "grossProfit": 305800000, "grossProfitRatio": 0.3665348196, "researchAndDevelopmentExpenses": 0, "generalAndAdministrativeExpenses": 0, "sellingAndMarketingExpenses": 0, "sellingGeneralAndAdministrativeExpenses": 170100000, "otherExpenses": 29400000, "operatingExpenses": 199500000, "costAndExpenses": 728000000, "interestIncome": 0, "interestExpense": 14000000, "depreciationAndAmortization": 29400000, "ebitda": 135700000, "ebitdaratio": 0.1626513245, "operatingIncome": 106300000, "operatingIncomeRatio": 0.1274122018, "totalOtherIncomeExpensesNet": -14000000, "incomeBeforeTax": 92300000, "incomeBeforeTaxRatio": 0.1106316673, "incomeTaxExpense": 34500000, "netIncome": 57800000, "netIncomeRatio": 0.0692796356, "eps": 1.09, "epsdiluted": 1.09, "weightedAverageShsOut": 53027523, "weightedAverageShsOutDil": 53027523, "link": null, "finalLink": null, "calculatedOtherExpenses": 29400000, "calculatedOperatingExpenses": 199500000, "calculatedNetInterest": -14000000, "calculatedOtherIncome": 0, "calculatedIncomeNonControlling": 0, "calculatedEbitda": 135700000}, {"date": "1990-09-30", "symbol": "SXT", "reportedCurrency": "USD", "cik": "0000310142", "fillingDate": "1990-09-30", "acceptedDate": "1990-09-30 00:00:00", "calendarYear": "1990", "period": "FY", "revenue": 838900000, "costOfRevenue": 557100000, "grossProfit": 281800000, "grossProfitRatio": 0.3359160806, "researchAndDevelopmentExpenses": 0, "generalAndAdministrativeExpenses": 0, "sellingAndMarketingExpenses": 0, "sellingGeneralAndAdministrativeExpenses": 164100000, "otherExpenses": 26400000, "operatingExpenses": 190500000, "costAndExpenses": 747600000, "interestIncome": 0, "interestExpense": 8800000, "depreciationAndAmortization": 26400000, "ebitda": 114800000, "ebitdaratio": 0.1368458696, "operatingIncome": 91300000, "operatingIncomeRatio": 0.1088329956, "totalOtherIncomeExpensesNet": 2900000, "incomeBeforeTax": 82500000, "incomeBeforeTaxRatio": 0.0983430683, "incomeTaxExpense": 33100000, "netIncome": 49400000, "netIncomeRatio": 0.0588866373, "eps": 0.98, "epsdiluted": 0.98, "weightedAverageShsOut": 50408163, "weightedAverageShsOutDil": 50408163, "link": null, "finalLink": null, "calculatedOtherExpenses": 26400000, "calculatedOperatingExpenses": 190500000, "calculatedNetInterest": -8800000, "calculatedOtherIncome": 0, "calculatedIncomeNonControlling": 0, "calculatedEbitda": 117700000}, {"date": "1989-09-30", "symbol": "SXT", "reportedCurrency": "USD", "cik": "0000310142", "fillingDate": "1989-09-30", "acceptedDate": "1989-09-30 00:00:00", "calendarYear": "1989", "period": "FY", "revenue": 837300000, "costOfRevenue": 585400000, "grossProfit": 251900000, "grossProfitRatio": 0.3008479637, "researchAndDevelopmentExpenses": 0, "generalAndAdministrativeExpenses": 0, "sellingAndMarketingExpenses": 0, "sellingGeneralAndAdministrativeExpenses": 154100000, "otherExpenses": 20600000, "operatingExpenses": 174700000, "costAndExpenses": 760100000, "interestIncome": 0, "interestExpense": 10600000, "depreciationAndAmortization": 20600000, "ebitda": 97800000, "ebitdaratio": 0.1168040129, "operatingIncome": 77200000, "operatingIncomeRatio": 0.0922011227, "totalOtherIncomeExpensesNet": -10600000, "incomeBeforeTax": 66600000, "incomeBeforeTaxRatio": 0.079541383, "incomeTaxExpense": 26600000, "netIncome": 40000000, "netIncomeRatio": 0.0477726024, "eps": 0.8, "epsdiluted": 0.8, "weightedAverageShsOut": 50000000, "weightedAverageShsOutDil": 50000000, "link": null, "finalLink": null, "calculatedOtherExpenses": 20600000, "calculatedOperatingExpenses": 174700000, "calculatedNetInterest": -10600000, "calculatedOtherIncome": 0, "calculatedIncomeNonControlling": 0, "calculatedEbitda": 97800000}, {"date": "1988-09-30", "symbol": "SXT", "reportedCurrency": "USD", "cik": "0000310142", "fillingDate": "1988-09-30", "acceptedDate": "1988-09-30 00:00:00", "calendarYear": "1988", "period": "FY", "revenue": 721300000, "costOfRevenue": 500700000, "grossProfit": 220600000, "grossProfitRatio": 0.3058366838, "researchAndDevelopmentExpenses": 0, "generalAndAdministrativeExpenses": 0, "sellingAndMarketingExpenses": 0, "sellingGeneralAndAdministrativeExpenses": 141700000, "otherExpenses": 16600000, "operatingExpenses": 158300000, "costAndExpenses": 659000000, "interestIncome": 0, "interestExpense": 15600000, "depreciationAndAmortization": 16600000, "ebitda": 81800000, "ebitdaratio": 0.1134063496, "operatingIncome": 62300000, "operatingIncomeRatio": 0.0863718286, "totalOtherIncomeExpensesNet": -2900000, "incomeBeforeTax": 49600000, "incomeBeforeTaxRatio": 0.0687647303, "incomeTaxExpense": 22000000, "netIncome": 27600000, "netIncomeRatio": 0.0382642451, "eps": 0.56, "epsdiluted": 0.56, "weightedAverageShsOut": 49285714, "weightedAverageShsOutDil": 49285714, "link": null, "finalLink": null, "calculatedOtherExpenses": 16600000, "calculatedOperatingExpenses": 158300000, "calculatedNetInterest": -15600000, "calculatedOtherIncome": 2900000, "calculatedIncomeNonControlling": 0, "calculatedEbitda": 78900000}, {"date": "1987-09-30", "symbol": "SXT", "reportedCurrency": "USD", "cik": "0000310142", "fillingDate": "1987-09-30", "acceptedDate": "1987-09-30 00:00:00", "calendarYear": "1987", "period": "FY", "revenue": 709900000, "costOfRevenue": 496900000, "grossProfit": 213000000, "grossProfitRatio": 0.3000422595, "researchAndDevelopmentExpenses": 0, "generalAndAdministrativeExpenses": 0, "sellingAndMarketingExpenses": 0, "sellingGeneralAndAdministrativeExpenses": 141800000, "otherExpenses": 15800000, "operatingExpenses": 157600000, "costAndExpenses": 654500000, "interestIncome": 0, "interestExpense": 9000000, "depreciationAndAmortization": 15800000, "ebitda": 69600000, "ebitdaratio": 0.0980419777, "operatingIncome": 55400000, "operatingIncomeRatio": 0.0780391604, "totalOtherIncomeExpensesNet": 1600000, "incomeBeforeTax": 46400000, "incomeBeforeTaxRatio": 0.0653613185, "incomeTaxExpense": 21600000, "netIncome": 24800000, "netIncomeRatio": 0.0349344978, "eps": 0.47, "epsdiluted": 0.47, "weightedAverageShsOut": 52765957, "weightedAverageShsOutDil": 52765957, "link": null, "finalLink": null, "calculatedOtherExpenses": 15800000, "calculatedOperatingExpenses": 157600000, "calculatedNetInterest": -9000000, "calculatedOtherIncome": 0, "calculatedIncomeNonControlling": 0, "calculatedEbitda": 71200000}, {"date": "1986-09-30", "symbol": "SXT", "reportedCurrency": "USD", "cik": "0000310142", "fillingDate": "1986-09-30", "acceptedDate": "1986-09-30 00:00:00", "calendarYear": "1986", "period": "FY", "revenue": 602700000, "costOfRevenue": 423700000, "grossProfit": 179000000, "grossProfitRatio": 0.2969968475, "researchAndDevelopmentExpenses": 0, "generalAndAdministrativeExpenses": 0, "sellingAndMarketingExpenses": 0, "sellingGeneralAndAdministrativeExpenses": 119100000, "otherExpenses": 14200000, "operatingExpenses": 133300000, "costAndExpenses": 557000000, "interestIncome": 0, "interestExpense": 16600000, "depreciationAndAmortization": 14200000, "ebitda": 67100000, "ebitdaratio": 0.1113323378, "operatingIncome": 45700000, "operatingIncomeRatio": 0.0758254521, "totalOtherIncomeExpensesNet": -7200000, "incomeBeforeTax": 29100000, "incomeBeforeTaxRatio": 0.0482827277, "incomeTaxExpense": 13700000, "netIncome": 15400000, "netIncomeRatio": 0.0255516841, "eps": 0.32, "epsdiluted": 0.32, "weightedAverageShsOut": 48125000, "weightedAverageShsOutDil": 48125000, "link": null, "finalLink": null, "calculatedOtherExpenses": 14200000, "calculatedOperatingExpenses": 133300000, "calculatedNetInterest": -16600000, "calculatedOtherIncome": 0, "calculatedIncomeNonControlling": 0, "calculatedEbitda": 59900000}, {"date": "1985-09-30", "symbol": "SXT", "reportedCurrency": "USD", "cik": "0000310142", "fillingDate": "1985-09-30", "acceptedDate": "1985-09-30 00:00:00", "calendarYear": "1985", "period": "FY", "revenue": 491500000, "costOfRevenue": 353100000, "grossProfit": 138400000, "grossProfitRatio": 0.2815869786, "researchAndDevelopmentExpenses": 0, "generalAndAdministrativeExpenses": 0, "sellingAndMarketingExpenses": 0, "sellingGeneralAndAdministrativeExpenses": 91100000, "otherExpenses": 12400000, "operatingExpenses": 103500000, "costAndExpenses": 456600000, "interestIncome": 0, "interestExpense": 3600000, "depreciationAndAmortization": 12400000, "ebitda": 45800000, "ebitdaratio": 0.0931841302, "operatingIncome": 34900000, "operatingIncomeRatio": 0.0710071211, "totalOtherIncomeExpensesNet": 1500000, "incomeBeforeTax": 31300000, "incomeBeforeTaxRatio": 0.0636826043, "incomeTaxExpense": 13900000, "netIncome": 17400000, "netIncomeRatio": 0.0354018311, "eps": 0.37, "epsdiluted": 0.37, "weightedAverageShsOut": 47027027, "weightedAverageShsOutDil": 47027027, "link": null, "finalLink": null, "calculatedOtherExpenses": 12400000, "calculatedOperatingExpenses": 103500000, "calculatedNetInterest": -3600000, "calculatedOtherIncome": 0, "calculatedIncomeNonControlling": 0, "calculatedEbitda": 47300000}]}