{"originalCurrency": "USD", "convertedCurrency": "USD", "report": [{"date": "2023-12-31", "symbol": "SYF", "reportedCurrency": "USD", "cik": "0001601712", "fillingDate": "2024-02-08", "acceptedDate": "2024-02-08 16:07:03", "calendarYear": "2023", "period": "FY", "revenue": 13627000000, "costOfRevenue": 3246000000, "grossProfit": 10381000000, "grossProfitRatio": 0.7617964336, "researchAndDevelopmentExpenses": 0, "generalAndAdministrativeExpenses": 1884000000, "sellingAndMarketingExpenses": 527000000, "sellingGeneralAndAdministrativeExpenses": 2411000000, "otherExpenses": -13134000000, "operatingExpenses": -10723000000, "costAndExpenses": -10723000000, "interestIncome": 20710000000, "interestExpense": 3711000000, "depreciationAndAmortization": 458000000, "ebitda": 3362000000, "ebitdaratio": 0.2467160784, "operatingIncome": 2904000000, "operatingIncomeRatio": 0.213106333, "totalOtherIncomeExpensesNet": -6724000000, "incomeBeforeTax": 2904000000, "incomeBeforeTaxRatio": 0.213106333, "incomeTaxExpense": 666000000, "netIncome": 2238000000, "netIncomeRatio": 0.1642327732, "eps": 5.21, "epsdiluted": 5.19, "weightedAverageShsOut": 421200000, "weightedAverageShsOutDil": 423500000, "link": "https://www.sec.gov/Archives/edgar/data/1601712/000160171224000047/0001601712-24-000047-index.htm", "finalLink": "https://www.sec.gov/Archives/edgar/data/1601712/000160171224000047/syf-20231231.htm", "calculatedOtherExpenses": 5066000000, "calculatedOperatingExpenses": 7477000000, "calculatedNetInterest": 16999000000, "calculatedOtherIncome": -16999000000, "calculatedIncomeNonControlling": 0, "calculatedEbitda": 3362000000}, {"date": "2022-12-31", "symbol": "SYF", "reportedCurrency": "USD", "cik": "0001601712", "fillingDate": "2023-02-09", "acceptedDate": "2023-02-09 16:55:13", "calendarYear": "2022", "period": "FY", "revenue": 16005000000, "costOfRevenue": 1370000000, "grossProfit": 14635000000, "grossProfitRatio": 0.9144017495, "researchAndDevelopmentExpenses": 0, "generalAndAdministrativeExpenses": 1681000000, "sellingAndMarketingExpenses": 487000000, "sellingGeneralAndAdministrativeExpenses": 2168000000, "otherExpenses": -3975000000, "operatingExpenses": 1319000000, "costAndExpenses": 1319000000, "interestIncome": 17146000000, "interestExpense": 1521000000, "depreciationAndAmortization": 419000000, "ebitda": 5860000000, "ebitdaratio": 0.3661355826, "operatingIncome": 5441000000, "operatingIncomeRatio": 0.3399562637, "totalOtherIncomeExpensesNet": -1479000000, "incomeBeforeTax": 3962000000, "incomeBeforeTaxRatio": 0.2475476414, "incomeTaxExpense": 946000000, "netIncome": 3016000000, "netIncomeRatio": 0.1884411122, "eps": 6.19, "epsdiluted": 6.15, "weightedAverageShsOut": 480400000, "weightedAverageShsOutDil": 483400000, "link": "https://www.sec.gov/Archives/edgar/data/1601712/000160171223000037/0001601712-23-000037-index.htm", "finalLink": "https://www.sec.gov/Archives/edgar/data/1601712/000160171223000037/syf-20221231.htm", "calculatedOtherExpenses": 7026000000, "calculatedOperatingExpenses": 9194000000, "calculatedNetInterest": 15625000000, "calculatedOtherIncome": -17104000000, "calculatedIncomeNonControlling": 0, "calculatedEbitda": 5860000000}, {"date": "2021-12-31", "symbol": "SYF", "reportedCurrency": "USD", "cik": "0001601712", "fillingDate": "2022-02-10", "acceptedDate": "2022-02-10 16:27:47", "calendarYear": "2021", "period": "FY", "revenue": 10192000000, "costOfRevenue": 905000000, "grossProfit": 9287000000, "grossProfitRatio": 0.9112048666, "researchAndDevelopmentExpenses": 0, "generalAndAdministrativeExpenses": 1501000000, "sellingAndMarketingExpenses": 486000000, "sellingGeneralAndAdministrativeExpenses": 1987000000, "otherExpenses": -6676000000, "operatingExpenses": -4689000000, "costAndExpenses": -4689000000, "interestIncome": 15271000000, "interestExpense": 1032000000, "depreciationAndAmortization": 390000000, "ebitda": 5893000000, "ebitdaratio": 0.5781985871, "operatingIncome": 5503000000, "operatingIncomeRatio": 0.539933281, "totalOtherIncomeExpensesNet": -1192000000, "incomeBeforeTax": 5503000000, "incomeBeforeTaxRatio": 0.539933281, "incomeTaxExpense": 1282000000, "netIncome": 4221000000, "netIncomeRatio": 0.4141483516, "eps": 7.4, "epsdiluted": 7.34, "weightedAverageShsOut": 564600000, "weightedAverageShsOutDil": 569300000, "link": "https://www.sec.gov/Archives/edgar/data/1601712/000160171222000053/0001601712-22-000053-index.htm", "finalLink": "https://www.sec.gov/Archives/edgar/data/1601712/000160171222000053/syf-20211231.htm", "calculatedOtherExpenses": 1797000000, "calculatedOperatingExpenses": 3784000000, "calculatedNetInterest": 14239000000, "calculatedOtherIncome": -14239000000, "calculatedIncomeNonControlling": 0, "calculatedEbitda": 5893000000}, {"date": "2020-12-31", "symbol": "SYF", "reportedCurrency": "USD", "cik": "0001601712", "fillingDate": "2021-02-11", "acceptedDate": "2021-02-11 16:51:56", "calendarYear": "2020", "period": "FY", "revenue": 11162000000, "costOfRevenue": 1421000000, "grossProfit": 9741000000, "grossProfitRatio": 0.8726930658, "researchAndDevelopmentExpenses": 0, "generalAndAdministrativeExpenses": 1380000000, "sellingAndMarketingExpenses": 448000000, "sellingGeneralAndAdministrativeExpenses": 1828000000, "otherExpenses": -3645000000, "operatingExpenses": -1817000000, "costAndExpenses": -1817000000, "interestIncome": 16067000000, "interestExpense": 1665000000, "depreciationAndAmortization": 383000000, "ebitda": 2180000000, "ebitdaratio": 0.1953055008, "operatingIncome": 1797000000, "operatingIncomeRatio": 0.1609926536, "totalOtherIncomeExpensesNet": -5968000000, "incomeBeforeTax": 1797000000, "incomeBeforeTaxRatio": 0.1609926536, "incomeTaxExpense": 412000000, "netIncome": 1385000000, "netIncomeRatio": 0.1240817058, "eps": 2.28, "epsdiluted": 2.27, "weightedAverageShsOut": 589000000, "weightedAverageShsOutDil": 590800000, "link": "https://www.sec.gov/Archives/edgar/data/1601712/000160171221000057/0001601712-21-000057-index.htm", "finalLink": "https://www.sec.gov/Archives/edgar/data/1601712/000160171221000057/syf-20201231.htm", "calculatedOtherExpenses": 6116000000, "calculatedOperatingExpenses": 7944000000, "calculatedNetInterest": 14402000000, "calculatedOtherIncome": -14402000000, "calculatedIncomeNonControlling": 0, "calculatedEbitda": 2180000000}, {"date": "2019-12-31", "symbol": "SYF", "reportedCurrency": "USD", "cik": "0001601712", "fillingDate": "2020-02-13", "acceptedDate": "2020-02-13 17:31:54", "calendarYear": "2019", "period": "FY", "revenue": 13312000000, "costOfRevenue": 1867000000, "grossProfit": 11445000000, "grossProfitRatio": 0.859750601, "researchAndDevelopmentExpenses": 0, "generalAndAdministrativeExpenses": 1455000000, "sellingAndMarketingExpenses": 549000000, "sellingGeneralAndAdministrativeExpenses": 2004000000, "otherExpenses": -3858000000, "operatingExpenses": -1854000000, "costAndExpenses": -1854000000, "interestIncome": 19090000000, "interestExpense": 2291000000, "depreciationAndAmortization": 367000000, "ebitda": 5254000000, "ebitdaratio": 0.3946814904, "operatingIncome": 4887000000, "operatingIncomeRatio": 0.3671123798, "totalOtherIncomeExpensesNet": -4905000000, "incomeBeforeTax": 4887000000, "incomeBeforeTaxRatio": 0.3671123798, "incomeTaxExpense": 1140000000, "netIncome": 3747000000, "netIncomeRatio": 0.2814753606, "eps": 5.59, "epsdiluted": 5.56, "weightedAverageShsOut": 670200000, "weightedAverageShsOutDil": 673500000, "link": "https://www.sec.gov/Archives/edgar/data/1601712/000160171220000038/0001601712-20-000038-index.htm", "finalLink": "https://www.sec.gov/Archives/edgar/data/1601712/000160171220000038/synchrony1231201910k.htm", "calculatedOtherExpenses": 4554000000, "calculatedOperatingExpenses": 6558000000, "calculatedNetInterest": 16799000000, "calculatedOtherIncome": -16799000000, "calculatedIncomeNonControlling": 0, "calculatedEbitda": 5254000000}, {"date": "2018-12-31", "symbol": "SYF", "reportedCurrency": "USD", "cik": "0001601712", "fillingDate": "2019-02-15", "acceptedDate": "2019-02-15 16:23:05", "calendarYear": "2018", "period": "FY", "revenue": 13284000000, "costOfRevenue": 0, "grossProfit": 13284000000, "grossProfitRatio": 1, "researchAndDevelopmentExpenses": 0, "generalAndAdministrativeExpenses": 1427000000, "sellingAndMarketingExpenses": 528000000, "sellingGeneralAndAdministrativeExpenses": 1955000000, "otherExpenses": -3099000000, "operatingExpenses": -1144000000, "costAndExpenses": -1144000000, "interestIncome": 17988000000, "interestExpense": 1870000000, "depreciationAndAmortization": 302000000, "ebitda": 5816000000, "ebitdaratio": 0.4378199338, "operatingIncome": 5514000000, "operatingIncomeRatio": 0.4150858175, "totalOtherIncomeExpensesNet": -1870000000, "incomeBeforeTax": 3644000000, "incomeBeforeTaxRatio": 0.2743149654, "incomeTaxExpense": 854000000, "netIncome": 2790000000, "netIncomeRatio": 0.2100271003, "eps": 3.76, "epsdiluted": 3.74, "weightedAverageShsOut": 742300000, "weightedAverageShsOutDil": 746900000, "link": "https://www.sec.gov/Archives/edgar/data/1601712/000160171219000053/0001601712-19-000053-index.htm", "finalLink": "https://www.sec.gov/Archives/edgar/data/1601712/000160171219000053/synchrony1231201810k.htm", "calculatedOtherExpenses": 5815000000, "calculatedOperatingExpenses": 7770000000, "calculatedNetInterest": 16118000000, "calculatedOtherIncome": -17988000000, "calculatedIncomeNonControlling": 0, "calculatedEbitda": 5816000000}, {"date": "2017-12-31", "symbol": "SYF", "reportedCurrency": "USD", "cik": "0001601712", "fillingDate": "2018-02-22", "acceptedDate": "2018-02-22 16:56:29", "calendarYear": "2017", "period": "FY", "revenue": 12367000000, "costOfRevenue": 0, "grossProfit": 12367000000, "grossProfitRatio": 1.2374868601924476, "researchAndDevelopmentExpenses": 0, "generalAndAdministrativeExpenses": 1314000000, "sellingAndMarketingExpenses": 498000000, "sellingGeneralAndAdministrativeExpenses": 1812000000, "otherExpenses": -2937000000, "operatingExpenses": -1125000000, "costAndExpenses": -4062000000, "interestIncome": 16407000000, "interestExpense": 1391000000, "depreciationAndAmortization": 254000000, "ebitda": 4969000000, "ebitdaratio": 0.4017950999, "operatingIncome": 4715000000, "operatingIncomeRatio": 0.3812565699, "totalOtherIncomeExpensesNet": -1391000000, "incomeBeforeTax": 3324000000, "incomeBeforeTaxRatio": 0.2687798173, "incomeTaxExpense": 1389000000, "netIncome": 1935000000, "netIncomeRatio": 0.1564647853, "eps": 2.43, "epsdiluted": 2.42, "weightedAverageShsOut": 795600000, "weightedAverageShsOutDil": 799700000, "link": "https://www.sec.gov/Archives/edgar/data/1601712/000160171218000107/0001601712-18-000107-index.htm", "finalLink": "https://www.sec.gov/Archives/edgar/data/1601712/000160171218000107/synchrony1231201710k.htm", "calculatedOtherExpenses": 5840000000, "calculatedOperatingExpenses": 7652000000, "calculatedNetInterest": 15016000000, "calculatedOtherIncome": -16407000000, "calculatedIncomeNonControlling": 0, "calculatedEbitda": 4969000000}, {"date": "2016-12-31", "symbol": "SYF", "reportedCurrency": "USD", "cik": "0001601712", "fillingDate": "2017-02-23", "acceptedDate": "2017-02-23 16:54:20", "calendarYear": "2016", "period": "FY", "revenue": 10972000000, "costOfRevenue": 0, "grossProfit": 10972000000, "grossProfitRatio": 1.2644914327378782, "researchAndDevelopmentExpenses": 0, "generalAndAdministrativeExpenses": 1207000000, "sellingAndMarketingExpenses": 423000000, "sellingGeneralAndAdministrativeExpenses": 1630000000, "otherExpenses": -2902000000, "operatingExpenses": -1272000000, "costAndExpenses": -4174000000, "interestIncome": 14778000000, "interestExpense": 1248000000, "depreciationAndAmortization": 219000000, "ebitda": 5037000000, "ebitdaratio": 0.4590776522, "operatingIncome": 4818000000, "operatingIncomeRatio": 0.4391177543, "totalOtherIncomeExpensesNet": -1248000000, "incomeBeforeTax": 3570000000, "incomeBeforeTaxRatio": 0.3253736785, "incomeTaxExpense": 1319000000, "netIncome": 2251000000, "netIncomeRatio": 0.2051585855, "eps": 2.71, "epsdiluted": 2.71, "weightedAverageShsOut": 829200000, "weightedAverageShsOutDil": 831500000, "link": "https://www.sec.gov/Archives/edgar/data/1601712/000160171217000031/0001601712-17-000031-index.htm", "finalLink": "https://www.sec.gov/Archives/edgar/data/1601712/000160171217000031/synchrony1231201610k.htm", "calculatedOtherExpenses": 4524000000, "calculatedOperatingExpenses": 6154000000, "calculatedNetInterest": 13530000000, "calculatedOtherIncome": -14778000000, "calculatedIncomeNonControlling": 0, "calculatedEbitda": 5037000000}, {"date": "2015-12-31", "symbol": "SYF", "reportedCurrency": "USD", "cik": "0001601712", "fillingDate": "2016-02-25", "acceptedDate": "2016-02-25 17:26:46", "calendarYear": "2015", "period": "FY", "revenue": 9747000000, "costOfRevenue": 0, "grossProfit": 9747000000, "grossProfitRatio": 1.2809069457268902, "researchAndDevelopmentExpenses": 0, "generalAndAdministrativeExpenses": 1042000000, "sellingAndMarketingExpenses": 433000000, "sellingGeneralAndAdministrativeExpenses": 1475000000, "otherExpenses": -2738000000, "operatingExpenses": -1263000000, "costAndExpenses": -4001000000, "interestIncome": 13228000000, "interestExpense": 1135000000, "depreciationAndAmortization": 174000000, "ebitda": 4840000000, "ebitdaratio": 0.496563045, "operatingIncome": 4666000000, "operatingIncomeRatio": 0.4787113984, "totalOtherIncomeExpensesNet": -1135000000, "incomeBeforeTax": 3531000000, "incomeBeforeTaxRatio": 0.3622653124, "incomeTaxExpense": 1317000000, "netIncome": 2214000000, "netIncomeRatio": 0.2271468144, "eps": 2.66, "epsdiluted": 2.65, "weightedAverageShsOut": 833800000, "weightedAverageShsOutDil": 835500000, "link": "https://www.sec.gov/Archives/edgar/data/1601712/000160171216000069/0001601712-16-000069-index.htm", "finalLink": "https://www.sec.gov/Archives/edgar/data/1601712/000160171216000069/synchrony1231201510k.htm", "calculatedOtherExpenses": 3606000000, "calculatedOperatingExpenses": 5081000000, "calculatedNetInterest": 12093000000, "calculatedOtherIncome": -13228000000, "calculatedIncomeNonControlling": 0, "calculatedEbitda": 4840000000}, {"date": "2014-12-31", "symbol": "SYF", "reportedCurrency": "USD", "cik": "0001601712", "fillingDate": "2015-02-23", "acceptedDate": "2015-02-23 17:02:50", "calendarYear": "2014", "period": "FY", "revenue": 9230000000, "costOfRevenue": 0, "grossProfit": 9230000000, "grossProfitRatio": 1.278981581798483, "researchAndDevelopmentExpenses": 0, "generalAndAdministrativeExpenses": 866000000, "sellingAndMarketingExpenses": 460000000, "sellingGeneralAndAdministrativeExpenses": 1326000000, "otherExpenses": -2575000000, "operatingExpenses": -1249000000, "costAndExpenses": -3824000000, "interestIncome": 12242000000, "interestExpense": 922000000, "depreciationAndAmortization": 131000000, "ebitda": 4439000000, "ebitdaratio": 0.4809317443, "operatingIncome": 4308000000, "operatingIncomeRatio": 0.4667388949, "totalOtherIncomeExpensesNet": -922000000, "incomeBeforeTax": 3386000000, "incomeBeforeTaxRatio": 0.3668472373, "incomeTaxExpense": 1277000000, "netIncome": 2109000000, "netIncomeRatio": 0.2284940412, "eps": 2.78, "epsdiluted": 2.78, "weightedAverageShsOut": 757400000, "weightedAverageShsOutDil": 757600000, "link": "https://www.sec.gov/Archives/edgar/data/1601712/000160171215000007/0001601712-15-000007-index.htm", "finalLink": "https://www.sec.gov/Archives/edgar/data/1601712/000160171215000007/synchrony1231201410k.htm", "calculatedOtherExpenses": 3596000000, "calculatedOperatingExpenses": 4922000000, "calculatedNetInterest": 11320000000, "calculatedOtherIncome": -12242000000, "calculatedIncomeNonControlling": 0, "calculatedEbitda": 4439000000}, {"date": "2013-12-31", "symbol": "SYF", "reportedCurrency": "USD", "cik": "0001601712", "fillingDate": "2013-12-31", "acceptedDate": "2013-12-30 19:00:00", "calendarYear": "2013", "period": "FY", "revenue": 11071000000, "costOfRevenue": 0, "grossProfit": 11071000000, "grossProfitRatio": 1, "researchAndDevelopmentExpenses": 0, "generalAndAdministrativeExpenses": 698000000, "sellingAndMarketingExpenses": 269000000, "sellingGeneralAndAdministrativeExpenses": 967000000, "otherExpenses": -2373000000, "operatingExpenses": -1406000000, "costAndExpenses": -1406000000, "interestIncome": 11313000000, "interestExpense": 742000000, "depreciationAndAmortization": 104000000, "ebitda": 3988000000, "ebitdaratio": 0.3602203956, "operatingIncome": 3884000000, "operatingIncomeRatio": 0.3508264836, "totalOtherIncomeExpensesNet": -742000000, "incomeBeforeTax": 3142000000, "incomeBeforeTaxRatio": 0.2838045344, "incomeTaxExpense": 1163000000, "netIncome": 1979000000, "netIncomeRatio": 0.1787553067, "eps": 2.38, "epsdiluted": 2.38, "weightedAverageShsOut": 830271000, "weightedAverageShsOutDil": 831170000, "link": "", "finalLink": "", "calculatedOtherExpenses": 6220000000, "calculatedOperatingExpenses": 7187000000, "calculatedNetInterest": 10571000000, "calculatedOtherIncome": -11313000000, "calculatedIncomeNonControlling": 0, "calculatedEbitda": 3988000000}, {"date": "2012-12-31", "symbol": "SYF", "reportedCurrency": "USD", "cik": "0001601712", "fillingDate": "2012-12-31", "acceptedDate": "2012-12-30 19:00:00", "calendarYear": "2012", "period": "FY", "revenue": 10048000000, "costOfRevenue": 0, "grossProfit": 10048000000, "grossProfitRatio": 1, "researchAndDevelopmentExpenses": 0, "generalAndAdministrativeExpenses": 620000000, "sellingAndMarketingExpenses": 208000000, "sellingGeneralAndAdministrativeExpenses": 828000000, "otherExpenses": -1984000000, "operatingExpenses": -1156000000, "costAndExpenses": -1156000000, "interestIncome": 10309000000, "interestExpense": 745000000, "depreciationAndAmortization": 83000000, "ebitda": 4204000000, "ebitdaratio": 0.4183917197, "operatingIncome": 4121000000, "operatingIncomeRatio": 0.4101313694, "totalOtherIncomeExpensesNet": -745000000, "incomeBeforeTax": 3376000000, "incomeBeforeTaxRatio": 0.3359872611, "incomeTaxExpense": 1257000000, "netIncome": 2119000000, "netIncomeRatio": 0.2108877389, "eps": 2.55, "epsdiluted": 2.55, "weightedAverageShsOut": 830271000, "weightedAverageShsOutDil": 831170000, "link": "", "finalLink": "", "calculatedOtherExpenses": 5099000000, "calculatedOperatingExpenses": 5927000000, "calculatedNetInterest": 9564000000, "calculatedOtherIncome": -10309000000, "calculatedIncomeNonControlling": 0, "calculatedEbitda": 4204000000}, {"date": "2011-12-31", "symbol": "SYF", "reportedCurrency": "USD", "cik": "0001601712", "fillingDate": "2011-12-31", "acceptedDate": "2011-12-30 19:00:00", "calendarYear": "2011", "period": "FY", "revenue": 8706000000, "costOfRevenue": 0, "grossProfit": 8706000000, "grossProfitRatio": 1, "researchAndDevelopmentExpenses": 0, "generalAndAdministrativeExpenses": 596000000, "sellingAndMarketingExpenses": 221000000, "sellingGeneralAndAdministrativeExpenses": 817000000, "otherExpenses": -1428000000, "operatingExpenses": -611000000, "costAndExpenses": -611000000, "interestIncome": 9141000000, "interestExpense": 932000000, "depreciationAndAmortization": 96000000, "ebitda": 4038000000, "ebitdaratio": 0.4638180565, "operatingIncome": 3942000000, "operatingIncomeRatio": 0.4527911785, "totalOtherIncomeExpensesNet": -932000000, "incomeBeforeTax": 3010000000, "incomeBeforeTaxRatio": 0.3457385711, "incomeTaxExpense": 1120000000, "netIncome": 1890000000, "netIncomeRatio": 0.2170916609, "eps": 2.28, "epsdiluted": 2.28, "weightedAverageShsOut": 830271000, "weightedAverageShsOutDil": 830670000, "link": "", "finalLink": "", "calculatedOtherExpenses": 3947000000, "calculatedOperatingExpenses": 4764000000, "calculatedNetInterest": 8209000000, "calculatedOtherIncome": -9141000000, "calculatedIncomeNonControlling": 0, "calculatedEbitda": 4038000000}]}