{"originalCurrency": "USD", "convertedCurrency": "USD", "report": [{"date": "2023-12-31", "symbol": "SYK", "reportedCurrency": "USD", "cik": "0000310764", "fillingDate": "2024-02-14", "acceptedDate": "2024-02-14 10:55:50", "calendarYear": "2023", "period": "FY", "revenue": 20498000000, "costOfRevenue": 7440000000, "grossProfit": 13058000000, "grossProfitRatio": 0.6370377598, "researchAndDevelopmentExpenses": 1388000000, "generalAndAdministrativeExpenses": 0, "sellingAndMarketingExpenses": 0, "sellingGeneralAndAdministrativeExpenses": 7129000000, "otherExpenses": -215000000, "operatingExpenses": 9152000000, "costAndExpenses": 16592000000, "interestIncome": 75000000, "interestExpense": 356000000, "depreciationAndAmortization": 1028000000, "ebitda": 4952000000, "ebitdaratio": 0.2415845448, "operatingIncome": 3888000000, "operatingIncomeRatio": 0.1896770417, "totalOtherIncomeExpensesNet": -233000000, "incomeBeforeTax": 3673000000, "incomeBeforeTaxRatio": 0.1791882135, "incomeTaxExpense": 508000000, "netIncome": 3165000000, "netIncomeRatio": 0.1544053078, "eps": 8.34, "epsdiluted": 8.25, "weightedAverageShsOut": 379600000, "weightedAverageShsOutDil": 383700000, "link": "https://www.sec.gov/Archives/edgar/data/310764/000031076424000024/0000310764-24-000024-index.htm", "finalLink": "https://www.sec.gov/Archives/edgar/data/310764/000031076424000024/syk-20231231.htm", "calculatedOtherExpenses": 653000000, "calculatedOperatingExpenses": 9170000000, "calculatedNetInterest": -281000000, "calculatedOtherIncome": 66000000, "calculatedIncomeNonControlling": 0, "calculatedEbitda": 4916000000}, {"date": "2022-12-31", "symbol": "SYK", "reportedCurrency": "USD", "cik": "0000310764", "fillingDate": "2023-02-10", "acceptedDate": "2023-02-10 16:18:01", "calendarYear": "2022", "period": "FY", "revenue": 18449000000, "costOfRevenue": 6871000000, "grossProfit": 11578000000, "grossProfitRatio": 0.6275678899, "researchAndDevelopmentExpenses": 1454000000, "generalAndAdministrativeExpenses": 0, "sellingAndMarketingExpenses": 0, "sellingGeneralAndAdministrativeExpenses": 6455000000, "otherExpenses": 627000000, "operatingExpenses": 8536000000, "costAndExpenses": 15407000000, "interestIncome": 94000000, "interestExpense": 158000000, "depreciationAndAmortization": 1400000000, "ebitda": 4241000000, "ebitdaratio": 0.2298769581, "operatingIncome": 2841000000, "operatingIncomeRatio": 0.1539920863, "totalOtherIncomeExpensesNet": -158000000, "incomeBeforeTax": 2683000000, "incomeBeforeTaxRatio": 0.1454279365, "incomeTaxExpense": 325000000, "netIncome": 2358000000, "netIncomeRatio": 0.1278118055, "eps": 6.23, "epsdiluted": 6.17, "weightedAverageShsOut": 378200000, "weightedAverageShsOutDil": 382200000, "link": "https://www.sec.gov/Archives/edgar/data/310764/000031076423000017/0000310764-23-000017-index.htm", "finalLink": "https://www.sec.gov/Archives/edgar/data/310764/000031076423000017/syk-20221231.htm", "calculatedOtherExpenses": 828000000, "calculatedOperatingExpenses": 8737000000, "calculatedNetInterest": -64000000, "calculatedOtherIncome": -94000000, "calculatedIncomeNonControlling": 0, "calculatedEbitda": 4241000000}, {"date": "2021-12-31", "symbol": "SYK", "reportedCurrency": "USD", "cik": "0000310764", "fillingDate": "2022-02-11", "acceptedDate": "2022-02-11 13:02:17", "calendarYear": "2021", "period": "FY", "revenue": 17108000000, "costOfRevenue": 6140000000, "grossProfit": 10968000000, "grossProfitRatio": 0.6411035773, "researchAndDevelopmentExpenses": 1235000000, "generalAndAdministrativeExpenses": 0, "sellingAndMarketingExpenses": 0, "sellingGeneralAndAdministrativeExpenses": 6427000000, "otherExpenses": 619000000, "operatingExpenses": 8281000000, "costAndExpenses": 14421000000, "interestIncome": 68000000, "interestExpense": 337000000, "depreciationAndAmortization": 1196000000, "ebitda": 3780000000, "ebitdaratio": 0.2209492635, "operatingIncome": 2584000000, "operatingIncomeRatio": 0.1510404489, "totalOtherIncomeExpensesNet": -303000000, "incomeBeforeTax": 2281000000, "incomeBeforeTaxRatio": 0.1333294365, "incomeTaxExpense": 287000000, "netIncome": 1994000000, "netIncomeRatio": 0.1165536591, "eps": 5.29, "epsdiluted": 5.22, "weightedAverageShsOut": 377000000, "weightedAverageShsOutDil": 382300000, "link": "https://www.sec.gov/Archives/edgar/data/310764/000031076422000028/0000310764-22-000028-index.htm", "finalLink": "https://www.sec.gov/Archives/edgar/data/310764/000031076422000028/syk-20211231.htm", "calculatedOtherExpenses": 722000000, "calculatedOperatingExpenses": 8384000000, "calculatedNetInterest": -269000000, "calculatedOtherIncome": -34000000, "calculatedIncomeNonControlling": 0, "calculatedEbitda": 3780000000}, {"date": "2020-12-31", "symbol": "SYK", "reportedCurrency": "USD", "cik": "0000310764", "fillingDate": "2021-02-11", "acceptedDate": "2021-02-11 11:17:32", "calendarYear": "2020", "period": "FY", "revenue": 14351000000, "costOfRevenue": 5294000000, "grossProfit": 9057000000, "grossProfitRatio": 0.6311058463, "researchAndDevelopmentExpenses": 984000000, "generalAndAdministrativeExpenses": 0, "sellingAndMarketingExpenses": 0, "sellingGeneralAndAdministrativeExpenses": 5361000000, "otherExpenses": 472000000, "operatingExpenses": 6817000000, "costAndExpenses": 12111000000, "interestIncome": 102000000, "interestExpense": 315000000, "depreciationAndAmortization": 846000000, "ebitda": 3069000000, "ebitdaratio": 0.2138526932, "operatingIncome": 2223000000, "operatingIncomeRatio": 0.1549020974, "totalOtherIncomeExpensesNet": -269000000, "incomeBeforeTax": 1954000000, "incomeBeforeTaxRatio": 0.136157759, "incomeTaxExpense": 355000000, "netIncome": 1599000000, "netIncomeRatio": 0.1114208069, "eps": 4.26, "epsdiluted": 4.2, "weightedAverageShsOut": 375500000, "weightedAverageShsOutDil": 380300000, "link": "https://www.sec.gov/Archives/edgar/data/310764/000031076421000027/0000310764-21-000027-index.htm", "finalLink": "https://www.sec.gov/Archives/edgar/data/310764/000031076421000027/syk-20201231.htm", "calculatedOtherExpenses": 489000000, "calculatedOperatingExpenses": 6834000000, "calculatedNetInterest": -213000000, "calculatedOtherIncome": -56000000, "calculatedIncomeNonControlling": 0, "calculatedEbitda": 3069000000}, {"date": "2019-12-31", "symbol": "SYK", "reportedCurrency": "USD", "cik": "0000310764", "fillingDate": "2020-02-06", "acceptedDate": "2020-02-06 10:12:26", "calendarYear": "2019", "period": "FY", "revenue": 14884000000, "costOfRevenue": 5188000000, "grossProfit": 9696000000, "grossProfitRatio": 0.6514377855, "researchAndDevelopmentExpenses": 971000000, "generalAndAdministrativeExpenses": 0, "sellingAndMarketingExpenses": 0, "sellingGeneralAndAdministrativeExpenses": 5356000000, "otherExpenses": 464000000, "operatingExpenses": 6791000000, "costAndExpenses": 11979000000, "interestIncome": 155000000, "interestExpense": 287000000, "depreciationAndAmortization": 1162000000, "ebitda": 3875000000, "ebitdaratio": 0.260346681, "operatingIncome": 2713000000, "operatingIncomeRatio": 0.1822762698, "totalOtherIncomeExpensesNet": -151000000, "incomeBeforeTax": 2562000000, "incomeBeforeTaxRatio": 0.1721311475, "incomeTaxExpense": 479000000, "netIncome": 2083000000, "netIncomeRatio": 0.1399489385, "eps": 5.57, "epsdiluted": 5.48, "weightedAverageShsOut": 374000000, "weightedAverageShsOutDil": 379900000, "link": "https://www.sec.gov/Archives/edgar/data/310764/000031076420000014/0000310764-20-000014-index.htm", "finalLink": "https://www.sec.gov/Archives/edgar/data/310764/000031076420000014/syk10k12312019.htm", "calculatedOtherExpenses": 656000000, "calculatedOperatingExpenses": 6983000000, "calculatedNetInterest": -132000000, "calculatedOtherIncome": -19000000, "calculatedIncomeNonControlling": 0, "calculatedEbitda": 3875000000}, {"date": "2018-12-31", "symbol": "SYK", "reportedCurrency": "USD", "cik": "0000310764", "fillingDate": "2019-02-07", "acceptedDate": "2019-02-07 09:31:07", "calendarYear": "2018", "period": "FY", "revenue": 13601000000, "costOfRevenue": 4663000000, "grossProfit": 8938000000, "grossProfitRatio": 0.6571575619, "researchAndDevelopmentExpenses": 862000000, "generalAndAdministrativeExpenses": 5099000000, "sellingAndMarketingExpenses": 0, "sellingGeneralAndAdministrativeExpenses": 5099000000, "otherExpenses": -181000000, "operatingExpenses": 6378000000, "costAndExpenses": 11041000000, "interestIncome": 0, "interestExpense": 0, "depreciationAndAmortization": 723000000, "ebitda": 3306000000, "ebitdaratio": 0.2430703625, "operatingIncome": 2537000000, "operatingIncomeRatio": 0.1865304022, "totalOtherIncomeExpensesNet": -204000000, "incomeBeforeTax": 2356000000, "incomeBeforeTaxRatio": 0.1732225572, "incomeTaxExpense": -1197000000, "netIncome": 3553000000, "netIncomeRatio": 0.2612307919, "eps": 9.5, "epsdiluted": 9.34, "weightedAverageShsOut": 374100000, "weightedAverageShsOutDil": 380300000, "link": "https://www.sec.gov/Archives/edgar/data/310764/000031076419000014/0000310764-19-000014-index.htm", "finalLink": "https://www.sec.gov/Archives/edgar/data/310764/000031076419000014/syk10k123118.htm", "calculatedOtherExpenses": 440000000, "calculatedOperatingExpenses": 6401000000, "calculatedNetInterest": 0, "calculatedOtherIncome": -181000000, "calculatedIncomeNonControlling": 0, "calculatedEbitda": 3260000000}, {"date": "2017-12-31", "symbol": "SYK", "reportedCurrency": "USD", "cik": "0000310764", "fillingDate": "2018-02-08", "acceptedDate": "2018-02-08 16:54:05", "calendarYear": "2017", "period": "FY", "revenue": 12444000000, "costOfRevenue": 4271000000, "grossProfit": 8173000000, "grossProfitRatio": 0.6567823851, "researchAndDevelopmentExpenses": 787000000, "generalAndAdministrativeExpenses": 4552000000, "sellingAndMarketingExpenses": 0, "sellingGeneralAndAdministrativeExpenses": 4552000000, "otherExpenses": -227000000, "operatingExpenses": 5710000000, "costAndExpenses": 9981000000, "interestIncome": 0, "interestExpense": 0, "depreciationAndAmortization": 642000000, "ebitda": 3278000000, "ebitdaratio": 0.2634201221, "operatingIncome": 2290000000, "operatingIncomeRatio": 0.1840244294, "totalOtherIncomeExpensesNet": -400000000, "incomeBeforeTax": 2063000000, "incomeBeforeTaxRatio": 0.1657827065, "incomeTaxExpense": 1043000000, "netIncome": 1020000000, "netIncomeRatio": 0.0819672131, "eps": 2.73, "epsdiluted": 2.68, "weightedAverageShsOut": 374000000, "weightedAverageShsOutDil": 380100000, "link": "https://www.sec.gov/Archives/edgar/data/310764/000031076418000031/0000310764-18-000031-index.htm", "finalLink": "https://www.sec.gov/Archives/edgar/data/310764/000031076418000031/syk10k123117.htm", "calculatedOtherExpenses": 544000000, "calculatedOperatingExpenses": 5883000000, "calculatedNetInterest": 0, "calculatedOtherIncome": -227000000, "calculatedIncomeNonControlling": 0, "calculatedEbitda": 2932000000}, {"date": "2016-12-31", "symbol": "SYK", "reportedCurrency": "USD", "cik": "0000310764", "fillingDate": "2017-02-09", "acceptedDate": "2017-02-09 16:56:14", "calendarYear": "2016", "period": "FY", "revenue": 11325000000, "costOfRevenue": 3830000000, "grossProfit": 7495000000, "grossProfitRatio": 0.6618101545, "researchAndDevelopmentExpenses": 715000000, "generalAndAdministrativeExpenses": 4137000000, "sellingAndMarketingExpenses": 0, "sellingGeneralAndAdministrativeExpenses": 4137000000, "otherExpenses": -245000000, "operatingExpenses": 5171000000, "costAndExpenses": 9001000000, "interestIncome": 0, "interestExpense": 0, "depreciationAndAmortization": 546000000, "ebitda": 3028000000, "ebitdaratio": 0.2673730684, "operatingIncome": 2166000000, "operatingIncomeRatio": 0.1912582781, "totalOtherIncomeExpensesNet": -403000000, "incomeBeforeTax": 1921000000, "incomeBeforeTaxRatio": 0.1696247241, "incomeTaxExpense": 274000000, "netIncome": 1647000000, "netIncomeRatio": 0.1454304636, "eps": 4.4, "epsdiluted": 4.35, "weightedAverageShsOut": 374100000, "weightedAverageShsOutDil": 378500000, "link": "https://www.sec.gov/Archives/edgar/data/310764/000031076417000034/0000310764-17-000034-index.htm", "finalLink": "https://www.sec.gov/Archives/edgar/data/310764/000031076417000034/syk10k123116.htm", "calculatedOtherExpenses": 477000000, "calculatedOperatingExpenses": 5329000000, "calculatedNetInterest": 0, "calculatedOtherIncome": -245000000, "calculatedIncomeNonControlling": 0, "calculatedEbitda": 2712000000}, {"date": "2015-12-31", "symbol": "SYK", "reportedCurrency": "USD", "cik": "0000310764", "fillingDate": "2016-02-11", "acceptedDate": "2016-02-11 17:00:24", "calendarYear": "2015", "period": "FY", "revenue": 9946000000, "costOfRevenue": 3344000000, "grossProfit": 6602000000, "grossProfitRatio": 0.663784436, "researchAndDevelopmentExpenses": 625000000, "generalAndAdministrativeExpenses": 3610000000, "sellingAndMarketingExpenses": 0, "sellingGeneralAndAdministrativeExpenses": 3610000000, "otherExpenses": -126000000, "operatingExpenses": 4445000000, "costAndExpenses": 7789000000, "interestIncome": 0, "interestExpense": 0, "depreciationAndAmortization": 397000000, "ebitda": 2850000000, "ebitdaratio": 0.2865473557, "operatingIncome": 1861000000, "operatingIncomeRatio": 0.1871103961, "totalOtherIncomeExpensesNet": -422000000, "incomeBeforeTax": 1735000000, "incomeBeforeTaxRatio": 0.1744419867, "incomeTaxExpense": 296000000, "netIncome": 1439000000, "netIncomeRatio": 0.1446812789, "eps": 3.82, "epsdiluted": 3.78, "weightedAverageShsOut": 376600000, "weightedAverageShsOutDil": 380900000, "link": "https://www.sec.gov/Archives/edgar/data/310764/000031076416000226/0000310764-16-000226-index.htm", "finalLink": "https://www.sec.gov/Archives/edgar/data/310764/000031076416000226/syk10k12312015.htm", "calculatedOtherExpenses": 506000000, "calculatedOperatingExpenses": 4741000000, "calculatedNetInterest": 0, "calculatedOtherIncome": -126000000, "calculatedIncomeNonControlling": 0, "calculatedEbitda": 2258000000}, {"date": "2014-12-31", "symbol": "SYK", "reportedCurrency": "USD", "cik": "0000310764", "fillingDate": "2015-02-12", "acceptedDate": "2015-02-12 17:11:41", "calendarYear": "2014", "period": "FY", "revenue": 9675000000, "costOfRevenue": 3291000000, "grossProfit": 6384000000, "grossProfitRatio": 0.6598449612, "researchAndDevelopmentExpenses": 614000000, "generalAndAdministrativeExpenses": 3575000000, "sellingAndMarketingExpenses": 761000000, "sellingGeneralAndAdministrativeExpenses": 4336000000, "otherExpenses": -86000000, "operatingExpenses": 5138000000, "costAndExpenses": 8429000000, "interestIncome": 0, "interestExpense": 0, "depreciationAndAmortization": 378000000, "ebitda": 1624000000, "ebitdaratio": 0.1678552972, "operatingIncome": 1246000000, "operatingIncomeRatio": 0.1287855297, "totalOtherIncomeExpensesNet": -86000000, "incomeBeforeTax": 1160000000, "incomeBeforeTaxRatio": 0.1198966408, "incomeTaxExpense": 645000000, "netIncome": 515000000, "netIncomeRatio": 0.0532299742, "eps": 1.36, "epsdiluted": 1.34, "weightedAverageShsOut": 378500000, "weightedAverageShsOutDil": 382800000, "link": "https://www.sec.gov/Archives/edgar/data/310764/000031076415000022/0000310764-15-000022-index.htm", "finalLink": "https://www.sec.gov/Archives/edgar/data/310764/000031076415000022/syk10k12312014.htm", "calculatedOtherExpenses": 188000000, "calculatedOperatingExpenses": 5138000000, "calculatedNetInterest": 0, "calculatedOtherIncome": -86000000, "calculatedIncomeNonControlling": 0, "calculatedEbitda": 1624000000}, {"date": "2013-12-31", "symbol": "SYK", "reportedCurrency": "USD", "cik": "0000310764", "fillingDate": "2014-02-13", "acceptedDate": "2014-02-13 16:58:56", "calendarYear": "2013", "period": "FY", "revenue": 9021000000, "costOfRevenue": 2977000000, "grossProfit": 6044000000, "grossProfitRatio": 0.6699922403, "researchAndDevelopmentExpenses": 536000000, "generalAndAdministrativeExpenses": 4066000000, "sellingAndMarketingExpenses": 0, "sellingGeneralAndAdministrativeExpenses": 4066000000, "otherExpenses": -44000000, "operatingExpenses": 4740000000, "costAndExpenses": 7717000000, "interestIncome": 0, "interestExpense": 0, "depreciationAndAmortization": 307000000, "ebitda": 1659000000, "ebitdaratio": 0.1839042235, "operatingIncome": 1256000000, "operatingIncomeRatio": 0.139230684, "totalOtherIncomeExpensesNet": -92000000, "incomeBeforeTax": 1212000000, "incomeBeforeTaxRatio": 0.1343531759, "incomeTaxExpense": 206000000, "netIncome": 1006000000, "netIncomeRatio": 0.1115175701, "eps": 2.66, "epsdiluted": 2.63, "weightedAverageShsOut": 378600000, "weightedAverageShsOutDil": 382100000, "link": "https://www.sec.gov/Archives/edgar/data/310764/000031076414000021/0000310764-14-000021-index.htm", "finalLink": "https://www.sec.gov/Archives/edgar/data/310764/000031076414000021/syk10k12312013.htm", "calculatedOtherExpenses": 186000000, "calculatedOperatingExpenses": 4788000000, "calculatedNetInterest": 0, "calculatedOtherIncome": -44000000, "calculatedIncomeNonControlling": 0, "calculatedEbitda": 1563000000}, {"date": "2012-12-31", "symbol": "SYK", "reportedCurrency": "USD", "cik": "0000310764", "fillingDate": "2013-02-27", "acceptedDate": "2013-02-27 17:24:58", "calendarYear": "2012", "period": "FY", "revenue": 8657000000, "costOfRevenue": 2781000000, "grossProfit": 5876000000, "grossProfitRatio": 0.6787570752, "researchAndDevelopmentExpenses": 471000000, "generalAndAdministrativeExpenses": 3466000000, "sellingAndMarketingExpenses": 0, "sellingGeneralAndAdministrativeExpenses": 3466000000, "otherExpenses": -36000000, "operatingExpenses": 4060000000, "costAndExpenses": 6841000000, "interestIncome": 0, "interestExpense": 0, "depreciationAndAmortization": 486000000, "ebitda": 2377000000, "ebitdaratio": 0.274575488, "operatingIncome": 1741000000, "operatingIncomeRatio": 0.2011089292, "totalOtherIncomeExpensesNet": -111000000, "incomeBeforeTax": 1705000000, "incomeBeforeTaxRatio": 0.1969504447, "incomeTaxExpense": 407000000, "netIncome": 1298000000, "netIncomeRatio": 0.1499364676, "eps": 3.41, "epsdiluted": 3.39, "weightedAverageShsOut": 380600000, "weightedAverageShsOutDil": 383000000, "link": "https://www.sec.gov/Archives/edgar/data/310764/000031076413000054/0000310764-13-000054-index.htm", "finalLink": "https://www.sec.gov/Archives/edgar/data/310764/000031076413000054/syk10k12312012.htm", "calculatedOtherExpenses": 198000000, "calculatedOperatingExpenses": 4135000000, "calculatedNetInterest": 0, "calculatedOtherIncome": -36000000, "calculatedIncomeNonControlling": 0, "calculatedEbitda": 2227000000}, {"date": "2011-12-31", "symbol": "SYK", "reportedCurrency": "USD", "cik": "0000310764", "fillingDate": "2012-02-13", "acceptedDate": "2012-02-13 16:25:27", "calendarYear": "2011", "period": "FY", "revenue": 8307000000, "costOfRevenue": 2811000000, "grossProfit": 5496000000, "grossProfitRatio": 0.6616106898, "researchAndDevelopmentExpenses": 462000000, "generalAndAdministrativeExpenses": 3150000000, "sellingAndMarketingExpenses": 0, "sellingGeneralAndAdministrativeExpenses": 3150000000, "otherExpenses": 122000000, "operatingExpenses": 3734000000, "costAndExpenses": 6545000000, "interestIncome": 34000000, "interestExpense": 34000000, "depreciationAndAmortization": 481000000, "ebitda": 2319000000, "ebitdaratio": 0.2791621524, "operatingIncome": 1686000000, "operatingIncomeRatio": 0.2029613579, "totalOtherIncomeExpensesNet": -76000000, "incomeBeforeTax": 1686000000, "incomeBeforeTaxRatio": 0.2029613579, "incomeTaxExpense": 341000000, "netIncome": 1345000000, "netIncomeRatio": 0.1619116408, "eps": 3.48, "epsdiluted": 3.45, "weightedAverageShsOut": 386500000, "weightedAverageShsOutDil": 389500000, "link": "https://www.sec.gov/Archives/edgar/data/310764/000031076412000031/0000310764-12-000031-index.htm", "finalLink": "https://www.sec.gov/Archives/edgar/data/310764/000031076412000031/d10-k.htm", "calculatedOtherExpenses": 198000000, "calculatedOperatingExpenses": 3810000000, "calculatedNetInterest": 0, "calculatedOtherIncome": 0, "calculatedIncomeNonControlling": 0, "calculatedEbitda": 2167000000}, {"date": "2010-12-31", "symbol": "SYK", "reportedCurrency": "USD", "cik": "0000310764", "fillingDate": "2011-02-18", "acceptedDate": "2011-02-18 09:54:01", "calendarYear": "2010", "period": "FY", "revenue": 7320000000, "costOfRevenue": 2285700000, "grossProfit": 5034300000, "grossProfitRatio": 0.6877459016, "researchAndDevelopmentExpenses": 393900000, "generalAndAdministrativeExpenses": 2707300000, "sellingAndMarketingExpenses": 0, "sellingGeneralAndAdministrativeExpenses": 2707300000, "otherExpenses": 58200000, "operatingExpenses": 3159400000, "costAndExpenses": 5445100000, "interestIncome": 0, "interestExpense": 0, "depreciationAndAmortization": 410200000, "ebitda": 2430400000, "ebitdaratio": 0.3320218579, "operatingIncome": 1751400000, "operatingIncomeRatio": 0.2392622951, "totalOtherIncomeExpensesNet": -145300000, "incomeBeforeTax": 1729600000, "incomeBeforeTaxRatio": 0.236284153, "incomeTaxExpense": 456200000, "netIncome": 1273400000, "netIncomeRatio": 0.1739617486, "eps": 3.21, "epsdiluted": 3.19, "weightedAverageShsOut": 396400000, "weightedAverageShsOutDil": 399500000, "link": "https://www.sec.gov/Archives/edgar/data/310764/000119312511039845/0001193125-11-039845-index.htm", "finalLink": "https://www.sec.gov/Archives/edgar/data/310764/000119312511039845/d10k.htm", "calculatedOtherExpenses": 181700000, "calculatedOperatingExpenses": 3282900000, "calculatedNetInterest": 0, "calculatedOtherIncome": -21800000, "calculatedIncomeNonControlling": 0, "calculatedEbitda": 2161600000}, {"date": "2009-12-31", "symbol": "SYK", "reportedCurrency": "USD", "cik": "0000310764", "fillingDate": "2010-02-26", "acceptedDate": "2010-02-26 16:32:59", "calendarYear": "2009", "period": "FY", "revenue": 6723100000, "costOfRevenue": 2183700000, "grossProfit": 4539400000, "grossProfitRatio": 0.6751944787, "researchAndDevelopmentExpenses": 336200000, "generalAndAdministrativeExpenses": 2506300000, "sellingAndMarketingExpenses": 0, "sellingGeneralAndAdministrativeExpenses": 2506300000, "otherExpenses": 35500000, "operatingExpenses": 2878000000, "costAndExpenses": 5061700000, "interestIncome": 0, "interestExpense": 0, "depreciationAndAmortization": 385300000, "ebitda": 2084200000, "ebitdaratio": 0.3100058009, "operatingIncome": 1594400000, "operatingIncomeRatio": 0.2371525041, "totalOtherIncomeExpensesNet": -37500000, "incomeBeforeTax": 1623900000, "incomeBeforeTaxRatio": 0.2415403608, "incomeTaxExpense": 516500000, "netIncome": 1107400000, "netIncomeRatio": 0.1647156818, "eps": 2.79, "epsdiluted": 2.77, "weightedAverageShsOut": 397400000, "weightedAverageShsOutDil": 399400000, "link": "https://www.sec.gov/Archives/edgar/data/310764/000119312510042997/0001193125-10-042997-index.htm", "finalLink": "https://www.sec.gov/Archives/edgar/data/310764/000119312510042997/d10k.htm", "calculatedOtherExpenses": 102500000, "calculatedOperatingExpenses": 2945000000, "calculatedNetInterest": 0, "calculatedOtherIncome": 29500000, "calculatedIncomeNonControlling": 0, "calculatedEbitda": 1979700000}, {"date": "2008-12-31", "symbol": "SYK", "reportedCurrency": "USD", "cik": "0000310764", "fillingDate": "2009-02-20", "acceptedDate": "2009-02-20 17:03:01", "calendarYear": "2008", "period": "FY", "revenue": 6718200000, "costOfRevenue": 2131400000, "grossProfit": 4586800000, "grossProfitRatio": 0.6827424012, "researchAndDevelopmentExpenses": 367800000, "generalAndAdministrativeExpenses": 2625100000, "sellingAndMarketingExpenses": 0, "sellingGeneralAndAdministrativeExpenses": 2625100000, "otherExpenses": 40000000, "operatingExpenses": 3032900000, "costAndExpenses": 5164300000, "interestIncome": 0, "interestExpense": 52600000, "depreciationAndAmortization": 387600000, "ebitda": 1915200000, "ebitdaratio": 0.2850763597, "operatingIncome": 1519000000, "operatingIncomeRatio": 0.2261022298, "totalOtherIncomeExpensesNet": 26300000, "incomeBeforeTax": 1580200000, "incomeBeforeTaxRatio": 0.2352118127, "incomeTaxExpense": 432400000, "netIncome": 1147800000, "netIncomeRatio": 0.1708493346, "eps": 2.81, "epsdiluted": 2.78, "weightedAverageShsOut": 408100000, "weightedAverageShsOutDil": 413600000, "link": "https://www.sec.gov/Archives/edgar/data/310764/000031076409000035/0000310764-09-000035-index.htm", "finalLink": "https://www.sec.gov/Archives/edgar/data/310764/000031076409000035/syk10k08.htm", "calculatedOtherExpenses": 74900000, "calculatedOperatingExpenses": 3067800000, "calculatedNetInterest": -52600000, "calculatedOtherIncome": 113800000, "calculatedIncomeNonControlling": 0, "calculatedEbitda": 1906600000}, {"date": "2007-12-31", "symbol": "SYK", "reportedCurrency": "USD", "cik": "0000310764", "fillingDate": "2008-02-28", "acceptedDate": "2008-02-28 15:55:07", "calendarYear": "2007", "period": "FY", "revenue": 6000500000, "costOfRevenue": 1865200000, "grossProfit": 4135300000, "grossProfitRatio": 0.6891592367, "researchAndDevelopmentExpenses": 375300000, "generalAndAdministrativeExpenses": 2391500000, "sellingAndMarketingExpenses": 0, "sellingGeneralAndAdministrativeExpenses": 2391500000, "otherExpenses": 61200000, "operatingExpenses": 2828000000, "costAndExpenses": 4693200000, "interestIncome": 0, "interestExpense": 0, "depreciationAndAmortization": 366600000, "ebitda": 1630900000, "ebitdaratio": 0.2717940172, "operatingIncome": 1307300000, "operatingIncomeRatio": 0.2178651779, "totalOtherIncomeExpensesNet": 43000000, "incomeBeforeTax": 1370100000, "incomeBeforeTaxRatio": 0.2283309724, "incomeTaxExpense": 383400000, "netIncome": 1017400000, "netIncomeRatio": 0.1695525373, "eps": 2.48, "epsdiluted": 2.44, "weightedAverageShsOut": 409700000, "weightedAverageShsOutDil": 417200000, "link": "https://www.sec.gov/Archives/edgar/data/310764/000031076408000047/0000310764-08-000047-index.htm", "finalLink": "https://www.sec.gov/Archives/edgar/data/310764/000031076408000047/syk10k07.htm", "calculatedOtherExpenses": 61200000, "calculatedOperatingExpenses": 2828000000, "calculatedNetInterest": 0, "calculatedOtherIncome": 62800000, "calculatedIncomeNonControlling": -30700000, "calculatedEbitda": 1673900000}, {"date": "2006-12-31", "symbol": "SYK", "reportedCurrency": "USD", "cik": "0000310764", "fillingDate": "2007-02-28", "acceptedDate": "2007-02-28 15:32:22", "calendarYear": "2006", "period": "FY", "revenue": 5405600000, "costOfRevenue": 1848700000, "grossProfit": 3556900000, "grossProfitRatio": 0.6580028119, "researchAndDevelopmentExpenses": 324600000, "generalAndAdministrativeExpenses": 2061700000, "sellingAndMarketingExpenses": 0, "sellingGeneralAndAdministrativeExpenses": 2061700000, "otherExpenses": 43600000, "operatingExpenses": 2429900000, "costAndExpenses": 4278600000, "interestIncome": 0, "interestExpense": 0, "depreciationAndAmortization": 331800000, "ebitda": 1482000000, "ebitdaratio": 0.2741601302, "operatingIncome": 1074300000, "operatingIncomeRatio": 0.1987383454, "totalOtherIncomeExpensesNet": -23200000, "incomeBeforeTax": 1103800000, "incomeBeforeTaxRatio": 0.204195649, "incomeTaxExpense": 326100000, "netIncome": 777700000, "netIncomeRatio": 0.1438693207, "eps": 1.91, "epsdiluted": 1.89, "weightedAverageShsOut": 407172775, "weightedAverageShsOutDil": 411481481, "link": "https://www.sec.gov/Archives/edgar/data/310764/000031076407000062/0000310764-07-000062-index.htm", "finalLink": "https://www.sec.gov/Archives/edgar/data/310764/000031076407000062/syk10k06.htm", "calculatedOtherExpenses": 96300000, "calculatedOperatingExpenses": 2482600000, "calculatedNetInterest": 0, "calculatedOtherIncome": 29500000, "calculatedIncomeNonControlling": 0, "calculatedEbitda": 1406100000}, {"date": "2005-12-31", "symbol": "SYK", "reportedCurrency": "USD", "cik": "0000310764", "fillingDate": "2006-03-07", "acceptedDate": "2006-03-06 17:45:35", "calendarYear": "2005", "period": "FY", "revenue": 4871500000, "costOfRevenue": 1713900000, "grossProfit": 3157600000, "grossProfitRatio": 0.6481781792, "researchAndDevelopmentExpenses": 279800000, "generalAndAdministrativeExpenses": 1814300000, "sellingAndMarketingExpenses": 0, "sellingGeneralAndAdministrativeExpenses": 1814300000, "otherExpenses": 48800000, "operatingExpenses": 2142900000, "costAndExpenses": 3856800000, "interestIncome": 0, "interestExpense": 0, "depreciationAndAmortization": 289900000, "ebitda": 1316000000, "ebitdaratio": 0.2701426665, "operatingIncome": 998800000, "operatingIncomeRatio": 0.2050292518, "totalOtherIncomeExpensesNet": -11400000, "incomeBeforeTax": 1003300000, "incomeBeforeTaxRatio": 0.2059529919, "incomeTaxExpense": 328100000, "netIncome": 675200000, "netIncomeRatio": 0.1386020733, "eps": 1.6, "epsdiluted": 1.57, "weightedAverageShsOut": 403700000, "weightedAverageShsOutDil": 410800000, "link": "https://www.sec.gov/Archives/edgar/data/310764/000031076406000040/0000310764-06-000040-index.htm", "finalLink": "https://www.sec.gov/Archives/edgar/data/310764/000031076406000040/syk10k05.htm", "calculatedOtherExpenses": 64700000, "calculatedOperatingExpenses": 2158800000, "calculatedNetInterest": 0, "calculatedOtherIncome": 4500000, "calculatedIncomeNonControlling": 0, "calculatedEbitda": 1288700000}, {"date": "2004-12-31", "symbol": "SYK", "reportedCurrency": "USD", "cik": "0000310764", "fillingDate": "2005-03-02", "acceptedDate": "2005-03-02 16:50:35", "calendarYear": "2004", "period": "FY", "revenue": 4262300000, "costOfRevenue": 1510100000, "grossProfit": 2752200000, "grossProfitRatio": 0.6457077165, "researchAndDevelopmentExpenses": 211000000, "generalAndAdministrativeExpenses": 1652200000, "sellingAndMarketingExpenses": 0, "sellingGeneralAndAdministrativeExpenses": 1652200000, "otherExpenses": 47800000, "operatingExpenses": 1911000000, "costAndExpenses": 3421100000, "interestIncome": 0, "interestExpense": 6800000, "depreciationAndAmortization": 250900000, "ebitda": 1209500000, "ebitdaratio": 0.2837669803, "operatingIncome": 720400000, "operatingIncomeRatio": 0.1690167281, "totalOtherIncomeExpensesNet": -117400000, "incomeBeforeTax": 717000000, "incomeBeforeTaxRatio": 0.1682190367, "incomeTaxExpense": 251300000, "netIncome": 465700000, "netIncomeRatio": 0.1092602585, "eps": 1.1, "epsdiluted": 1.08, "weightedAverageShsOut": 401200000, "weightedAverageShsOutDil": 409300000, "link": "https://www.sec.gov/Archives/edgar/data/310764/000031076405000008/0000310764-05-000008-index.htm", "finalLink": "https://www.sec.gov/Archives/edgar/data/310764/000031076405000008/syk10k04.htm", "calculatedOtherExpenses": 168600000, "calculatedOperatingExpenses": 2031800000, "calculatedNetInterest": -6800000, "calculatedOtherIncome": 3400000, "calculatedIncomeNonControlling": 0, "calculatedEbitda": 971300000}, {"date": "2003-12-31", "symbol": "SYK", "reportedCurrency": "USD", "cik": "0000310764", "fillingDate": "2004-03-12", "acceptedDate": "2004-03-12 10:44:45", "calendarYear": "2003", "period": "FY", "revenue": 3625300000, "costOfRevenue": 1312400000, "grossProfit": 2312900000, "grossProfitRatio": 0.6379885803, "researchAndDevelopmentExpenses": 180200000, "generalAndAdministrativeExpenses": 1416000000, "sellingAndMarketingExpenses": 0, "sellingGeneralAndAdministrativeExpenses": 1416000000, "otherExpenses": 45400000, "operatingExpenses": 1641600000, "costAndExpenses": 2954000000, "interestIncome": 0, "interestExpense": 22600000, "depreciationAndAmortization": 229700000, "ebitda": 897200000, "ebitdaratio": 0.2474829669, "operatingIncome": 680300000, "operatingIncomeRatio": 0.1876534356, "totalOtherIncomeExpensesNet": 3800000, "incomeBeforeTax": 652500000, "incomeBeforeTaxRatio": 0.1799851047, "incomeTaxExpense": 199000000, "netIncome": 453500000, "netIncomeRatio": 0.1250930957, "eps": 1.09, "epsdiluted": 1.07, "weightedAverageShsOut": 416055046, "weightedAverageShsOutDil": 423831776, "link": "https://www.sec.gov/Archives/edgar/data/310764/000123933804000002/0001239338-04-000002-index.htm", "finalLink": "https://www.sec.gov/Archives/edgar/data/310764/000123933804000002/syk10k03.htm", "calculatedOtherExpenses": 36400000, "calculatedOperatingExpenses": 1632600000, "calculatedNetInterest": -22600000, "calculatedOtherIncome": -5200000, "calculatedIncomeNonControlling": 0, "calculatedEbitda": 910000000}, {"date": "2002-12-31", "symbol": "SYK", "reportedCurrency": "USD", "cik": "0000310764", "fillingDate": "2003-03-14", "acceptedDate": "2003-03-14 15:17:19", "calendarYear": "2002", "period": "FY", "revenue": 3011600000, "costOfRevenue": 1111200000, "grossProfit": 1900400000, "grossProfitRatio": 0.6310266968, "researchAndDevelopmentExpenses": 141400000, "generalAndAdministrativeExpenses": 1165400000, "sellingAndMarketingExpenses": 0, "sellingGeneralAndAdministrativeExpenses": 1165400000, "otherExpenses": 28900000, "operatingExpenses": 1335700000, "costAndExpenses": 2446900000, "interestIncome": 0, "interestExpense": 40300000, "depreciationAndAmortization": 186100000, "ebitda": 768500000, "ebitdaratio": 0.2551799708, "operatingIncome": 547500000, "operatingIncomeRatio": 0.1817970514, "totalOtherIncomeExpensesNet": -17700000, "incomeBeforeTax": 506700000, "incomeBeforeTaxRatio": 0.1682494355, "incomeTaxExpense": 161100000, "netIncome": 345600000, "netIncomeRatio": 0.1147562757, "eps": 0.83, "epsdiluted": 0.81, "weightedAverageShsOut": 416385542, "weightedAverageShsOutDil": 426666667, "link": "https://www.sec.gov/Archives/edgar/data/310764/000031076403000008/0000310764-03-000008-index.htm", "finalLink": "https://www.sec.gov/Archives/edgar/data/310764/000031076403000008/syk10k02.htm", "calculatedOtherExpenses": 46100000, "calculatedOperatingExpenses": 1352900000, "calculatedNetInterest": -40300000, "calculatedOtherIncome": -500000, "calculatedIncomeNonControlling": 0, "calculatedEbitda": 733600000}, {"date": "2001-12-31", "symbol": "SYK", "reportedCurrency": "USD", "cik": "0000310764", "fillingDate": "2002-03-15", "acceptedDate": "2002-03-15 00:00:00", "calendarYear": "2001", "period": "FY", "revenue": 2602300000, "costOfRevenue": 963800000, "grossProfit": 1638500000, "grossProfitRatio": 0.6296353226, "researchAndDevelopmentExpenses": 142100000, "generalAndAdministrativeExpenses": 985400000, "sellingAndMarketingExpenses": 0, "sellingGeneralAndAdministrativeExpenses": 985400000, "otherExpenses": 38400000, "operatingExpenses": 1165900000, "costAndExpenses": 2129700000, "interestIncome": 0, "interestExpense": 67900000, "depreciationAndAmortization": 172000000, "ebitda": 643600000, "ebitdaratio": 0.2473196787, "operatingIncome": 472000000, "operatingIncomeRatio": 0.1813780118, "totalOtherIncomeExpensesNet": 1000000, "incomeBeforeTax": 405700000, "incomeBeforeTaxRatio": 0.1559005495, "incomeTaxExpense": 133900000, "netIncome": 267000000, "netIncomeRatio": 0.1026015448, "eps": 0.69, "epsdiluted": 0.67, "weightedAverageShsOut": 386956522, "weightedAverageShsOutDil": 398507463, "link": "https://www.sec.gov/Archives/edgar/data/310764/000031076402000013/0000310764-02-000013-index.htm", "finalLink": "https://www.sec.gov/Archives/edgar/data/310764/000031076402000013/syk10k01.htm", "calculatedOtherExpenses": 39000000, "calculatedOperatingExpenses": 1166500000, "calculatedNetInterest": -67900000, "calculatedOtherIncome": 1600000, "calculatedIncomeNonControlling": 4800000, "calculatedEbitda": 644000000}, {"date": "2000-12-31", "symbol": "SYK", "reportedCurrency": "USD", "cik": "0000310764", "fillingDate": "2001-03-16", "acceptedDate": "2001-03-16 00:00:00", "calendarYear": "2000", "period": "FY", "revenue": 2289400000, "costOfRevenue": 740500000, "grossProfit": 1548900000, "grossProfitRatio": 0.6765528086, "researchAndDevelopmentExpenses": 122200000, "generalAndAdministrativeExpenses": 885600000, "sellingAndMarketingExpenses": 0, "sellingGeneralAndAdministrativeExpenses": 885600000, "otherExpenses": 109400000, "operatingExpenses": 1117200000, "costAndExpenses": 1857700000, "interestIncome": 0, "interestExpense": 96600000, "depreciationAndAmortization": 168600000, "ebitda": 600500000, "ebitdaratio": 0.262295798, "operatingIncome": 358000000, "operatingIncomeRatio": 0.1563728488, "totalOtherIncomeExpensesNet": -200000, "incomeBeforeTax": 334900000, "incomeBeforeTaxRatio": 0.1462828689, "incomeTaxExpense": 113900000, "netIncome": 221000000, "netIncomeRatio": 0.0965318424, "eps": 0.56, "epsdiluted": 0.55, "weightedAverageShsOut": 391150442, "weightedAverageShsOutDil": 401818182, "link": "https://www.sec.gov/Archives/edgar/data/310764/000031076401500006/0000310764-01-500006-index.htm", "finalLink": "https://www.sec.gov/Archives/edgar/data/310764/000031076401500006/syk10kuseme.htm", "calculatedOtherExpenses": 183100000, "calculatedOperatingExpenses": 1190900000, "calculatedNetInterest": -96600000, "calculatedOtherIncome": 73500000, "calculatedIncomeNonControlling": 0, "calculatedEbitda": 526600000}, {"date": "1999-12-31", "symbol": "SYK", "reportedCurrency": "USD", "cik": "0000310764", "fillingDate": "2000-03-15", "acceptedDate": "2000-03-15 00:00:00", "calendarYear": "1999", "period": "FY", "revenue": 2103700000, "costOfRevenue": 723700000, "grossProfit": 1380000000, "grossProfitRatio": 0.6559870704, "researchAndDevelopmentExpenses": 105200000, "generalAndAdministrativeExpenses": 808400000, "sellingAndMarketingExpenses": 0, "sellingGeneralAndAdministrativeExpenses": 808400000, "otherExpenses": 101700000, "operatingExpenses": 1015300000, "costAndExpenses": 1739000000, "interestIncome": 0, "interestExpense": 122600000, "depreciationAndAmortization": 162800000, "ebitda": 739800000, "ebitdaratio": 0.3516661121, "operatingIncome": -118400000, "operatingIncomeRatio": -0.0562817892, "totalOtherIncomeExpensesNet": -212300000, "incomeBeforeTax": 29800000, "incomeBeforeTaxRatio": 0.0141655179, "incomeTaxExpense": 10400000, "netIncome": 19400000, "netIncomeRatio": 0.0092218472, "eps": 0.05, "epsdiluted": 0.05, "weightedAverageShsOut": 388000000, "weightedAverageShsOutDil": 388000000, "link": "https://www.sec.gov/Archives/edgar/data/310764/000031076400000019/0000310764-00-000019-index.html", "finalLink": "https://www.sec.gov/Archives/edgar/data/310764/000031076400000019/0000310764-00-000019-d1.html", "calculatedOtherExpenses": 584800000, "calculatedOperatingExpenses": 1498400000, "calculatedNetInterest": -122600000, "calculatedOtherIncome": 270800000, "calculatedIncomeNonControlling": 0, "calculatedEbitda": 44400000}, {"date": "1998-12-31", "symbol": "SYK", "reportedCurrency": "USD", "cik": "0000310764", "fillingDate": "1999-03-31", "acceptedDate": "1999-03-31 00:00:00", "calendarYear": "1998", "period": "FY", "revenue": 1103200000, "costOfRevenue": 434500000, "grossProfit": 668700000, "grossProfitRatio": 0.6061457578, "researchAndDevelopmentExpenses": 61100000, "generalAndAdministrativeExpenses": 381200000, "sellingAndMarketingExpenses": 0, "sellingGeneralAndAdministrativeExpenses": 381200000, "otherExpenses": 37600000, "operatingExpenses": 479900000, "costAndExpenses": 914400000, "interestIncome": 0, "interestExpense": 0, "depreciationAndAmortization": 37600000, "ebitda": 355300000, "ebitdaratio": 0.3220630892, "operatingIncome": 188800000, "operatingIncomeRatio": 0.1711385062, "totalOtherIncomeExpensesNet": -128900000, "incomeBeforeTax": 60000000, "incomeBeforeTaxRatio": 0.0543872371, "incomeTaxExpense": 20400000, "netIncome": 39600000, "netIncomeRatio": 0.0358955765, "eps": 0.16, "epsdiluted": 0.15, "weightedAverageShsOut": 387096774, "weightedAverageShsOutDil": 393442623, "link": "https://www.sec.gov/Archives/edgar/data/310764/000031076499000008/0000310764-99-000008-index.html", "finalLink": "https://www.sec.gov/Archives/edgar/data/310764/", "calculatedOtherExpenses": 37600000, "calculatedOperatingExpenses": 479900000, "calculatedNetInterest": 0, "calculatedOtherIncome": -128800000, "calculatedIncomeNonControlling": 0, "calculatedEbitda": 226400000}, {"date": "1997-12-31", "symbol": "SYK", "reportedCurrency": "USD", "cik": "0000310764", "fillingDate": "1998-03-26", "acceptedDate": "1998-03-26 00:00:00", "calendarYear": "1997", "period": "FY", "revenue": 980100000, "costOfRevenue": 364500000, "grossProfit": 615600000, "grossProfitRatio": 0.6280991736, "researchAndDevelopmentExpenses": 56900000, "generalAndAdministrativeExpenses": 341500000, "sellingAndMarketingExpenses": 0, "sellingGeneralAndAdministrativeExpenses": 341500000, "otherExpenses": 33300000, "operatingExpenses": 431700000, "costAndExpenses": 796200000, "interestIncome": 0, "interestExpense": 0, "depreciationAndAmortization": 33300000, "ebitda": 206700000, "ebitdaratio": 0.2108968473, "operatingIncome": 183900000, "operatingIncomeRatio": 0.1876339149, "totalOtherIncomeExpensesNet": 10500000, "incomeBeforeTax": 195300000, "incomeBeforeTaxRatio": 0.1992653811, "incomeTaxExpense": 70000000, "netIncome": 125300000, "netIncomeRatio": 0.1278440975, "eps": 0.33, "epsdiluted": 0.32, "weightedAverageShsOut": 385538462, "weightedAverageShsOutDil": 391562500, "link": "https://www.sec.gov/Archives/edgar/data/310764/000031076498000008/0000310764-98-000008-index.html", "finalLink": "https://www.sec.gov/Archives/edgar/data/310764/", "calculatedOtherExpenses": 33300000, "calculatedOperatingExpenses": 431700000, "calculatedNetInterest": 0, "calculatedOtherIncome": 11400000, "calculatedIncomeNonControlling": 0, "calculatedEbitda": 217200000}, {"date": "1996-12-31", "symbol": "SYK", "reportedCurrency": "USD", "cik": "0000310764", "fillingDate": "1997-03-25", "acceptedDate": "1997-03-25 00:00:00", "calendarYear": "1996", "period": "FY", "revenue": 910100000, "costOfRevenue": 357700000, "grossProfit": 552400000, "grossProfitRatio": 0.6069662674, "researchAndDevelopmentExpenses": 56900000, "generalAndAdministrativeExpenses": 326600000, "sellingAndMarketingExpenses": 0, "sellingGeneralAndAdministrativeExpenses": 326600000, "otherExpenses": 34700000, "operatingExpenses": 418200000, "costAndExpenses": 775900000, "interestIncome": 0, "interestExpense": 0, "depreciationAndAmortization": 34700000, "ebitda": 142700000, "ebitdaratio": 0.1567959565, "operatingIncome": 134200000, "operatingIncomeRatio": 0.1474563235, "totalOtherIncomeExpensesNet": 26200000, "incomeBeforeTax": 166200000, "incomeBeforeTaxRatio": 0.1826172948, "incomeTaxExpense": 61700000, "netIncome": 104500000, "netIncomeRatio": 0.114822547, "eps": 0.27, "epsdiluted": 0.27, "weightedAverageShsOut": 387037037, "weightedAverageShsOutDil": 394339623, "link": "https://www.sec.gov/Archives/edgar/data/310764/000031076497000005/0000310764-97-000005-index.html", "finalLink": "https://www.sec.gov/Archives/edgar/data/310764/", "calculatedOtherExpenses": 34700000, "calculatedOperatingExpenses": 418200000, "calculatedNetInterest": 0, "calculatedOtherIncome": 32000000, "calculatedIncomeNonControlling": 0, "calculatedEbitda": 168900000}, {"date": "1995-12-31", "symbol": "SYK", "reportedCurrency": "USD", "cik": "0000310764", "fillingDate": "1996-03-28", "acceptedDate": "1996-03-28 00:00:00", "calendarYear": "1995", "period": "FY", "revenue": 872000000, "costOfRevenue": 340800000, "grossProfit": 531200000, "grossProfitRatio": 0.6091743119, "researchAndDevelopmentExpenses": 43800000, "generalAndAdministrativeExpenses": 301400000, "sellingAndMarketingExpenses": 0, "sellingGeneralAndAdministrativeExpenses": 301400000, "otherExpenses": 28700000, "operatingExpenses": 373900000, "costAndExpenses": 714700000, "interestIncome": 0, "interestExpense": 0, "depreciationAndAmortization": 28700000, "ebitda": 180200000, "ebitdaratio": 0.2066513761, "operatingIncome": 157300000, "operatingIncomeRatio": 0.1803899083, "totalOtherIncomeExpensesNet": 5800000, "incomeBeforeTax": 153900000, "incomeBeforeTaxRatio": 0.1764908257, "incomeTaxExpense": 66900000, "netIncome": 87000000, "netIncomeRatio": 0.0997706422, "eps": 0.23, "epsdiluted": 0.23, "weightedAverageShsOut": 387744000, "weightedAverageShsOutDil": 387744000, "link": "https://www.sec.gov/Archives/edgar/data/310764/000031076496000004/0000310764-96-000004-index.html", "finalLink": "https://www.sec.gov/Archives/edgar/data/310764/", "calculatedOtherExpenses": 28700000, "calculatedOperatingExpenses": 373900000, "calculatedNetInterest": 0, "calculatedOtherIncome": -3400000, "calculatedIncomeNonControlling": 0, "calculatedEbitda": 186000000}, {"date": "1994-12-31", "symbol": "SYK", "reportedCurrency": "USD", "cik": "0000310764", "fillingDate": "1995-03-24", "acceptedDate": "1995-03-24 00:00:00", "calendarYear": "1994", "period": "FY", "revenue": 681900000, "costOfRevenue": 279500000, "grossProfit": 402400000, "grossProfitRatio": 0.5901158528, "researchAndDevelopmentExpenses": 39600000, "generalAndAdministrativeExpenses": 221400000, "sellingAndMarketingExpenses": 0, "sellingGeneralAndAdministrativeExpenses": 221400000, "otherExpenses": 20900000, "operatingExpenses": 281900000, "costAndExpenses": 561400000, "interestIncome": 0, "interestExpense": 0, "depreciationAndAmortization": 20900000, "ebitda": 134300000, "ebitdaratio": 0.1969496994, "operatingIncome": 120500000, "operatingIncomeRatio": 0.1767121279, "totalOtherIncomeExpensesNet": 7100000, "incomeBeforeTax": 123200000, "incomeBeforeTaxRatio": 0.1806716527, "incomeTaxExpense": 50800000, "netIncome": 72400000, "netIncomeRatio": 0.1061739258, "eps": 0.19, "epsdiluted": 0.19, "weightedAverageShsOut": 386936000, "weightedAverageShsOutDil": 386936000, "link": "https://www.sec.gov/Archives/edgar/data/310764/000031076495000004/0000310764-95-000004-index.html", "finalLink": "https://www.sec.gov/Archives/edgar/data/310764/", "calculatedOtherExpenses": 20900000, "calculatedOperatingExpenses": 281900000, "calculatedNetInterest": 0, "calculatedOtherIncome": 2700000, "calculatedIncomeNonControlling": 0, "calculatedEbitda": 141400000}, {"date": "1993-12-31", "symbol": "SYK", "reportedCurrency": "USD", "cik": "0000310764", "fillingDate": "1994-03-24", "acceptedDate": "1994-03-24 00:00:00", "calendarYear": "1993", "period": "FY", "revenue": 557300000, "costOfRevenue": 240600000, "grossProfit": 316700000, "grossProfitRatio": 0.5682756146, "researchAndDevelopmentExpenses": 0, "generalAndAdministrativeExpenses": 0, "sellingAndMarketingExpenses": 0, "sellingGeneralAndAdministrativeExpenses": 208600000, "otherExpenses": 16200000, "operatingExpenses": 224800000, "costAndExpenses": 465400000, "interestIncome": 0, "interestExpense": 0, "depreciationAndAmortization": 16200000, "ebitda": 104000000, "ebitdaratio": 0.1866140319, "operatingIncome": 91900000, "operatingIncomeRatio": 0.1649022071, "totalOtherIncomeExpensesNet": 4100000, "incomeBeforeTax": 96100000, "incomeBeforeTaxRatio": 0.172438543, "incomeTaxExpense": 35900000, "netIncome": 60200000, "netIncomeRatio": 0.1080208146, "eps": 0.16, "epsdiluted": 0.16, "weightedAverageShsOut": 388387097, "weightedAverageShsOutDil": 388387097, "link": "https://www.sec.gov/Archives/edgar/data/310764/000031076494000004/0000310764-94-000004-index.html", "finalLink": "https://www.sec.gov/Archives/edgar/data/310764/", "calculatedOtherExpenses": 16200000, "calculatedOperatingExpenses": 224800000, "calculatedNetInterest": 0, "calculatedOtherIncome": 4200000, "calculatedIncomeNonControlling": 0, "calculatedEbitda": 108100000}, {"date": "1992-12-31", "symbol": "SYK", "reportedCurrency": "USD", "cik": "0000310764", "fillingDate": "1992-12-31", "acceptedDate": "1992-12-30 19:00:00", "calendarYear": "1992", "period": "FY", "revenue": 477100000, "costOfRevenue": 210300000, "grossProfit": 266800000, "grossProfitRatio": 0.5592119053, "researchAndDevelopmentExpenses": 0, "generalAndAdministrativeExpenses": 0, "sellingAndMarketingExpenses": 0, "sellingGeneralAndAdministrativeExpenses": 181700000, "otherExpenses": 11400000, "operatingExpenses": 193100000, "costAndExpenses": 403400000, "interestIncome": 0, "interestExpense": 0, "depreciationAndAmortization": 11400000, "ebitda": 81900000, "ebitdaratio": 0.1716621253, "operatingIncome": 73700000, "operatingIncomeRatio": 0.1544749528, "totalOtherIncomeExpensesNet": 3200000, "incomeBeforeTax": 76900000, "incomeBeforeTaxRatio": 0.1611821421, "incomeTaxExpense": 29200000, "netIncome": 47700000, "netIncomeRatio": 0.09997904, "eps": 0.13, "epsdiluted": 0.13, "weightedAverageShsOut": 381600000, "weightedAverageShsOutDil": 381600000, "link": "", "finalLink": "", "calculatedOtherExpenses": 11400000, "calculatedOperatingExpenses": 193100000, "calculatedNetInterest": 0, "calculatedOtherIncome": 3200000, "calculatedIncomeNonControlling": 0, "calculatedEbitda": 85100000}, {"date": "1991-12-31", "symbol": "SYK", "reportedCurrency": "USD", "cik": "0000310764", "fillingDate": "1991-12-31", "acceptedDate": "1991-12-30 19:00:00", "calendarYear": "1991", "period": "FY", "revenue": 364800000, "costOfRevenue": 160700000, "grossProfit": 204100000, "grossProfitRatio": 0.5594846491, "researchAndDevelopmentExpenses": 0, "generalAndAdministrativeExpenses": 0, "sellingAndMarketingExpenses": 0, "sellingGeneralAndAdministrativeExpenses": 140800000, "otherExpenses": 11800000, "operatingExpenses": 152600000, "costAndExpenses": 313300000, "interestIncome": 0, "interestExpense": 0, "depreciationAndAmortization": 11800000, "ebitda": 61500000, "ebitdaratio": 0.1685855263, "operatingIncome": 51500000, "operatingIncomeRatio": 0.1411732456, "totalOtherIncomeExpensesNet": 1800000, "incomeBeforeTax": 53400000, "incomeBeforeTaxRatio": 0.1463815789, "incomeTaxExpense": 20300000, "netIncome": 33100000, "netIncomeRatio": 0.0907346491, "eps": 0.09, "epsdiluted": 0.085, "weightedAverageShsOut": 367777778, "weightedAverageShsOutDil": 389411765, "link": "", "finalLink": "", "calculatedOtherExpenses": 11800000, "calculatedOperatingExpenses": 152600000, "calculatedNetInterest": 0, "calculatedOtherIncome": 1900000, "calculatedIncomeNonControlling": 0, "calculatedEbitda": 63300000}, {"date": "1990-12-31", "symbol": "SYK", "reportedCurrency": "USD", "cik": "0000310764", "fillingDate": "1990-12-31", "acceptedDate": "1990-12-30 19:00:00", "calendarYear": "1990", "period": "FY", "revenue": 280600000, "costOfRevenue": 125800000, "grossProfit": 154800000, "grossProfitRatio": 0.5516749822, "researchAndDevelopmentExpenses": 0, "generalAndAdministrativeExpenses": 0, "sellingAndMarketingExpenses": 0, "sellingGeneralAndAdministrativeExpenses": 112000000, "otherExpenses": 7100000, "operatingExpenses": 119100000, "costAndExpenses": 244900000, "interestIncome": 0, "interestExpense": 0, "depreciationAndAmortization": 7100000, "ebitda": 40400000, "ebitdaratio": 0.1439771917, "operatingIncome": 35700000, "operatingIncomeRatio": 0.1272273699, "totalOtherIncomeExpensesNet": 2400000, "incomeBeforeTax": 38100000, "incomeBeforeTaxRatio": 0.1357804704, "incomeTaxExpense": 14500000, "netIncome": 23600000, "netIncomeRatio": 0.0841054882, "eps": 0.065, "epsdiluted": 0.065, "weightedAverageShsOut": 363076923, "weightedAverageShsOutDil": 363076923, "link": "", "finalLink": "", "calculatedOtherExpenses": 7100000, "calculatedOperatingExpenses": 119100000, "calculatedNetInterest": 0, "calculatedOtherIncome": 2400000, "calculatedIncomeNonControlling": 0, "calculatedEbitda": 42800000}, {"date": "1989-12-31", "symbol": "SYK", "reportedCurrency": "USD", "cik": "0000310764", "fillingDate": "1989-12-31", "acceptedDate": "1989-12-30 19:00:00", "calendarYear": "1989", "period": "FY", "revenue": 225900000, "costOfRevenue": 100600000, "grossProfit": 125300000, "grossProfitRatio": 0.5546702081, "researchAndDevelopmentExpenses": 0, "generalAndAdministrativeExpenses": 0, "sellingAndMarketingExpenses": 0, "sellingGeneralAndAdministrativeExpenses": 87300000, "otherExpenses": 6300000, "operatingExpenses": 93600000, "costAndExpenses": 194200000, "interestIncome": 0, "interestExpense": 0, "depreciationAndAmortization": 6300000, "ebitda": 38600000, "ebitdaratio": 0.1708720673, "operatingIncome": 31700000, "operatingIncomeRatio": 0.1403275786, "totalOtherIncomeExpensesNet": -600000, "incomeBeforeTax": 31000000, "incomeBeforeTaxRatio": 0.1372288623, "incomeTaxExpense": 11800000, "netIncome": 19200000, "netIncomeRatio": 0.0849933599, "eps": 0.05, "epsdiluted": 0.05, "weightedAverageShsOut": 384000000, "weightedAverageShsOutDil": 384000000, "link": "", "finalLink": "", "calculatedOtherExpenses": 6300000, "calculatedOperatingExpenses": 93600000, "calculatedNetInterest": 0, "calculatedOtherIncome": -700000, "calculatedIncomeNonControlling": 0, "calculatedEbitda": 38000000}, {"date": "1988-12-31", "symbol": "SYK", "reportedCurrency": "USD", "cik": "0000310764", "fillingDate": "1988-12-31", "acceptedDate": "1988-12-30 19:00:00", "calendarYear": "1988", "period": "FY", "revenue": 178600000, "costOfRevenue": 79000000, "grossProfit": 99600000, "grossProfitRatio": 0.5576707727, "researchAndDevelopmentExpenses": 0, "generalAndAdministrativeExpenses": 0, "sellingAndMarketingExpenses": 0, "sellingGeneralAndAdministrativeExpenses": 67200000, "otherExpenses": 6000000, "operatingExpenses": 73200000, "costAndExpenses": 152200000, "interestIncome": 0, "interestExpense": 0, "depreciationAndAmortization": 6000000, "ebitda": 32800000, "ebitdaratio": 0.1836506159, "operatingIncome": 26400000, "operatingIncomeRatio": 0.1478163494, "totalOtherIncomeExpensesNet": -400000, "incomeBeforeTax": 26000000, "incomeBeforeTaxRatio": 0.1455767077, "incomeTaxExpense": 10100000, "netIncome": 15900000, "netIncomeRatio": 0.0890257559, "eps": 0.045, "epsdiluted": 0.045, "weightedAverageShsOut": 353333333, "weightedAverageShsOutDil": 353333333, "link": "", "finalLink": "", "calculatedOtherExpenses": 6000000, "calculatedOperatingExpenses": 73200000, "calculatedNetInterest": 0, "calculatedOtherIncome": -400000, "calculatedIncomeNonControlling": 0, "calculatedEbitda": 32400000}, {"date": "1987-12-31", "symbol": "SYK", "reportedCurrency": "USD", "cik": "0000310764", "fillingDate": "1987-12-31", "acceptedDate": "1987-12-30 19:00:00", "calendarYear": "1987", "period": "FY", "revenue": 148100000, "costOfRevenue": 67200000, "grossProfit": 80900000, "grossProfitRatio": 0.5462525321, "researchAndDevelopmentExpenses": 0, "generalAndAdministrativeExpenses": 0, "sellingAndMarketingExpenses": 0, "sellingGeneralAndAdministrativeExpenses": 54700000, "otherExpenses": 4200000, "operatingExpenses": 58900000, "costAndExpenses": 126100000, "interestIncome": 0, "interestExpense": 0, "depreciationAndAmortization": 4200000, "ebitda": 25700000, "ebitdaratio": 0.1735313977, "operatingIncome": 22000000, "operatingIncomeRatio": 0.1485482782, "totalOtherIncomeExpensesNet": 500000, "incomeBeforeTax": 22000000, "incomeBeforeTaxRatio": 0.1485482782, "incomeTaxExpense": 9300000, "netIncome": 12700000, "netIncomeRatio": 0.0857528697, "eps": 0.035, "epsdiluted": 0.035, "weightedAverageShsOut": 362857143, "weightedAverageShsOutDil": 362857143, "link": "", "finalLink": "", "calculatedOtherExpenses": 4200000, "calculatedOperatingExpenses": 58900000, "calculatedNetInterest": 0, "calculatedOtherIncome": 0, "calculatedIncomeNonControlling": 0, "calculatedEbitda": 26200000}, {"date": "1986-12-31", "symbol": "SYK", "reportedCurrency": "USD", "cik": "0000310764", "fillingDate": "1986-12-31", "acceptedDate": "1986-12-30 19:00:00", "calendarYear": "1986", "period": "FY", "revenue": 121100000, "costOfRevenue": 56100000, "grossProfit": 65000000, "grossProfitRatio": 0.5367464905, "researchAndDevelopmentExpenses": 0, "generalAndAdministrativeExpenses": 0, "sellingAndMarketingExpenses": 0, "sellingGeneralAndAdministrativeExpenses": 42900000, "otherExpenses": 3800000, "operatingExpenses": 46700000, "costAndExpenses": 102800000, "interestIncome": 0, "interestExpense": 0, "depreciationAndAmortization": 3800000, "ebitda": 21500000, "ebitdaratio": 0.1775392238, "operatingIncome": 18300000, "operatingIncomeRatio": 0.1511147812, "totalOtherIncomeExpensesNet": 600000, "incomeBeforeTax": 18500000, "incomeBeforeTaxRatio": 0.1527663088, "incomeTaxExpense": 8400000, "netIncome": 10100000, "netIncomeRatio": 0.083402147, "eps": 0.03, "epsdiluted": 0.03, "weightedAverageShsOut": 336666667, "weightedAverageShsOutDil": 336666667, "link": "", "finalLink": "", "calculatedOtherExpenses": 3800000, "calculatedOperatingExpenses": 46700000, "calculatedNetInterest": 0, "calculatedOtherIncome": 200000, "calculatedIncomeNonControlling": 0, "calculatedEbitda": 22100000}, {"date": "1985-12-31", "symbol": "SYK", "reportedCurrency": "USD", "cik": "0000310764", "fillingDate": "1985-12-31", "acceptedDate": "1985-12-30 19:00:00", "calendarYear": "1985", "period": "FY", "revenue": 101600000, "costOfRevenue": 47400000, "grossProfit": 54200000, "grossProfitRatio": 0.5334645669, "researchAndDevelopmentExpenses": 0, "generalAndAdministrativeExpenses": 0, "sellingAndMarketingExpenses": 0, "sellingGeneralAndAdministrativeExpenses": 36600000, "otherExpenses": 3000000, "operatingExpenses": 39600000, "costAndExpenses": 87000000, "interestIncome": 0, "interestExpense": 0, "depreciationAndAmortization": 3000000, "ebitda": 16700000, "ebitdaratio": 0.1643700787, "operatingIncome": 14600000, "operatingIncomeRatio": 0.1437007874, "totalOtherIncomeExpensesNet": 900000, "incomeBeforeTax": 15100000, "incomeBeforeTaxRatio": 0.1486220472, "incomeTaxExpense": 6700000, "netIncome": 8400000, "netIncomeRatio": 0.0826771654, "eps": 0.025, "epsdiluted": 0.025, "weightedAverageShsOut": 336000000, "weightedAverageShsOutDil": 336000000, "link": "", "finalLink": "", "calculatedOtherExpenses": 3000000, "calculatedOperatingExpenses": 39600000, "calculatedNetInterest": 0, "calculatedOtherIncome": 500000, "calculatedIncomeNonControlling": 0, "calculatedEbitda": 17600000}]}