{"originalCurrency": "USD", "convertedCurrency": "USD", "report": [{"date": "2024-03-30", "symbol": "SYY", "reportedCurrency": "USD", "cik": "0000096021", "fillingDate": "2024-04-30", "acceptedDate": "2024-04-30 08:09:51", "calendarYear": "2024", "period": "FY", "revenue": 105805331000, "costOfRevenue": 95034870000, "grossProfit": 10770461000, "grossProfitRatio": 0.1017950693, "researchAndDevelopmentExpenses": 0, "generalAndAdministrativeExpenses": 0, "sellingAndMarketingExpenses": 0, "sellingGeneralAndAdministrativeExpenses": 0, "otherExpenses": 8544790000, "operatingExpenses": 8544790000, "costAndExpenses": 103579660000, "interestIncome": 0, "interestExpense": 441867000, "depreciationAndAmortization": 0, "ebitda": 2225671000, "ebitdaratio": 0.021035528, "operatingIncome": 2225671000, "operatingIncomeRatio": 0.021035528, "totalOtherIncomeExpensesNet": -464132000, "incomeBeforeTax": 1761539000, "incomeBeforeTaxRatio": 0.0166488681, "incomeTaxExpense": 418217000, "netIncome": 1343322000, "netIncomeRatio": 0.0126961656, "eps": 2.67, "epsdiluted": 2.66, "weightedAverageShsOut": 503027209, "weightedAverageShsOutDil": 504973406, "link": "https://www.sec.gov/Archives/edgar/data/96021/000009602124000040/0000096021-24-000040-index.htm", "finalLink": "https://www.sec.gov/Archives/edgar/data/96021/000009602124000040/syy2024q3pressrelease.htm", "calculatedOtherExpenses": 8544790000, "calculatedOperatingExpenses": 8544790000, "calculatedNetInterest": -441867000, "calculatedOtherIncome": -22265000, "calculatedIncomeNonControlling": 0, "calculatedEbitda": 2225671000}, {"date": "2023-07-01", "symbol": "SYY", "reportedCurrency": "USD", "cik": "0000096021", "fillingDate": "2023-08-25", "acceptedDate": "2023-08-24 20:10:07", "calendarYear": "2023", "period": "FY", "revenue": 76324675000, "costOfRevenue": 62369678000, "grossProfit": 13954997000, "grossProfitRatio": 0.1828372934, "researchAndDevelopmentExpenses": 0, "generalAndAdministrativeExpenses": 6708566000, "sellingAndMarketingExpenses": 4000000000, "sellingGeneralAndAdministrativeExpenses": 10708566000, "otherExpenses": -226442000, "operatingExpenses": 10916448000, "costAndExpenses": 73286126000, "interestIncome": 526751999, "interestExpense": 526752000, "depreciationAndAmortization": 888677000, "ebitda": 3700784000, "ebitdaratio": 0.0484873863, "operatingIncome": 3038549000, "operatingIncomeRatio": 0.0398108344, "totalOtherIncomeExpensesNet": -226442000, "incomeBeforeTax": 2285355000, "incomeBeforeTaxRatio": 0.0299425448, "incomeTaxExpense": 515231000, "netIncome": 1770124000, "netIncomeRatio": 0.023192028, "eps": 3.49, "epsdiluted": 3.47, "weightedAverageShsOut": 507362913, "weightedAverageShsOutDil": 509719756, "link": "https://www.sec.gov/Archives/edgar/data/96021/000009602123000117/0000096021-23-000117-index.htm", "finalLink": "https://www.sec.gov/Archives/edgar/data/96021/000009602123000117/syy-20230701.htm", "calculatedOtherExpenses": 207882000, "calculatedOperatingExpenses": 10916448000, "calculatedNetInterest": -1, "calculatedOtherIncome": -753193999, "calculatedIncomeNonControlling": 0, "calculatedEbitda": 3927226000}, {"date": "2022-07-02", "symbol": "SYY", "reportedCurrency": "USD", "cik": "0000096021", "fillingDate": "2022-08-26", "acceptedDate": "2022-08-25 17:39:42", "calendarYear": "2022", "period": "FY", "revenue": 68636146000, "costOfRevenue": 56315622000, "grossProfit": 12320524000, "grossProfitRatio": 0.1795048924, "researchAndDevelopmentExpenses": 0, "generalAndAdministrativeExpenses": 5884725000, "sellingAndMarketingExpenses": 3900000000, "sellingGeneralAndAdministrativeExpenses": 9784725000, "otherExpenses": 9981489000, "operatingExpenses": 9981489000, "costAndExpenses": 66297111000, "interestIncome": 623643000, "interestExpense": 623643000, "depreciationAndAmortization": 912314000, "ebitda": 3251349000, "ebitdaratio": 0.0473707979, "operatingIncome": 2339035000, "operatingIncomeRatio": 0.0340787637, "totalOtherIncomeExpensesNet": -592262000, "incomeBeforeTax": 1746773000, "incomeBeforeTaxRatio": 0.0254497535, "incomeTaxExpense": 388005000, "netIncome": 1358768000, "netIncomeRatio": 0.0197966826, "eps": 2.66, "epsdiluted": 2.64, "weightedAverageShsOut": 510630645, "weightedAverageShsOutDil": 514005826, "link": "https://www.sec.gov/Archives/edgar/data/96021/000009602122000151/0000096021-22-000151-index.htm", "finalLink": "https://www.sec.gov/Archives/edgar/data/96021/000009602122000151/syy-20220702.htm", "calculatedOtherExpenses": 196764000, "calculatedOperatingExpenses": 9981489000, "calculatedNetInterest": 0, "calculatedOtherIncome": -592262000, "calculatedIncomeNonControlling": 0, "calculatedEbitda": 3251349000}, {"date": "2021-07-03", "symbol": "SYY", "reportedCurrency": "USD", "cik": "0000096021", "fillingDate": "2021-08-30", "acceptedDate": "2021-08-27 17:46:53", "calendarYear": "2021", "period": "FY", "revenue": 51297843000, "costOfRevenue": 41941094000, "grossProfit": 9356749000, "grossProfitRatio": 0.1824004374, "researchAndDevelopmentExpenses": 0, "generalAndAdministrativeExpenses": 4033310000, "sellingAndMarketingExpenses": 3100000000, "sellingGeneralAndAdministrativeExpenses": 7133310000, "otherExpenses": 7919507000, "operatingExpenses": 7919507000, "costAndExpenses": 49860601000, "interestIncome": 880137000, "interestExpense": 880137000, "depreciationAndAmortization": 879445000, "ebitda": 2316687000, "ebitdaratio": 0.0451614895, "operatingIncome": 1437242000, "operatingIncomeRatio": 0.0280175913, "totalOtherIncomeExpensesNet": -852514000, "incomeBeforeTax": 584728000, "incomeBeforeTaxRatio": 0.0113986859, "incomeTaxExpense": 60519000, "netIncome": 524209000, "netIncomeRatio": 0.0102189287, "eps": 1.03, "epsdiluted": 1.02, "weightedAverageShsOut": 510696398, "weightedAverageShsOutDil": 513555087, "link": "https://www.sec.gov/Archives/edgar/data/96021/000009602121000093/0000096021-21-000093-index.htm", "finalLink": "https://www.sec.gov/Archives/edgar/data/96021/000009602121000093/syy-20210703.htm", "calculatedOtherExpenses": 786197000, "calculatedOperatingExpenses": 7919507000, "calculatedNetInterest": 0, "calculatedOtherIncome": -852514000, "calculatedIncomeNonControlling": 0, "calculatedEbitda": 2316687000}, {"date": "2020-06-27", "symbol": "SYY", "reportedCurrency": "USD", "cik": "0000096021", "fillingDate": "2020-08-26", "acceptedDate": "2020-08-25 17:50:56", "calendarYear": "2020", "period": "FY", "revenue": 52893310000, "costOfRevenue": 42991646000, "grossProfit": 9901664000, "grossProfitRatio": 0.1872006876, "researchAndDevelopmentExpenses": 0, "generalAndAdministrativeExpenses": 4677992000, "sellingAndMarketingExpenses": 3000000000, "sellingGeneralAndAdministrativeExpenses": 7677992000, "otherExpenses": 9152159000, "operatingExpenses": 9152159000, "costAndExpenses": 52143805000, "interestIncome": 408220000, "interestExpense": 408220000, "depreciationAndAmortization": 866240000, "ebitda": 1615745000, "ebitdaratio": 0.0305472469, "operatingIncome": 749505000, "operatingIncomeRatio": 0.0141701285, "totalOtherIncomeExpensesNet": -456121000, "incomeBeforeTax": 293384000, "incomeBeforeTaxRatio": 0.0055467128, "incomeTaxExpense": 77909000, "netIncome": 215475000, "netIncomeRatio": 0.0040737666, "eps": 0.42, "epsdiluted": 0.42, "weightedAverageShsOut": 510121071, "weightedAverageShsOutDil": 514025974, "link": "https://www.sec.gov/Archives/edgar/data/96021/000009602120000100/0000096021-20-000100-index.htm", "finalLink": "https://www.sec.gov/Archives/edgar/data/96021/000009602120000100/syy-20200627.htm", "calculatedOtherExpenses": 1474167000, "calculatedOperatingExpenses": 9152159000, "calculatedNetInterest": 0, "calculatedOtherIncome": -456121000, "calculatedIncomeNonControlling": 0, "calculatedEbitda": 1615745000}, {"date": "2019-06-29", "symbol": "SYY", "reportedCurrency": "USD", "cik": "0000096021", "fillingDate": "2019-08-26", "acceptedDate": "2019-08-23 18:05:47", "calendarYear": "2019", "period": "FY", "revenue": 60113922000, "costOfRevenue": 48704935000, "grossProfit": 11408987000, "grossProfitRatio": 0.1897894301, "researchAndDevelopmentExpenses": 0, "generalAndAdministrativeExpenses": 4759316999, "sellingAndMarketingExpenses": 3500000000, "sellingGeneralAndAdministrativeExpenses": 8259316999, "otherExpenses": 9078837000, "operatingExpenses": 9078837000, "costAndExpenses": 57783772000, "interestIncome": 360423000, "interestExpense": 360423000, "depreciationAndAmortization": 800044000, "ebitda": 3130194000, "ebitdaratio": 0.0520710327, "operatingIncome": 2330150000, "operatingIncomeRatio": 0.0387622355, "totalOtherIncomeExpensesNet": -324314000, "incomeBeforeTax": 2005836000, "incomeBeforeTaxRatio": 0.0333672456, "incomeTaxExpense": 331565000, "netIncome": 1674271000, "netIncomeRatio": 0.0278516348, "eps": 3.24, "epsdiluted": 3.2, "weightedAverageShsOut": 516890581, "weightedAverageShsOutDil": 523381124, "link": "https://www.sec.gov/Archives/edgar/data/96021/000009602119000093/0000096021-19-000093-index.htm", "finalLink": "https://www.sec.gov/Archives/edgar/data/96021/000009602119000093/syy2019q410-k.htm", "calculatedOtherExpenses": 819520001, "calculatedOperatingExpenses": 9078837000, "calculatedNetInterest": 0, "calculatedOtherIncome": -324314000, "calculatedIncomeNonControlling": 0, "calculatedEbitda": 3130194000}, {"date": "2018-06-30", "symbol": "SYY", "reportedCurrency": "USD", "cik": "0000096021", "fillingDate": "2018-08-27", "acceptedDate": "2018-08-24 17:41:35", "calendarYear": "2018", "period": "FY", "revenue": 58727324000, "costOfRevenue": 47641933000, "grossProfit": 11085391000, "grossProfitRatio": 0.1887603631, "researchAndDevelopmentExpenses": 0, "generalAndAdministrativeExpenses": 4479518000, "sellingAndMarketingExpenses": 3600000000, "sellingGeneralAndAdministrativeExpenses": 8079518000, "otherExpenses": 22733000, "operatingExpenses": 8756417000, "costAndExpenses": 56398350000, "interestIncome": 0, "interestExpense": 395483000, "depreciationAndAmortization": 765498000, "ebitda": 3117205000, "ebitdaratio": 0.0530792958, "operatingIncome": 2328974000, "operatingIncomeRatio": 0.0396574174, "totalOtherIncomeExpensesNet": 22733000, "incomeBeforeTax": 1956224000, "incomeBeforeTaxRatio": 0.0333102867, "incomeTaxExpense": 525458000, "netIncome": 1430766000, "netIncomeRatio": 0.0243628673, "eps": 2.74, "epsdiluted": 2.7, "weightedAverageShsOut": 522926914, "weightedAverageShsOutDil": 529089854, "link": "https://www.sec.gov/Archives/edgar/data/96021/000009602118000126/0000096021-18-000126-index.htm", "finalLink": "https://www.sec.gov/Archives/edgar/data/96021/000009602118000126/syy2018q410-k.htm", "calculatedOtherExpenses": 676899000, "calculatedOperatingExpenses": 8756417000, "calculatedNetInterest": -395483000, "calculatedOtherIncome": 22733000, "calculatedIncomeNonControlling": 0, "calculatedEbitda": 3094472000}, {"date": "2017-07-01", "symbol": "SYY", "reportedCurrency": "USD", "cik": "0000096021", "fillingDate": "2017-08-30", "acceptedDate": "2017-08-29 20:45:41", "calendarYear": "2017", "period": "FY", "revenue": 55371139000, "costOfRevenue": 44813632000, "grossProfit": 10557507000, "grossProfitRatio": 0.1906680482, "researchAndDevelopmentExpenses": 0, "generalAndAdministrativeExpenses": 4179736000, "sellingAndMarketingExpenses": 3400000000, "sellingGeneralAndAdministrativeExpenses": 7579736000, "otherExpenses": 15937000, "operatingExpenses": 8504336000, "costAndExpenses": 53317968000, "interestIncome": 0, "interestExpense": 302878000, "depreciationAndAmortization": 901992000, "ebitda": 2971100000, "ebitdaratio": 0.0536579173, "operatingIncome": 2053171000, "operatingIncomeRatio": 0.0370801655, "totalOtherIncomeExpensesNet": 15937000, "incomeBeforeTax": 1766230000, "incomeBeforeTaxRatio": 0.0318980254, "incomeTaxExpense": 623727000, "netIncome": 1142503000, "netIncomeRatio": 0.020633547, "eps": 2.1, "epsdiluted": 2.08, "weightedAverageShsOut": 543496816, "weightedAverageShsOutDil": 548545027, "link": "https://www.sec.gov/Archives/edgar/data/96021/000009602117000120/0000096021-17-000120-index.htm", "finalLink": "https://www.sec.gov/Archives/edgar/data/96021/000009602117000120/syy201710-k.htm", "calculatedOtherExpenses": 924600000, "calculatedOperatingExpenses": 8504336000, "calculatedNetInterest": -302878000, "calculatedOtherIncome": 15937000, "calculatedIncomeNonControlling": 0, "calculatedEbitda": 2955163000}, {"date": "2016-07-02", "symbol": "SYY", "reportedCurrency": "USD", "cik": "0000096021", "fillingDate": "2016-08-30", "acceptedDate": "2016-08-29 19:02:33", "calendarYear": "2016", "period": "FY", "revenue": 50366919000, "costOfRevenue": 41326447000, "grossProfit": 9040472000, "grossProfitRatio": 0.1794922576, "researchAndDevelopmentExpenses": 0, "generalAndAdministrativeExpenses": 3822572000, "sellingAndMarketingExpenses": 2600000000, "sellingGeneralAndAdministrativeExpenses": 6422572000, "otherExpenses": -111347000, "operatingExpenses": 7189972000, "costAndExpenses": 48516419000, "interestIncome": 0, "interestExpense": 306146000, "depreciationAndAmortization": 662710000, "ebitda": 2401863000, "ebitdaratio": 0.0476873124, "operatingIncome": 1850500000, "operatingIncomeRatio": 0.0367403851, "totalOtherIncomeExpensesNet": -111347000, "incomeBeforeTax": 1433007000, "incomeBeforeTaxRatio": 0.0284513532, "incomeTaxExpense": 483385000, "netIncome": 949622000, "netIncomeRatio": 0.0188540816, "eps": 1.66, "epsdiluted": 1.64, "weightedAverageShsOut": 573057406, "weightedAverageShsOutDil": 577391406, "link": "https://www.sec.gov/Archives/edgar/data/96021/000009602116000275/0000096021-16-000275-index.htm", "finalLink": "https://www.sec.gov/Archives/edgar/data/96021/000009602116000275/syy201610-k.htm", "calculatedOtherExpenses": 767400000, "calculatedOperatingExpenses": 7189972000, "calculatedNetInterest": -306146000, "calculatedOtherIncome": -111347000, "calculatedIncomeNonControlling": 0, "calculatedEbitda": 2513210000}, {"date": "2015-06-27", "symbol": "SYY", "reportedCurrency": "USD", "cik": "0000096021", "fillingDate": "2015-08-25", "acceptedDate": "2015-08-24 18:06:29", "calendarYear": "2015", "period": "FY", "revenue": 48680752000, "costOfRevenue": 40129236000, "grossProfit": 8551516000, "grossProfitRatio": 0.1756652403, "researchAndDevelopmentExpenses": 0, "generalAndAdministrativeExpenses": 4159686000, "sellingAndMarketingExpenses": 2600000000, "sellingGeneralAndAdministrativeExpenses": 6759686000, "otherExpenses": 33592000, "operatingExpenses": 7322154000, "costAndExpenses": 47451390000, "interestIncome": 0, "interestExpense": 254807000, "depreciationAndAmortization": 553021000, "ebitda": 1815975000, "ebitdaratio": 0.0373037582, "operatingIncome": 1229362000, "operatingIncomeRatio": 0.025253554, "totalOtherIncomeExpensesNet": 33592000, "incomeBeforeTax": 1008147000, "incomeBeforeTaxRatio": 0.0207093555, "incomeTaxExpense": 321374000, "netIncome": 686773000, "netIncomeRatio": 0.0141076909, "eps": 1.16, "epsdiluted": 1.15, "weightedAverageShsOut": 592072308, "weightedAverageShsOutDil": 596849034, "link": "https://www.sec.gov/Archives/edgar/data/96021/000009602115000057/0000096021-15-000057-index.htm", "finalLink": "https://www.sec.gov/Archives/edgar/data/96021/000009602115000057/syy201510-k.htm", "calculatedOtherExpenses": 562468000, "calculatedOperatingExpenses": 7322154000, "calculatedNetInterest": -254807000, "calculatedOtherIncome": 33592000, "calculatedIncomeNonControlling": 0, "calculatedEbitda": 1782383000}, {"date": "2014-06-28", "symbol": "SYY", "reportedCurrency": "USD", "cik": "0000096021", "fillingDate": "2014-08-26", "acceptedDate": "2014-08-25 17:58:41", "calendarYear": "2014", "period": "FY", "revenue": 46516712000, "costOfRevenue": 38335677000, "grossProfit": 8181035000, "grossProfitRatio": 0.1758730282, "researchAndDevelopmentExpenses": 0, "generalAndAdministrativeExpenses": 3847405000, "sellingAndMarketingExpenses": 2600000000, "sellingGeneralAndAdministrativeExpenses": 6447405000, "otherExpenses": 12243000, "operatingExpenses": 6593913000, "costAndExpenses": 44929590000, "interestIncome": 0, "interestExpense": 123741000, "depreciationAndAmortization": 556062000, "ebitda": 2155427000, "ebitdaratio": 0.0463366155, "operatingIncome": 1587122000, "operatingIncomeRatio": 0.0341193935, "totalOtherIncomeExpensesNet": 12243000, "incomeBeforeTax": 1475624000, "incomeBeforeTaxRatio": 0.0317224485, "incomeTaxExpense": 544091000, "netIncome": 931533000, "netIncomeRatio": 0.0200257705, "eps": 1.59, "epsdiluted": 1.58, "weightedAverageShsOut": 585988084, "weightedAverageShsOutDil": 590216220, "link": "https://www.sec.gov/Archives/edgar/data/96021/000009602114000040/0000096021-14-000040-index.htm", "finalLink": "https://www.sec.gov/Archives/edgar/data/96021/000009602114000040/syy-20140628x10k.htm", "calculatedOtherExpenses": 146508000, "calculatedOperatingExpenses": 6593913000, "calculatedNetInterest": -123741000, "calculatedOtherIncome": 12243000, "calculatedIncomeNonControlling": 0, "calculatedEbitda": 2143184000}, {"date": "2013-06-29", "symbol": "SYY", "reportedCurrency": "USD", "cik": "0000096021", "fillingDate": "2013-08-27", "acceptedDate": "2013-08-26 17:57:33", "calendarYear": "2013", "period": "FY", "revenue": 44411233000, "costOfRevenue": 36543642000, "grossProfit": 7867591000, "grossProfitRatio": 0.1771531765, "researchAndDevelopmentExpenses": 0, "generalAndAdministrativeExpenses": 3412914000, "sellingAndMarketingExpenses": 2500000000, "sellingGeneralAndAdministrativeExpenses": 5912914000, "otherExpenses": 17472000, "operatingExpenses": 6209113000, "costAndExpenses": 42752755000, "interestIncome": 0, "interestExpense": 128495000, "depreciationAndAmortization": 512548000, "ebitda": 2188498000, "ebitdaratio": 0.0492780284, "operatingIncome": 1658478000, "operatingIncomeRatio": 0.0373436603, "totalOtherIncomeExpensesNet": 17472000, "incomeBeforeTax": 1547455000, "incomeBeforeTaxRatio": 0.0348437748, "incomeTaxExpense": 555028000, "netIncome": 992427000, "netIncomeRatio": 0.0223463059, "eps": 1.68, "epsdiluted": 1.67, "weightedAverageShsOut": 589397807, "weightedAverageShsOutDil": 592675110, "link": "https://www.sec.gov/Archives/edgar/data/96021/000009602113000073/0000096021-13-000073-index.htm", "finalLink": "https://www.sec.gov/Archives/edgar/data/96021/000009602113000073/syy-20130629x10k.htm", "calculatedOtherExpenses": 296199000, "calculatedOperatingExpenses": 6209113000, "calculatedNetInterest": -128495000, "calculatedOtherIncome": 17472000, "calculatedIncomeNonControlling": 0, "calculatedEbitda": 2171026000}, {"date": "2012-06-30", "symbol": "SYY", "reportedCurrency": "USD", "cik": "0000096021", "fillingDate": "2012-08-28", "acceptedDate": "2012-08-27 18:21:50", "calendarYear": "2012", "period": "FY", "revenue": 42380939000, "costOfRevenue": 34704362000, "grossProfit": 7676577000, "grossProfitRatio": 0.1811327729, "researchAndDevelopmentExpenses": 0, "generalAndAdministrativeExpenses": 0, "sellingAndMarketingExpenses": 0, "sellingGeneralAndAdministrativeExpenses": 0, "otherExpenses": 6766000, "operatingExpenses": 5785945000, "costAndExpenses": 40490307000, "interestIncome": 0, "interestExpense": 113396000, "depreciationAndAmortization": 416943000, "ebitda": 2314341000, "ebitdaratio": 0.0546080633, "operatingIncome": 1890632000, "operatingIncomeRatio": 0.0446104321, "totalOtherIncomeExpensesNet": 6766000, "incomeBeforeTax": 1784002000, "incomeBeforeTaxRatio": 0.0420944425, "incomeTaxExpense": 662417000, "netIncome": 1121585000, "netIncomeRatio": 0.0264643735, "eps": 1.91, "epsdiluted": 1.9, "weightedAverageShsOut": 587726343, "weightedAverageShsOutDil": 588991441, "link": "https://www.sec.gov/Archives/edgar/data/96021/000009602112000062/0000096021-12-000062-index.htm", "finalLink": "https://www.sec.gov/Archives/edgar/data/96021/000009602112000062/syy-20120630x10k.htm", "calculatedOtherExpenses": 5785945000, "calculatedOperatingExpenses": 5785945000, "calculatedNetInterest": -113396000, "calculatedOtherIncome": 6766000, "calculatedIncomeNonControlling": 0, "calculatedEbitda": 2307575000}, {"date": "2011-07-02", "symbol": "SYY", "reportedCurrency": "USD", "cik": "0000096021", "fillingDate": "2011-08-30", "acceptedDate": "2011-08-30 08:01:45", "calendarYear": "2011", "period": "FY", "revenue": 39323489000, "costOfRevenue": 32002341000, "grossProfit": 7321148000, "grossProfitRatio": 0.1861774778, "researchAndDevelopmentExpenses": 0, "generalAndAdministrativeExpenses": 0, "sellingAndMarketingExpenses": 0, "sellingGeneralAndAdministrativeExpenses": 5389646000, "otherExpenses": 0, "operatingExpenses": 5389646000, "costAndExpenses": 37391987000, "interestIncome": 0, "interestExpense": 118267000, "depreciationAndAmortization": 402588000, "ebitda": 2334090000, "ebitdaratio": 0.0593561268, "operatingIncome": 1931502000, "operatingIncomeRatio": 0.0491182764, "totalOtherIncomeExpensesNet": 14219000, "incomeBeforeTax": 1827454000, "incomeBeforeTaxRatio": 0.046472326, "incomeTaxExpense": 675424000, "netIncome": 1152030000, "netIncomeRatio": 0.0292962306, "eps": 1.96, "epsdiluted": 1.96, "weightedAverageShsOut": 586526142, "weightedAverageShsOutDil": 588691546, "link": "https://www.sec.gov/Archives/edgar/data/96021/000095012311081150/0000950123-11-081150-index.htm", "finalLink": "https://www.sec.gov/Archives/edgar/data/96021/000095012311081150/h84293e10vk.htm", "calculatedOtherExpenses": 0, "calculatedOperatingExpenses": 5389646000, "calculatedNetInterest": -118267000, "calculatedOtherIncome": 14219000, "calculatedIncomeNonControlling": 0, "calculatedEbitda": 2334090000}, {"date": "2010-07-03", "symbol": "SYY", "reportedCurrency": "USD", "cik": "0000096021", "fillingDate": "2010-08-31", "acceptedDate": "2010-08-31 08:01:43", "calendarYear": "2010", "period": "FY", "revenue": 37243495000, "costOfRevenue": 30136009000, "grossProfit": 7107486000, "grossProfitRatio": 0.1908383196, "researchAndDevelopmentExpenses": 0, "generalAndAdministrativeExpenses": 0, "sellingAndMarketingExpenses": 0, "sellingGeneralAndAdministrativeExpenses": 0, "otherExpenses": 5131618000, "operatingExpenses": 5131618000, "costAndExpenses": 35267627000, "interestIncome": 0, "interestExpense": 125477000, "depreciationAndAmortization": 389976000, "ebitda": 2365844000, "ebitdaratio": 0.0635236838, "operatingIncome": 1975868000, "operatingIncomeRatio": 0.0530527009, "totalOtherIncomeExpensesNet": -802000, "incomeBeforeTax": 1849589000, "incomeBeforeTaxRatio": 0.0496620685, "incomeTaxExpense": 669606000, "netIncome": 1179983000, "netIncomeRatio": 0.0316829288, "eps": 1.99, "epsdiluted": 1.99, "weightedAverageShsOut": 592157221, "weightedAverageShsOutDil": 593590042, "link": "https://www.sec.gov/Archives/edgar/data/96021/000095012310082514/0000950123-10-082514-index.htm", "finalLink": "https://www.sec.gov/Archives/edgar/data/96021/000095012310082514/h75463e10vk.htm", "calculatedOtherExpenses": 5131618000, "calculatedOperatingExpenses": 5131618000, "calculatedNetInterest": -125477000, "calculatedOtherIncome": -802000, "calculatedIncomeNonControlling": 0, "calculatedEbitda": 2365844000}, {"date": "2009-06-27", "symbol": "SYY", "reportedCurrency": "USD", "cik": "0000096021", "fillingDate": "2009-08-25", "acceptedDate": "2009-08-25 08:00:48", "calendarYear": "2009", "period": "FY", "revenue": 36853330000, "costOfRevenue": 29816999000, "grossProfit": 7036331000, "grossProfitRatio": 0.1909279568, "researchAndDevelopmentExpenses": 0, "generalAndAdministrativeExpenses": 0, "sellingAndMarketingExpenses": 0, "sellingGeneralAndAdministrativeExpenses": 0, "otherExpenses": 5164120000, "operatingExpenses": 5164120000, "costAndExpenses": 34981119000, "interestIncome": 0, "interestExpense": 116322000, "depreciationAndAmortization": 382339000, "ebitda": 2254550000, "ebitdaratio": 0.0611762899, "operatingIncome": 1872211000, "operatingIncomeRatio": 0.0508016779, "totalOtherIncomeExpensesNet": 14945000, "incomeBeforeTax": 1770834000, "incomeBeforeTaxRatio": 0.0480508546, "incomeTaxExpense": 714886000, "netIncome": 1055948000, "netIncomeRatio": 0.0286527161, "eps": 1.77, "epsdiluted": 1.77, "weightedAverageShsOut": 595127577, "weightedAverageShsOutDil": 596069204, "link": "https://www.sec.gov/Archives/edgar/data/96021/000095012309037707/0000950123-09-037707-index.htm", "finalLink": "https://www.sec.gov/Archives/edgar/data/96021/000095012309037707/h67823e10vk.htm", "calculatedOtherExpenses": 5164120000, "calculatedOperatingExpenses": 5164120000, "calculatedNetInterest": -116322000, "calculatedOtherIncome": 14945000, "calculatedIncomeNonControlling": 0, "calculatedEbitda": 2254550000}, {"date": "2008-06-28", "symbol": "SYY", "reportedCurrency": "USD", "cik": "0000096021", "fillingDate": "2008-08-26", "acceptedDate": "2008-08-26 16:07:45", "calendarYear": "2008", "period": "FY", "revenue": 37522111000, "costOfRevenue": 30327254000, "grossProfit": 7194857000, "grossProfitRatio": 0.1917497925, "researchAndDevelopmentExpenses": 0, "generalAndAdministrativeExpenses": 0, "sellingAndMarketingExpenses": 0, "sellingGeneralAndAdministrativeExpenses": 5314908000, "otherExpenses": 5314908000, "operatingExpenses": 5314908000, "costAndExpenses": 35642162000, "interestIncome": 0, "interestExpense": 111541000, "depreciationAndAmortization": 372529000, "ebitda": 2229548000, "ebitdaratio": 0.059419578, "operatingIncome": 1879949000, "operatingIncomeRatio": 0.0501024316, "totalOtherIncomeExpensesNet": 22930000, "incomeBeforeTax": 1791338000, "incomeBeforeTaxRatio": 0.047740864, "incomeTaxExpense": 685187000, "netIncome": 1106151000, "netIncomeRatio": 0.0294799778, "eps": 1.83, "epsdiluted": 1.81, "weightedAverageShsOut": 605905545, "weightedAverageShsOutDil": 610970783, "link": "https://www.sec.gov/Archives/edgar/data/96021/000095012908004642/0000950129-08-004642-index.htm", "finalLink": "https://www.sec.gov/Archives/edgar/data/96021/000095012908004642/h59840e10vk.htm", "calculatedOtherExpenses": 0, "calculatedOperatingExpenses": 5314908000, "calculatedNetInterest": -111541000, "calculatedOtherIncome": 22930000, "calculatedIncomeNonControlling": 0, "calculatedEbitda": 2252478000}, {"date": "2007-06-30", "symbol": "SYY", "reportedCurrency": "USD", "cik": "0000096021", "fillingDate": "2007-08-28", "acceptedDate": "2007-08-28 14:58:25", "calendarYear": "2007", "period": "FY", "revenue": 35042075000, "costOfRevenue": 28284603000, "grossProfit": 6757472000, "grossProfitRatio": 0.1928388088, "researchAndDevelopmentExpenses": 0, "generalAndAdministrativeExpenses": 0, "sellingAndMarketingExpenses": 0, "sellingGeneralAndAdministrativeExpenses": 5048990000, "otherExpenses": 5048990000, "operatingExpenses": 5048990000, "costAndExpenses": 33333593000, "interestIncome": 0, "interestExpense": 105002000, "depreciationAndAmortization": 362559000, "ebitda": 2053306000, "ebitdaratio": 0.0585954456, "operatingIncome": 1708482000, "operatingIncomeRatio": 0.0487551608, "totalOtherIncomeExpensesNet": 17735000, "incomeBeforeTax": 1621215000, "incomeBeforeTaxRatio": 0.0462648117, "incomeTaxExpense": 620139000, "netIncome": 1001076000, "netIncomeRatio": 0.0285678288, "eps": 1.62, "epsdiluted": 1.6, "weightedAverageShsOut": 617948148, "weightedAverageShsOutDil": 625672500, "link": "https://www.sec.gov/Archives/edgar/data/96021/000095012907004350/0000950129-07-004350-index.htm", "finalLink": "https://www.sec.gov/Archives/edgar/data/96021/000095012907004350/h49077e10vk.htm", "calculatedOtherExpenses": 0, "calculatedOperatingExpenses": 5048990000, "calculatedNetInterest": -105002000, "calculatedOtherIncome": 17735000, "calculatedIncomeNonControlling": 0, "calculatedEbitda": 2071041000}, {"date": "2006-07-01", "symbol": "SYY", "reportedCurrency": "USD", "cik": "0000096021", "fillingDate": "2006-09-14", "acceptedDate": "2006-09-14 14:17:00", "calendarYear": "2006", "period": "FY", "revenue": 32628438000, "costOfRevenue": 26337107000, "grossProfit": 6291331000, "grossProfitRatio": 0.1928174128, "researchAndDevelopmentExpenses": 0, "generalAndAdministrativeExpenses": 0, "sellingAndMarketingExpenses": 0, "sellingGeneralAndAdministrativeExpenses": 4796301000, "otherExpenses": 0, "operatingExpenses": 4796301000, "costAndExpenses": 31133408000, "interestIncome": 0, "interestExpense": 0, "depreciationAndAmortization": 345062000, "ebitda": 1831076000, "ebitdaratio": 0.0561190211, "operatingIncome": 1495030000, "operatingIncomeRatio": 0.0458198459, "totalOtherIncomeExpensesNet": 9016000, "incomeBeforeTax": 1394946000, "incomeBeforeTaxRatio": 0.0427524603, "incomeTaxExpense": 548906000, "netIncome": 855325000, "netIncomeRatio": 0.0262140958, "eps": 1.38, "epsdiluted": 1.36, "weightedAverageShsOut": 619800725, "weightedAverageShsOutDil": 628915441, "link": "https://www.sec.gov/Archives/edgar/data/96021/000095012906008456/0000950129-06-008456-index.htm", "finalLink": "https://www.sec.gov/Archives/edgar/data/96021/000095012906008456/h39408e10vk.htm", "calculatedOtherExpenses": 0, "calculatedOperatingExpenses": 4796301000, "calculatedNetInterest": 0, "calculatedOtherIncome": -100084000, "calculatedIncomeNonControlling": -9285000, "calculatedEbitda": 1840092000}, {"date": "2005-07-02", "symbol": "SYY", "reportedCurrency": "USD", "cik": "0000096021", "fillingDate": "2005-09-15", "acceptedDate": "2005-09-15 15:55:26", "calendarYear": "2005", "period": "FY", "revenue": 30281914000, "costOfRevenue": 24498200000, "grossProfit": 5783714000, "grossProfitRatio": 0.190995655, "researchAndDevelopmentExpenses": 0, "generalAndAdministrativeExpenses": 0, "sellingAndMarketingExpenses": 0, "sellingGeneralAndAdministrativeExpenses": 4194184000, "otherExpenses": 0, "operatingExpenses": 4194184000, "costAndExpenses": 28692384000, "interestIncome": 0, "interestExpense": 0, "depreciationAndAmortization": 316743000, "ebitda": 1895367000, "ebitdaratio": 0.0625907266, "operatingIncome": 1589530000, "operatingIncomeRatio": 0.0524910678, "totalOtherIncomeExpensesNet": 10906000, "incomeBeforeTax": 1525436000, "incomeBeforeTaxRatio": 0.0503744909, "incomeTaxExpense": 563979000, "netIncome": 961457000, "netIncomeRatio": 0.0317502057, "eps": 1.51, "epsdiluted": 1.47, "weightedAverageShsOut": 636726490, "weightedAverageShsOutDil": 654052381, "link": "https://www.sec.gov/Archives/edgar/data/96021/000095012905009240/0000950129-05-009240-index.htm", "finalLink": "https://www.sec.gov/Archives/edgar/data/96021/000095012905009240/h28764e10vk.htm", "calculatedOtherExpenses": 0, "calculatedOperatingExpenses": 4194184000, "calculatedNetInterest": 0, "calculatedOtherIncome": -64094000, "calculatedIncomeNonControlling": 0, "calculatedEbitda": 1906273000}, {"date": "2004-07-03", "symbol": "SYY", "reportedCurrency": "USD", "cik": "0000096021", "fillingDate": "2004-09-16", "acceptedDate": "2004-09-16 10:09:30", "calendarYear": "2004", "period": "FY", "revenue": 29335403000, "costOfRevenue": 23661514000, "grossProfit": 5673889000, "grossProfitRatio": 0.1934143874, "researchAndDevelopmentExpenses": 0, "generalAndAdministrativeExpenses": 0, "sellingAndMarketingExpenses": 0, "sellingGeneralAndAdministrativeExpenses": 4141230000, "otherExpenses": 0, "operatingExpenses": 4141230000, "costAndExpenses": 27802744000, "interestIncome": 0, "interestExpense": 0, "depreciationAndAmortization": 283595000, "ebitda": 1803889000, "ebitdaratio": 0.0614918772, "operatingIncome": 1532659000, "operatingIncomeRatio": 0.0522460523, "totalOtherIncomeExpensesNet": 12365000, "incomeBeforeTax": 1475144000, "incomeBeforeTaxRatio": 0.050285452, "incomeTaxExpense": 567930000, "netIncome": 907214000, "netIncomeRatio": 0.030925568, "eps": 1.41, "epsdiluted": 1.37, "weightedAverageShsOut": 643414184, "weightedAverageShsOutDil": 662200000, "link": "https://www.sec.gov/Archives/edgar/data/96021/000095012904007097/0000950129-04-007097-index.htm", "finalLink": "https://www.sec.gov/Archives/edgar/data/96021/000095012904007097/h18314e10vk.txt", "calculatedOtherExpenses": 0, "calculatedOperatingExpenses": 4141230000, "calculatedNetInterest": 0, "calculatedOtherIncome": -57515000, "calculatedIncomeNonControlling": 0, "calculatedEbitda": 1816254000}, {"date": "2003-06-28", "symbol": "SYY", "reportedCurrency": "USD", "cik": "0000096021", "fillingDate": "2003-09-26", "acceptedDate": "2003-09-26 12:48:46", "calendarYear": "2003", "period": "FY", "revenue": 26140337000, "costOfRevenue": 20979556000, "grossProfit": 5160781000, "grossProfitRatio": 0.1974259551, "researchAndDevelopmentExpenses": 0, "generalAndAdministrativeExpenses": 0, "sellingAndMarketingExpenses": 0, "sellingGeneralAndAdministrativeExpenses": 3836507000, "otherExpenses": 0, "operatingExpenses": 3836507000, "costAndExpenses": 24816063000, "interestIncome": 0, "interestExpense": 0, "depreciationAndAmortization": 273142000, "ebitda": 1589069000, "ebitdaratio": 0.0607899202, "operatingIncome": 1324274000, "operatingIncomeRatio": 0.0506601732, "totalOtherIncomeExpensesNet": 8347000, "incomeBeforeTax": 1260387000, "incomeBeforeTaxRatio": 0.0482161726, "incomeTaxExpense": 482099000, "netIncome": 778288000, "netIncomeRatio": 0.0297734494, "eps": 1.2, "epsdiluted": 1.18, "weightedAverageShsOut": 648573333, "weightedAverageShsOutDil": 659566102, "link": "https://www.sec.gov/Archives/edgar/data/96021/000095012903004791/0000950129-03-004791-index.htm", "finalLink": "https://www.sec.gov/Archives/edgar/data/96021/000095012903004791/h09159e10vk.txt", "calculatedOtherExpenses": 0, "calculatedOperatingExpenses": 3836507000, "calculatedNetInterest": 0, "calculatedOtherIncome": -63887000, "calculatedIncomeNonControlling": 0, "calculatedEbitda": 1597416000}, {"date": "2002-06-29", "symbol": "SYY", "reportedCurrency": "USD", "cik": "0000096021", "fillingDate": "2002-09-25", "acceptedDate": "2002-09-25 13:32:39", "calendarYear": "2002", "period": "FY", "revenue": 23350504000, "costOfRevenue": 18722163000, "grossProfit": 4628341000, "grossProfitRatio": 0.1982116103, "researchAndDevelopmentExpenses": 0, "generalAndAdministrativeExpenses": 0, "sellingAndMarketingExpenses": 0, "sellingGeneralAndAdministrativeExpenses": 3467379000, "otherExpenses": 0, "operatingExpenses": 3467379000, "costAndExpenses": 22189542000, "interestIncome": 0, "interestExpense": 0, "depreciationAndAmortization": 278251000, "ebitda": 1436408000, "ebitdaratio": 0.0615150748, "operatingIncome": 1160962000, "operatingIncomeRatio": 0.0497189268, "totalOtherIncomeExpensesNet": 2805000, "incomeBeforeTax": 1100870000, "incomeBeforeTaxRatio": 0.0471454492, "incomeTaxExpense": 421083000, "netIncome": 679787000, "netIncomeRatio": 0.0291123052, "eps": 1.03, "epsdiluted": 1.01, "weightedAverageShsOut": 659987379, "weightedAverageShsOutDil": 673056436, "link": "https://www.sec.gov/Archives/edgar/data/96021/000095012902004714/0000950129-02-004714-index.htm", "finalLink": "https://www.sec.gov/Archives/edgar/data/96021/000095012902004714/h99830e10vk.txt", "calculatedOtherExpenses": 0, "calculatedOperatingExpenses": 3467379000, "calculatedNetInterest": 0, "calculatedOtherIncome": -60092000, "calculatedIncomeNonControlling": 0, "calculatedEbitda": 1439213000}, {"date": "2001-06-30", "symbol": "SYY", "reportedCurrency": "USD", "cik": "0000096021", "fillingDate": "2001-09-27", "acceptedDate": "2001-09-27 00:00:00", "calendarYear": "2001", "period": "FY", "revenue": 21784497000, "costOfRevenue": 17513138000, "grossProfit": 4271359000, "grossProfitRatio": 0.196073336, "researchAndDevelopmentExpenses": 0, "generalAndAdministrativeExpenses": 0, "sellingAndMarketingExpenses": 0, "sellingGeneralAndAdministrativeExpenses": 3232827000, "otherExpenses": -101000, "operatingExpenses": 3232827000, "costAndExpenses": 20745965000, "interestIncome": 0, "interestExpense": 71776000, "depreciationAndAmortization": 248240000, "ebitda": 1286671000, "ebitdaratio": 0.0590636084, "operatingIncome": 1038532000, "operatingIncomeRatio": 0.0476729851, "totalOtherIncomeExpensesNet": -101000, "incomeBeforeTax": 966655000, "incomeBeforeTaxRatio": 0.0443735286, "incomeTaxExpense": 369746000, "netIncome": 596909000, "netIncomeRatio": 0.0274006327, "eps": 0.9, "epsdiluted": 0.88, "weightedAverageShsOut": 665551228, "weightedAverageShsOutDil": 677949351, "link": "https://www.sec.gov/Archives/edgar/data/96021/000095012901503195/0000950129-01-503195-index.htm", "finalLink": "https://www.sec.gov/Archives/edgar/data/96021/000095012901503195/h90836e10-k.txt", "calculatedOtherExpenses": 0, "calculatedOperatingExpenses": 3232827000, "calculatedNetInterest": -71776000, "calculatedOtherIncome": -101000, "calculatedIncomeNonControlling": 0, "calculatedEbitda": 1286772000}, {"date": "2000-07-01", "symbol": "SYY", "reportedCurrency": "USD", "cik": "0000096021", "fillingDate": "2000-09-27", "acceptedDate": "2000-09-27 00:00:00", "calendarYear": "2000", "period": "FY", "revenue": 19303268000, "costOfRevenue": 15428890000, "grossProfit": 3874378000, "grossProfitRatio": 0.2007109884, "researchAndDevelopmentExpenses": 0, "generalAndAdministrativeExpenses": 0, "sellingAndMarketingExpenses": 0, "sellingGeneralAndAdministrativeExpenses": 2843755000, "otherExpenses": 220661000, "operatingExpenses": 3064416000, "costAndExpenses": 18493306000, "interestIncome": 0, "interestExpense": 0, "depreciationAndAmortization": 220661000, "ebitda": 1032145000, "ebitdaratio": 0.0534699617, "operatingIncome": 809962000, "operatingIncomeRatio": 0.0419598381, "totalOtherIncomeExpensesNet": -1522000, "incomeBeforeTax": 737608000, "incomeBeforeTaxRatio": 0.0382115609, "incomeTaxExpense": 283979000, "netIncome": 445588000, "netIncomeRatio": 0.0230835525, "eps": 0.68, "epsdiluted": 0.67, "weightedAverageShsOut": 659164948, "weightedAverageShsOutDil": 669555856, "link": "https://www.sec.gov/Archives/edgar/data/96021/000095012900004742/0000950129-00-004742-index.htm", "finalLink": "https://www.sec.gov/Archives/edgar/data/96021/000095012900004742/h80468e10-k.txt", "calculatedOtherExpenses": 220661000, "calculatedOperatingExpenses": 3064416000, "calculatedNetInterest": 0, "calculatedOtherIncome": -72354000, "calculatedIncomeNonControlling": 8041000, "calculatedEbitda": 1030623000}, {"date": "1999-07-03", "symbol": "SYY", "reportedCurrency": "USD", "cik": "0000096021", "fillingDate": "1999-09-24", "acceptedDate": "1999-09-24 00:00:00", "calendarYear": "1999", "period": "FY", "revenue": 17422800000, "costOfRevenue": 14002900000, "grossProfit": 3419900000, "grossProfitRatio": 0.196288771, "researchAndDevelopmentExpenses": 0, "generalAndAdministrativeExpenses": 0, "sellingAndMarketingExpenses": 0, "sellingGeneralAndAdministrativeExpenses": 2547300000, "otherExpenses": 205000000, "operatingExpenses": 2752300000, "costAndExpenses": 16755200000, "interestIncome": 0, "interestExpense": 0, "depreciationAndAmortization": 205000000, "ebitda": 873600000, "ebitdaratio": 0.0501411943, "operatingIncome": 667600000, "operatingIncomeRatio": 0.0383176068, "totalOtherIncomeExpensesNet": -1000000, "incomeBeforeTax": 593900000, "incomeBeforeTaxRatio": 0.0340875175, "incomeTaxExpense": 231600000, "netIncome": 362300000, "netIncomeRatio": 0.020794591, "eps": 0.54, "epsdiluted": 0.54, "weightedAverageShsOut": 665827092, "weightedAverageShsOutDil": 673593338, "link": "https://www.sec.gov/Archives/edgar/data/96021/000095012999004159/0000950129-99-004159-index.html", "finalLink": "https://www.sec.gov/Archives/edgar/data/96021/000095012999004159/", "calculatedOtherExpenses": 205000000, "calculatedOperatingExpenses": 2752300000, "calculatedNetInterest": 0, "calculatedOtherIncome": -73700000, "calculatedIncomeNonControlling": 0, "calculatedEbitda": 872600000}, {"date": "1998-06-27", "symbol": "SYY", "reportedCurrency": "USD", "cik": "0000096021", "fillingDate": "1998-09-24", "acceptedDate": "1998-09-24 00:00:00", "calendarYear": "1998", "period": "FY", "revenue": 15327500000, "costOfRevenue": 12318400000, "grossProfit": 3009100000, "grossProfitRatio": 0.1963203393, "researchAndDevelopmentExpenses": 0, "generalAndAdministrativeExpenses": 0, "sellingAndMarketingExpenses": 0, "sellingGeneralAndAdministrativeExpenses": 2236900000, "otherExpenses": 181200000, "operatingExpenses": 2418100000, "costAndExpenses": 14736500000, "interestIncome": 0, "interestExpense": 0, "depreciationAndAmortization": 181200000, "ebitda": 772300000, "ebitdaratio": 0.0503865601, "operatingIncome": 591000000, "operatingIncomeRatio": 0.0385581471, "totalOtherIncomeExpensesNet": -100000, "incomeBeforeTax": 532500000, "incomeBeforeTaxRatio": 0.0347414777, "incomeTaxExpense": 207700000, "netIncome": 296700000, "netIncomeRatio": 0.0193573642, "eps": 0.44, "epsdiluted": 0.43, "weightedAverageShsOut": 682068966, "weightedAverageShsOutDil": 690000000, "link": "https://www.sec.gov/Archives/edgar/data/96021/000095012998004031/0000950129-98-004031-index.html", "finalLink": "https://www.sec.gov/Archives/edgar/data/96021/", "calculatedOtherExpenses": 181200000, "calculatedOperatingExpenses": 2418100000, "calculatedNetInterest": 0, "calculatedOtherIncome": -58500000, "calculatedIncomeNonControlling": 28100000, "calculatedEbitda": 772200000}, {"date": "1997-06-28", "symbol": "SYY", "reportedCurrency": "USD", "cik": "0000096021", "fillingDate": "1997-09-25", "acceptedDate": "1997-09-25 00:00:00", "calendarYear": "1997", "period": "FY", "revenue": 14454600000, "costOfRevenue": 11675700000, "grossProfit": 2778900000, "grossProfitRatio": 0.1922502179, "researchAndDevelopmentExpenses": 0, "generalAndAdministrativeExpenses": 0, "sellingAndMarketingExpenses": 0, "sellingGeneralAndAdministrativeExpenses": 2076300000, "otherExpenses": 160300000, "operatingExpenses": 2236600000, "costAndExpenses": 13912300000, "interestIncome": 0, "interestExpense": 0, "depreciationAndAmortization": 160300000, "ebitda": 702400000, "ebitdaratio": 0.0485935273, "operatingIncome": 542300000, "operatingIncomeRatio": 0.0375174685, "totalOtherIncomeExpensesNet": 200000, "incomeBeforeTax": 495900000, "incomeBeforeTaxRatio": 0.0343074177, "incomeTaxExpense": 193400000, "netIncome": 302500000, "netIncomeRatio": 0.020927594, "eps": 0.43, "epsdiluted": 0.43, "weightedAverageShsOut": 703488372, "weightedAverageShsOutDil": 703488372, "link": "https://www.sec.gov/Archives/edgar/data/96021/000095012997003937/0000950129-97-003937-index.html", "finalLink": "https://www.sec.gov/Archives/edgar/data/96021/", "calculatedOtherExpenses": 160300000, "calculatedOperatingExpenses": 2236600000, "calculatedNetInterest": 0, "calculatedOtherIncome": -46400000, "calculatedIncomeNonControlling": 0, "calculatedEbitda": 702600000}, {"date": "1996-06-29", "symbol": "SYY", "reportedCurrency": "USD", "cik": "0000096021", "fillingDate": "1996-09-26", "acceptedDate": "1996-09-26 00:00:00", "calendarYear": "1996", "period": "FY", "revenue": 13395100000, "costOfRevenue": 10839100000, "grossProfit": 2556000000, "grossProfitRatio": 0.1908160447, "researchAndDevelopmentExpenses": 0, "generalAndAdministrativeExpenses": 0, "sellingAndMarketingExpenses": 0, "sellingGeneralAndAdministrativeExpenses": 1917400000, "otherExpenses": 144700000, "operatingExpenses": 2062100000, "costAndExpenses": 12901200000, "interestIncome": 0, "interestExpense": 0, "depreciationAndAmortization": 144700000, "ebitda": 637600000, "ebitdaratio": 0.0475994953, "operatingIncome": 493900000, "operatingIncomeRatio": 0.0368716919, "totalOtherIncomeExpensesNet": 1000000, "incomeBeforeTax": 453900000, "incomeBeforeTaxRatio": 0.0338855253, "incomeTaxExpense": 177000000, "netIncome": 276900000, "netIncomeRatio": 0.0206717382, "eps": 0.38, "epsdiluted": 0.38, "weightedAverageShsOut": 728684211, "weightedAverageShsOutDil": 728684211, "link": "https://www.sec.gov/Archives/edgar/data/96021/000095012996002272/0000950129-96-002272-index.html", "finalLink": "https://www.sec.gov/Archives/edgar/data/96021/", "calculatedOtherExpenses": 144700000, "calculatedOperatingExpenses": 2062100000, "calculatedNetInterest": 0, "calculatedOtherIncome": -40000000, "calculatedIncomeNonControlling": 0, "calculatedEbitda": 638600000}, {"date": "1995-07-01", "symbol": "SYY", "reportedCurrency": "USD", "cik": "0000096021", "fillingDate": "1995-09-27", "acceptedDate": "1995-09-27 00:00:00", "calendarYear": "1995", "period": "FY", "revenue": 12118000000, "costOfRevenue": 9796600000, "grossProfit": 2321400000, "grossProfitRatio": 0.1915662651, "researchAndDevelopmentExpenses": 0, "generalAndAdministrativeExpenses": 0, "sellingAndMarketingExpenses": 0, "sellingGeneralAndAdministrativeExpenses": 1736600000, "otherExpenses": 130800000, "operatingExpenses": 1867400000, "costAndExpenses": 11664000000, "interestIncome": 0, "interestExpense": 0, "depreciationAndAmortization": 130800000, "ebitda": 582600000, "ebitdaratio": 0.0480772405, "operatingIncome": 454000000, "operatingIncomeRatio": 0.0374649282, "totalOtherIncomeExpensesNet": 2200000, "incomeBeforeTax": 417600000, "incomeBeforeTaxRatio": 0.0344611322, "incomeTaxExpense": 165800000, "netIncome": 251800000, "netIncomeRatio": 0.0207790064, "eps": 0.35, "epsdiluted": 0.35, "weightedAverageShsOut": 729855072, "weightedAverageShsOutDil": 729855072, "link": "https://www.sec.gov/Archives/edgar/data/96021/000095012995001268/0000950129-95-001268-index.html", "finalLink": "https://www.sec.gov/Archives/edgar/data/96021/", "calculatedOtherExpenses": 130800000, "calculatedOperatingExpenses": 1867400000, "calculatedNetInterest": 0, "calculatedOtherIncome": -36400000, "calculatedIncomeNonControlling": 0, "calculatedEbitda": 584800000}, {"date": "1994-07-02", "symbol": "SYY", "reportedCurrency": "USD", "cik": "0000096021", "fillingDate": "1994-09-29", "acceptedDate": "1994-09-29 00:00:00", "calendarYear": "1994", "period": "FY", "revenue": 10942500000, "costOfRevenue": 8851600000, "grossProfit": 2090900000, "grossProfitRatio": 0.1910806488, "researchAndDevelopmentExpenses": 0, "generalAndAdministrativeExpenses": 0, "sellingAndMarketingExpenses": 0, "sellingGeneralAndAdministrativeExpenses": 1568800000, "otherExpenses": 120000000, "operatingExpenses": 1688800000, "costAndExpenses": 10540400000, "interestIncome": 0, "interestExpense": 0, "depreciationAndAmortization": 120000000, "ebitda": 520300000, "ebitdaratio": 0.0475485492, "operatingIncome": 402100000, "operatingIncomeRatio": 0.0367466301, "totalOtherIncomeExpensesNet": 1800000, "incomeBeforeTax": 367600000, "incomeBeforeTaxRatio": 0.0335937857, "incomeTaxExpense": 150800000, "netIncome": 216800000, "netIncomeRatio": 0.0198126571, "eps": 0.3, "epsdiluted": 0.3, "weightedAverageShsOut": 734915254, "weightedAverageShsOutDil": 734915254, "link": "https://www.sec.gov/Archives/edgar/data/96021/000095012994000711/0000950129-94-000711-index.html", "finalLink": "https://www.sec.gov/Archives/edgar/data/96021/", "calculatedOtherExpenses": 120000000, "calculatedOperatingExpenses": 1688800000, "calculatedNetInterest": 0, "calculatedOtherIncome": -34500000, "calculatedIncomeNonControlling": 0, "calculatedEbitda": 522100000}, {"date": "1993-06-30", "symbol": "SYY", "reportedCurrency": "USD", "cik": "0000096021", "fillingDate": "1993-06-30", "acceptedDate": "1993-06-29 20:00:00", "calendarYear": "1993", "period": "FY", "revenue": 10021500000, "costOfRevenue": 8117600000, "grossProfit": 1903900000, "grossProfitRatio": 0.1899815397, "researchAndDevelopmentExpenses": 0, "generalAndAdministrativeExpenses": 0, "sellingAndMarketingExpenses": 0, "sellingGeneralAndAdministrativeExpenses": 1427400000, "otherExpenses": 107700000, "operatingExpenses": 1535100000, "costAndExpenses": 9652700000, "interestIncome": 0, "interestExpense": 0, "depreciationAndAmortization": 107700000, "ebitda": 474400000, "ebitdaratio": 0.0473382228, "operatingIncome": 368800000, "operatingIncomeRatio": 0.0368008781, "totalOtherIncomeExpensesNet": 2100000, "incomeBeforeTax": 332000000, "incomeBeforeTaxRatio": 0.0331287731, "incomeTaxExpense": 130200000, "netIncome": 201800000, "netIncomeRatio": 0.0201367061, "eps": 0.27, "epsdiluted": 0.27, "weightedAverageShsOut": 747407407, "weightedAverageShsOutDil": 747407407, "link": "", "finalLink": "", "calculatedOtherExpenses": 107700000, "calculatedOperatingExpenses": 1535100000, "calculatedNetInterest": 0, "calculatedOtherIncome": -36800000, "calculatedIncomeNonControlling": 0, "calculatedEbitda": 476500000}, {"date": "1992-06-30", "symbol": "SYY", "reportedCurrency": "USD", "cik": "0000096021", "fillingDate": "1992-06-30", "acceptedDate": "1992-06-29 20:00:00", "calendarYear": "1992", "period": "FY", "revenue": 8892800000, "costOfRevenue": 7204400000, "grossProfit": 1688400000, "grossProfitRatio": 0.189861461, "researchAndDevelopmentExpenses": 0, "generalAndAdministrativeExpenses": 0, "sellingAndMarketingExpenses": 0, "sellingGeneralAndAdministrativeExpenses": 1270400000, "otherExpenses": 99500000, "operatingExpenses": 1369900000, "costAndExpenses": 8574300000, "interestIncome": 0, "interestExpense": 0, "depreciationAndAmortization": 99500000, "ebitda": 411600000, "ebitdaratio": 0.0462846348, "operatingIncome": 318500000, "operatingIncomeRatio": 0.0358154912, "totalOtherIncomeExpensesNet": 6400000, "incomeBeforeTax": 281600000, "incomeBeforeTaxRatio": 0.0316660669, "incomeTaxExpense": 109400000, "netIncome": 172200000, "netIncomeRatio": 0.0193639798, "eps": 0.24, "epsdiluted": 0.24, "weightedAverageShsOut": 717500000, "weightedAverageShsOutDil": 717500000, "link": "", "finalLink": "", "calculatedOtherExpenses": 99500000, "calculatedOperatingExpenses": 1369900000, "calculatedNetInterest": 0, "calculatedOtherIncome": -36900000, "calculatedIncomeNonControlling": 0, "calculatedEbitda": 418000000}, {"date": "1991-06-30", "symbol": "SYY", "reportedCurrency": "USD", "cik": "0000096021", "fillingDate": "1991-06-30", "acceptedDate": "1991-06-29 20:00:00", "calendarYear": "1991", "period": "FY", "revenue": 8149700000, "costOfRevenue": 6601600000, "grossProfit": 1548100000, "grossProfitRatio": 0.1899579126, "researchAndDevelopmentExpenses": 0, "generalAndAdministrativeExpenses": 0, "sellingAndMarketingExpenses": 0, "sellingGeneralAndAdministrativeExpenses": 1163500000, "otherExpenses": 92200000, "operatingExpenses": 1255700000, "costAndExpenses": 7857300000, "interestIncome": 0, "interestExpense": 0, "depreciationAndAmortization": 92200000, "ebitda": 377100000, "ebitdaratio": 0.0462716419, "operatingIncome": 292400000, "operatingIncomeRatio": 0.0358786213, "totalOtherIncomeExpensesNet": 7500000, "incomeBeforeTax": 250800000, "incomeBeforeTaxRatio": 0.0307741389, "incomeTaxExpense": 97000000, "netIncome": 153800000, "netIncomeRatio": 0.0188718603, "eps": 0.21, "epsdiluted": 0.21, "weightedAverageShsOut": 732380952, "weightedAverageShsOutDil": 732380952, "link": "", "finalLink": "", "calculatedOtherExpenses": 92200000, "calculatedOperatingExpenses": 1255700000, "calculatedNetInterest": 0, "calculatedOtherIncome": -41600000, "calculatedIncomeNonControlling": 0, "calculatedEbitda": 384600000}, {"date": "1990-06-30", "symbol": "SYY", "reportedCurrency": "USD", "cik": "0000096021", "fillingDate": "1990-06-30", "acceptedDate": "1990-06-29 20:00:00", "calendarYear": "1990", "period": "FY", "revenue": 7590600000, "costOfRevenue": 6162000000, "grossProfit": 1428600000, "grossProfitRatio": 0.1882064659, "researchAndDevelopmentExpenses": 0, "generalAndAdministrativeExpenses": 0, "sellingAndMarketingExpenses": 0, "sellingGeneralAndAdministrativeExpenses": 1078800000, "otherExpenses": 84400000, "operatingExpenses": 1163200000, "costAndExpenses": 7325200000, "interestIncome": 0, "interestExpense": 0, "depreciationAndAmortization": 84400000, "ebitda": 342600000, "ebitdaratio": 0.045134772, "operatingIncome": 265400000, "operatingIncomeRatio": 0.0349642979, "totalOtherIncomeExpensesNet": 7200000, "incomeBeforeTax": 216100000, "incomeBeforeTaxRatio": 0.0284694227, "incomeTaxExpense": 83600000, "netIncome": 132500000, "netIncomeRatio": 0.0174558006, "eps": 0.19, "epsdiluted": 0.19, "weightedAverageShsOut": 697368421, "weightedAverageShsOutDil": 697368421, "link": "", "finalLink": "", "calculatedOtherExpenses": 84400000, "calculatedOperatingExpenses": 1163200000, "calculatedNetInterest": 0, "calculatedOtherIncome": -49300000, "calculatedIncomeNonControlling": 0, "calculatedEbitda": 349800000}, {"date": "1989-06-30", "symbol": "SYY", "reportedCurrency": "USD", "cik": "0000096021", "fillingDate": "1989-06-30", "acceptedDate": "1989-06-29 20:00:00", "calendarYear": "1989", "period": "FY", "revenue": 6851300000, "costOfRevenue": 5564000000, "grossProfit": 1287300000, "grossProfitRatio": 0.1878913491, "researchAndDevelopmentExpenses": 0, "generalAndAdministrativeExpenses": 0, "sellingAndMarketingExpenses": 0, "sellingGeneralAndAdministrativeExpenses": 981100000, "otherExpenses": 76800000, "operatingExpenses": 1057900000, "costAndExpenses": 6621900000, "interestIncome": 0, "interestExpense": 0, "depreciationAndAmortization": 76800000, "ebitda": 300200000, "ebitdaratio": 0.043816502, "operatingIncome": 229400000, "operatingIncomeRatio": 0.0334826967, "totalOtherIncomeExpensesNet": 6000000, "incomeBeforeTax": 176900000, "incomeBeforeTaxRatio": 0.0258199174, "incomeTaxExpense": 69000000, "netIncome": 107900000, "netIncomeRatio": 0.015748836, "eps": 0.15, "epsdiluted": 0.15, "weightedAverageShsOut": 719333333, "weightedAverageShsOutDil": 719333333, "link": "", "finalLink": "", "calculatedOtherExpenses": 76800000, "calculatedOperatingExpenses": 1057900000, "calculatedNetInterest": 0, "calculatedOtherIncome": -52500000, "calculatedIncomeNonControlling": 0, "calculatedEbitda": 306200000}, {"date": "1988-06-30", "symbol": "SYY", "reportedCurrency": "USD", "cik": "0000096021", "fillingDate": "1988-06-30", "acceptedDate": "1988-06-29 20:00:00", "calendarYear": "1988", "period": "FY", "revenue": 4384700000, "costOfRevenue": 3549100000, "grossProfit": 835600000, "grossProfitRatio": 0.1905717609, "researchAndDevelopmentExpenses": 0, "generalAndAdministrativeExpenses": 0, "sellingAndMarketingExpenses": 0, "sellingGeneralAndAdministrativeExpenses": 646700000, "otherExpenses": 45000000, "operatingExpenses": 691700000, "costAndExpenses": 4240800000, "interestIncome": 0, "interestExpense": 0, "depreciationAndAmortization": 45000000, "ebitda": 191400000, "ebitdaratio": 0.0436517892, "operatingIncome": 143900000, "operatingIncomeRatio": 0.0328186649, "totalOtherIncomeExpensesNet": -2500000, "incomeBeforeTax": 129400000, "incomeBeforeTaxRatio": 0.0295117112, "incomeTaxExpense": 49200000, "netIncome": 80200000, "netIncomeRatio": 0.0182908751, "eps": 0.12, "epsdiluted": 0.12, "weightedAverageShsOut": 668333333, "weightedAverageShsOutDil": 668333333, "link": "", "finalLink": "", "calculatedOtherExpenses": 45000000, "calculatedOperatingExpenses": 691700000, "calculatedNetInterest": 0, "calculatedOtherIncome": -14500000, "calculatedIncomeNonControlling": 0, "calculatedEbitda": 188900000}, {"date": "1987-06-30", "symbol": "SYY", "reportedCurrency": "USD", "cik": "0000096021", "fillingDate": "1987-06-30", "acceptedDate": "1987-06-29 20:00:00", "calendarYear": "1987", "period": "FY", "revenue": 3655900000, "costOfRevenue": 2947200000, "grossProfit": 708700000, "grossProfitRatio": 0.1938510353, "researchAndDevelopmentExpenses": 0, "generalAndAdministrativeExpenses": 0, "sellingAndMarketingExpenses": 0, "sellingGeneralAndAdministrativeExpenses": 548600000, "otherExpenses": 38400000, "operatingExpenses": 587000000, "costAndExpenses": 3534200000, "interestIncome": 0, "interestExpense": 0, "depreciationAndAmortization": 38400000, "ebitda": 149400000, "ebitdaratio": 0.0408654504, "operatingIncome": 121700000, "operatingIncomeRatio": 0.0332886567, "totalOtherIncomeExpensesNet": 10700000, "incomeBeforeTax": 122300000, "incomeBeforeTaxRatio": 0.033452775, "incomeTaxExpense": 60500000, "netIncome": 61800000, "netIncomeRatio": 0.0169041823, "eps": 0.09, "epsdiluted": 0.09, "weightedAverageShsOut": 686666667, "weightedAverageShsOutDil": 686666667, "link": "", "finalLink": "", "calculatedOtherExpenses": 38400000, "calculatedOperatingExpenses": 587000000, "calculatedNetInterest": 0, "calculatedOtherIncome": 600000, "calculatedIncomeNonControlling": 0, "calculatedEbitda": 160100000}, {"date": "1986-06-30", "symbol": "SYY", "reportedCurrency": "USD", "cik": "0000096021", "fillingDate": "1986-06-30", "acceptedDate": "1986-06-29 20:00:00", "calendarYear": "1986", "period": "FY", "revenue": 3172300000, "costOfRevenue": 2547100000, "grossProfit": 625200000, "grossProfitRatio": 0.1970809823, "researchAndDevelopmentExpenses": 0, "generalAndAdministrativeExpenses": 0, "sellingAndMarketingExpenses": 0, "sellingGeneralAndAdministrativeExpenses": 487800000, "otherExpenses": 31500000, "operatingExpenses": 519300000, "costAndExpenses": 3066400000, "interestIncome": 0, "interestExpense": 0, "depreciationAndAmortization": 31500000, "ebitda": 125600000, "ebitdaratio": 0.0395927245, "operatingIncome": 105900000, "operatingIncomeRatio": 0.0333827192, "totalOtherIncomeExpensesNet": 11800000, "incomeBeforeTax": 107600000, "incomeBeforeTaxRatio": 0.033918608, "incomeTaxExpense": 49300000, "netIncome": 58300000, "netIncomeRatio": 0.0183778331, "eps": 0.09, "epsdiluted": 0.09, "weightedAverageShsOut": 647777778, "weightedAverageShsOutDil": 647777778, "link": "", "finalLink": "", "calculatedOtherExpenses": 31500000, "calculatedOperatingExpenses": 519300000, "calculatedNetInterest": 0, "calculatedOtherIncome": 1700000, "calculatedIncomeNonControlling": 0, "calculatedEbitda": 137400000}]}