{"originalCurrency": "CAD", "convertedCurrency": "CAD", "report": [{"date": "2023-12-31", "symbol": "TAC", "reportedCurrency": "CAD", "cik": "0001144800", "fillingDate": "2023-12-31", "acceptedDate": "2023-12-30 19:00:00", "calendarYear": "2023", "period": "FY", "revenue": 4102000000, "costOfRevenue": 1841000000, "grossProfit": 2261000000, "grossProfitRatio": 0.5511945392, "researchAndDevelopmentExpenses": 0, "generalAndAdministrativeExpenses": 254000000, "sellingAndMarketingExpenses": 48000000, "sellingGeneralAndAdministrativeExpenses": 302000000, "otherExpenses": -29000000, "operatingExpenses": 331000000, "costAndExpenses": 2172000000, "interestIncome": 59000000, "interestExpense": 290000000, "depreciationAndAmortization": 669000000, "ebitda": 2599000000, "ebitdaratio": 0.6335933691, "operatingIncome": 1930000000, "operatingIncomeRatio": 0.4705021941, "totalOtherIncomeExpensesNet": -1054000000, "incomeBeforeTax": 876000000, "incomeBeforeTaxRatio": 0.2135543637, "incomeTaxExpense": 84000000, "netIncome": 695000000, "netIncomeRatio": 0.1694295466, "eps": 2.33, "epsdiluted": 2.33, "weightedAverageShsOut": 276000000, "weightedAverageShsOutDil": 276000000, "link": null, "finalLink": null, "calculatedOtherExpenses": 29000000, "calculatedOperatingExpenses": 331000000, "calculatedNetInterest": -231000000, "calculatedOtherIncome": -823000000, "calculatedIncomeNonControlling": 97000000, "calculatedEbitda": 2599000000}, {"date": "2022-12-31", "symbol": "TAC", "reportedCurrency": "CAD", "cik": "0001144800", "fillingDate": "2022-12-31", "acceptedDate": "2022-12-30 19:00:00", "calendarYear": "2022", "period": "FY", "revenue": 2976000000, "costOfRevenue": 1341000000, "grossProfit": 1635000000, "grossProfitRatio": 0.5493951613, "researchAndDevelopmentExpenses": 0, "generalAndAdministrativeExpenses": 263000000, "sellingAndMarketingExpenses": 0, "sellingGeneralAndAdministrativeExpenses": 263000000, "otherExpenses": 839000000, "operatingExpenses": 1102000000, "costAndExpenses": 2443000000, "interestIncome": 43000000, "interestExpense": 261000000, "depreciationAndAmortization": 628000000, "ebitda": 1159000000, "ebitdaratio": 0.3894489247, "operatingIncome": 531000000, "operatingIncomeRatio": 0.1784274194, "totalOtherIncomeExpensesNet": -178000000, "incomeBeforeTax": 353000000, "incomeBeforeTaxRatio": 0.1186155914, "incomeTaxExpense": 192000000, "netIncome": 161000000, "netIncomeRatio": 0.0540994624, "eps": 0.59, "epsdiluted": 0.59, "weightedAverageShsOut": 271000000, "weightedAverageShsOutDil": 271000000, "link": "", "finalLink": "", "calculatedOtherExpenses": 841000000, "calculatedOperatingExpenses": 1104000000, "calculatedNetInterest": -218000000, "calculatedOtherIncome": 40000000, "calculatedIncomeNonControlling": 0, "calculatedEbitda": 1159000000}, {"date": "2021-12-31", "symbol": "TAC", "reportedCurrency": "CAD", "cik": "0001144800", "fillingDate": "2021-12-31", "acceptedDate": "2021-12-31 00:00:00", "calendarYear": "2021", "period": "FY", "revenue": 2721000000, "costOfRevenue": 1232000000, "grossProfit": 1489000000, "grossProfitRatio": 0.5472252848, "researchAndDevelopmentExpenses": 0, "generalAndAdministrativeExpenses": 234000000, "sellingAndMarketingExpenses": 0, "sellingGeneralAndAdministrativeExpenses": 234000000, "otherExpenses": 846000000, "operatingExpenses": 1080000000, "costAndExpenses": 2312000000, "interestIncome": 36000000, "interestExpense": 247000000, "depreciationAndAmortization": 719000000, "ebitda": 1164000000, "ebitdaratio": 0.427783903, "operatingIncome": 445000000, "operatingIncomeRatio": 0.1635428151, "totalOtherIncomeExpensesNet": -825000000, "incomeBeforeTax": -380000000, "incomeBeforeTaxRatio": -0.1396545388, "incomeTaxExpense": 45000000, "netIncome": -425000000, "netIncomeRatio": -0.1561925763, "eps": -1.57, "epsdiluted": -1.57, "weightedAverageShsOut": 271000000, "weightedAverageShsOutDil": 271000000, "link": null, "finalLink": null, "calculatedOtherExpenses": 810000000, "calculatedOperatingExpenses": 1044000000, "calculatedNetInterest": -211000000, "calculatedOtherIncome": -614000000, "calculatedIncomeNonControlling": 0, "calculatedEbitda": 1164000000}, {"date": "2020-12-31", "symbol": "TAC", "reportedCurrency": "CAD", "cik": "0001144800", "fillingDate": "2020-12-31", "acceptedDate": "2020-12-31 00:00:00", "calendarYear": "2020", "period": "FY", "revenue": 2101000000, "costOfRevenue": 968000000, "grossProfit": 1133000000, "grossProfitRatio": 0.5392670157, "researchAndDevelopmentExpenses": 0, "generalAndAdministrativeExpenses": 235000000, "sellingAndMarketingExpenses": 0, "sellingGeneralAndAdministrativeExpenses": 235000000, "otherExpenses": 913000000, "operatingExpenses": 1148000000, "costAndExpenses": 2116000000, "interestIncome": 17000000, "interestExpense": 229000000, "depreciationAndAmortization": 798000000, "ebitda": 782000000, "ebitdaratio": 0.3722037125, "operatingIncome": -16000000, "operatingIncomeRatio": -0.0076154212, "totalOtherIncomeExpensesNet": -287000000, "incomeBeforeTax": -303000000, "incomeBeforeTaxRatio": -0.1442170395, "incomeTaxExpense": -50000000, "netIncome": -253000000, "netIncomeRatio": -0.1204188482, "eps": -0.92, "epsdiluted": -0.92, "weightedAverageShsOut": 275000000, "weightedAverageShsOutDil": 275000000, "link": null, "finalLink": null, "calculatedOtherExpenses": 914000000, "calculatedOperatingExpenses": 1149000000, "calculatedNetInterest": -212000000, "calculatedOtherIncome": -75000000, "calculatedIncomeNonControlling": 0, "calculatedEbitda": 782000000}, {"date": "2019-12-31", "symbol": "TAC", "reportedCurrency": "CAD", "cik": "0001144800", "fillingDate": "2019-12-31", "acceptedDate": "2019-12-31 00:00:00", "calendarYear": "2019", "period": "FY", "revenue": 2347000000, "costOfRevenue": 1086000000, "grossProfit": 1261000000, "grossProfitRatio": 0.5372816361, "researchAndDevelopmentExpenses": 0, "generalAndAdministrativeExpenses": 228000000, "sellingAndMarketingExpenses": 0, "sellingGeneralAndAdministrativeExpenses": 228000000, "otherExpenses": 817000000, "operatingExpenses": 1045000000, "costAndExpenses": 2131000000, "interestIncome": 19000000, "interestExpense": 212000000, "depreciationAndAmortization": 709000000, "ebitda": 964000000, "ebitdaratio": 0.4107371112, "operatingIncome": 255000000, "operatingIncomeRatio": 0.1086493396, "totalOtherIncomeExpensesNet": -62000000, "incomeBeforeTax": 193000000, "incomeBeforeTaxRatio": 0.0822326374, "incomeTaxExpense": 17000000, "netIncome": 176000000, "netIncomeRatio": 0.0749893481, "eps": 0.62, "epsdiluted": 0.62, "weightedAverageShsOut": 283000000, "weightedAverageShsOutDil": 283000000, "link": null, "finalLink": null, "calculatedOtherExpenses": 778000000, "calculatedOperatingExpenses": 1006000000, "calculatedNetInterest": -193000000, "calculatedOtherIncome": 131000000, "calculatedIncomeNonControlling": 0, "calculatedEbitda": 964000000}, {"date": "2018-12-31", "symbol": "TAC", "reportedCurrency": "CAD", "cik": "0001144800", "fillingDate": "2019-02-27", "acceptedDate": "2019-02-27 07:29:23", "calendarYear": "2018", "period": "FY", "revenue": 2249000000, "costOfRevenue": 1100000000, "grossProfit": 1149000000, "grossProfitRatio": 0.5108937305, "researchAndDevelopmentExpenses": 0, "generalAndAdministrativeExpenses": 245000000, "sellingAndMarketingExpenses": 0, "sellingGeneralAndAdministrativeExpenses": 245000000, "otherExpenses": 425000000, "operatingExpenses": 916000000, "costAndExpenses": 2016000000, "interestIncome": 19000000, "interestExpense": 224000000, "depreciationAndAmortization": 710000000, "ebitda": 949000000, "ebitdaratio": 0.4219653179, "operatingIncome": 160000000, "operatingIncomeRatio": 0.0711427301, "totalOtherIncomeExpensesNet": -111000000, "incomeBeforeTax": -96000000, "incomeBeforeTaxRatio": -0.0426856381, "incomeTaxExpense": -6000000, "netIncome": -198000000, "netIncomeRatio": -0.0880391285, "eps": -0.69, "epsdiluted": -0.69, "weightedAverageShsOut": 287000000, "weightedAverageShsOutDil": 287000000, "link": "https://www.sec.gov/Archives/edgar/data/1144800/000162828019002029/0001628280-19-002029-index.html", "finalLink": "https://www.sec.gov/Archives/edgar/data/1144800/000162828019002029/a20181231tac40-f.htm", "calculatedOtherExpenses": 744000000, "calculatedOperatingExpenses": 989000000, "calculatedNetInterest": -205000000, "calculatedOtherIncome": -51000000, "calculatedIncomeNonControlling": 108000000, "calculatedEbitda": 870000000}, {"date": "2017-12-31", "symbol": "TAC", "reportedCurrency": "CAD", "cik": "0001144800", "fillingDate": "2018-03-02", "acceptedDate": "2018-03-02 13:32:05", "calendarYear": "2017", "period": "FY", "revenue": 2307000000, "costOfRevenue": 1016000000, "grossProfit": 1291000000, "grossProfitRatio": 0.5596012137, "researchAndDevelopmentExpenses": 0, "generalAndAdministrativeExpenses": 248000000, "sellingAndMarketingExpenses": 0, "sellingGeneralAndAdministrativeExpenses": 248000000, "otherExpenses": 637000000, "operatingExpenses": 1133000000, "costAndExpenses": 2149000000, "interestIncome": 64000000, "interestExpense": 233000000, "depreciationAndAmortization": 708000000, "ebitda": 912000000, "ebitdaratio": 0.3953185956, "operatingIncome": 138000000, "operatingIncomeRatio": 0.0598179454, "totalOtherIncomeExpensesNet": -25000000, "incomeBeforeTax": -54000000, "incomeBeforeTaxRatio": -0.0234070221, "incomeTaxExpense": 64000000, "netIncome": -160000000, "netIncomeRatio": -0.0693541396, "eps": -0.56, "epsdiluted": -0.56, "weightedAverageShsOut": 288000000, "weightedAverageShsOutDil": 288000000, "link": "https://www.sec.gov/Archives/edgar/data/1144800/000110465918014379/0001104659-18-014379-index.html", "finalLink": "https://www.sec.gov/Archives/edgar/data/1144800/000110465918014379/a18-2676_140f.htm", "calculatedOtherExpenses": 905000000, "calculatedOperatingExpenses": 1153000000, "calculatedNetInterest": -169000000, "calculatedOtherIncome": -23000000, "calculatedIncomeNonControlling": 42000000, "calculatedEbitda": 846000000}, {"date": "2016-12-31", "symbol": "TAC", "reportedCurrency": "CAD", "cik": "0001144800", "fillingDate": "2017-03-03", "acceptedDate": "2017-03-03 14:54:55", "calendarYear": "2016", "period": "FY", "revenue": 2397000000, "costOfRevenue": 963000000, "grossProfit": 1434000000, "grossProfitRatio": 0.5982478098, "researchAndDevelopmentExpenses": 0, "generalAndAdministrativeExpenses": 249000000, "sellingAndMarketingExpenses": 0, "sellingGeneralAndAdministrativeExpenses": 249000000, "otherExpenses": 458000000, "operatingExpenses": 930000000, "costAndExpenses": 1893000000, "interestIncome": 81000000, "interestExpense": 243000000, "depreciationAndAmortization": 664000000, "ebitda": 1249000000, "ebitdaratio": 0.5210680017, "operatingIncome": 478000000, "operatingIncomeRatio": 0.1994159366, "totalOtherIncomeExpensesNet": -28000000, "incomeBeforeTax": 314000000, "incomeBeforeTaxRatio": 0.1309970797, "incomeTaxExpense": 38000000, "netIncome": 169000000, "netIncomeRatio": 0.0705047977, "eps": 0.41, "epsdiluted": 0.41, "weightedAverageShsOut": 288000000, "weightedAverageShsOutDil": 288000000, "link": "https://www.sec.gov/Archives/edgar/data/1144800/000110465917013979/0001104659-17-013979-index.html", "finalLink": "https://www.sec.gov/Archives/edgar/data/1144800/000110465917013979/a17-7040_140f.htm", "calculatedOtherExpenses": 707000000, "calculatedOperatingExpenses": 956000000, "calculatedNetInterest": -162000000, "calculatedOtherIncome": -2000000, "calculatedIncomeNonControlling": 107000000, "calculatedEbitda": 1142000000}, {"date": "2015-12-31", "symbol": "TAC", "reportedCurrency": "CAD", "cik": "0001144800", "fillingDate": "2016-02-18", "acceptedDate": "2016-02-18 08:36:57", "calendarYear": "2015", "period": "FY", "revenue": 2267000000, "costOfRevenue": 1008000000, "grossProfit": 1259000000, "grossProfitRatio": 0.555359506, "researchAndDevelopmentExpenses": 0, "generalAndAdministrativeExpenses": 242000000, "sellingAndMarketingExpenses": 0, "sellingGeneralAndAdministrativeExpenses": 242000000, "otherExpenses": 870000000, "operatingExpenses": 1122000000, "costAndExpenses": 2130000000, "interestIncome": 58000000, "interestExpense": 251000000, "depreciationAndAmortization": 605000000, "ebitda": 990000000, "ebitdaratio": 0.4367004852, "operatingIncome": 148000000, "operatingIncomeRatio": 0.065284517, "totalOtherIncomeExpensesNet": 277000000, "incomeBeforeTax": 221000000, "incomeBeforeTaxRatio": 0.0974856639, "incomeTaxExpense": 105000000, "netIncome": 22000000, "netIncomeRatio": 0.0097044552, "eps": -0.09, "epsdiluted": -0.09, "weightedAverageShsOut": 280000000, "weightedAverageShsOutDil": 280000000, "link": "https://www.sec.gov/Archives/edgar/data/1144800/000110465916097917/0001104659-16-097917-index.html", "finalLink": "https://www.sec.gov/Archives/edgar/data/1144800/000110465916097917/a16-4347_140f.htm", "calculatedOtherExpenses": 869000000, "calculatedOperatingExpenses": 1111000000, "calculatedNetInterest": -193000000, "calculatedOtherIncome": 266000000, "calculatedIncomeNonControlling": 94000000, "calculatedEbitda": 753000000}, {"date": "2014-12-31", "symbol": "TAC", "reportedCurrency": "CAD", "cik": "0001144800", "fillingDate": "2014-12-31", "acceptedDate": "2014-12-30 19:00:00", "calendarYear": "2014", "period": "FY", "revenue": 2623000000, "costOfRevenue": 1092000000, "grossProfit": 1531000000, "grossProfitRatio": 0.5836828059, "researchAndDevelopmentExpenses": 0, "generalAndAdministrativeExpenses": 542000000, "sellingAndMarketingExpenses": 0, "sellingGeneralAndAdministrativeExpenses": 542000000, "otherExpenses": 571000000, "operatingExpenses": 1095000000, "costAndExpenses": 2187000000, "interestIncome": 49000000, "interestExpense": 254000000, "depreciationAndAmortization": 595000000, "ebitda": 1080000000, "ebitdaratio": 0.4117422798, "operatingIncome": 442000000, "operatingIncomeRatio": 0.1685093404, "totalOtherIncomeExpensesNet": 8000000, "incomeBeforeTax": 239000000, "incomeBeforeTaxRatio": 0.0911170416, "incomeTaxExpense": 7000000, "netIncome": 182000000, "netIncomeRatio": 0.069386199, "eps": 0.52, "epsdiluted": 0.52, "weightedAverageShsOut": 273000000, "weightedAverageShsOutDil": 273000000, "link": "", "finalLink": "", "calculatedOtherExpenses": 547000000, "calculatedOperatingExpenses": 1089000000, "calculatedNetInterest": -205000000, "calculatedOtherIncome": 2000000, "calculatedIncomeNonControlling": 50000000, "calculatedEbitda": 1037000000}, {"date": "2013-12-31", "symbol": "TAC", "reportedCurrency": "CAD", "cik": "0001144800", "fillingDate": "2013-12-31", "acceptedDate": "2013-12-30 19:00:00", "calendarYear": "2013", "period": "FY", "revenue": 2292000000, "costOfRevenue": 926000000, "grossProfit": 1366000000, "grossProfitRatio": 0.5959860384, "researchAndDevelopmentExpenses": 0, "generalAndAdministrativeExpenses": 516000000, "sellingAndMarketingExpenses": 0, "sellingGeneralAndAdministrativeExpenses": 516000000, "otherExpenses": 8000000, "operatingExpenses": 1068000000, "costAndExpenses": 1994000000, "interestIncome": 46000000, "interestExpense": 256000000, "depreciationAndAmortization": 585000000, "ebitda": 927000000, "ebitdaratio": 0.4044502618, "operatingIncome": 297000000, "operatingIncomeRatio": 0.1295811518, "totalOtherIncomeExpensesNet": -100000000, "incomeBeforeTax": -12000000, "incomeBeforeTaxRatio": -0.0052356021, "incomeTaxExpense": -8000000, "netIncome": -33000000, "netIncomeRatio": -0.0143979058, "eps": -0.12, "epsdiluted": -0.12, "weightedAverageShsOut": 264000000, "weightedAverageShsOutDil": 264000000, "link": "", "finalLink": "", "calculatedOtherExpenses": 553000000, "calculatedOperatingExpenses": 1069000000, "calculatedNetInterest": -210000000, "calculatedOtherIncome": -99000000, "calculatedIncomeNonControlling": 29000000, "calculatedEbitda": 882000000}, {"date": "2012-12-31", "symbol": "TAC", "reportedCurrency": "CAD", "cik": "0001144800", "fillingDate": "2013-02-27", "acceptedDate": "2013-02-27 12:12:52", "calendarYear": "2012", "period": "FY", "revenue": 2262000000, "costOfRevenue": 809000000, "grossProfit": 1453000000, "grossProfitRatio": 0.642351901, "researchAndDevelopmentExpenses": 0, "generalAndAdministrativeExpenses": 493000000, "sellingAndMarketingExpenses": 0, "sellingGeneralAndAdministrativeExpenses": 493000000, "otherExpenses": 1000000, "operatingExpenses": 1047000000, "costAndExpenses": 1856000000, "interestIncome": 18000000, "interestExpense": 223000000, "depreciationAndAmortization": 564000000, "ebitda": 974000000, "ebitdaratio": 0.4305923961, "operatingIncome": 42000000, "operatingIncomeRatio": 0.0185676393, "totalOtherIncomeExpensesNet": -644000000, "incomeBeforeTax": -443000000, "incomeBeforeTaxRatio": -0.1958443855, "incomeTaxExpense": 103000000, "netIncome": -583000000, "netIncomeRatio": -0.2577365164, "eps": -2.48, "epsdiluted": -2.48, "weightedAverageShsOut": 235000000, "weightedAverageShsOutDil": 235000000, "link": "https://www.sec.gov/Archives/edgar/data/1144800/000110465913014735/0001104659-13-014735-index.html", "finalLink": "https://www.sec.gov/Archives/edgar/data/1144800/000110465913014735/a13-5903_140f.htm", "calculatedOtherExpenses": 918000000, "calculatedOperatingExpenses": 1411000000, "calculatedNetInterest": -205000000, "calculatedOtherIncome": -280000000, "calculatedIncomeNonControlling": 37000000, "calculatedEbitda": 606000000}, {"date": "2011-12-31", "symbol": "TAC", "reportedCurrency": "CAD", "cik": "0001144800", "fillingDate": "2012-03-02", "acceptedDate": "2012-03-02 11:09:17", "calendarYear": "2011", "period": "FY", "revenue": 2663000000, "costOfRevenue": 947000000, "grossProfit": 1716000000, "grossProfitRatio": 0.6443860308, "researchAndDevelopmentExpenses": 0, "generalAndAdministrativeExpenses": 0, "sellingAndMarketingExpenses": 0, "sellingGeneralAndAdministrativeExpenses": 0, "otherExpenses": -17000000, "operatingExpenses": 1071000000, "costAndExpenses": 2018000000, "interestIncome": 8000000, "interestExpense": 215000000, "depreciationAndAmortization": 532000000, "ebitda": 1185000000, "ebitdaratio": 0.4449868569, "operatingIncome": 662000000, "operatingIncomeRatio": 0.2485918137, "totalOtherIncomeExpensesNet": -6000000, "incomeBeforeTax": 449000000, "incomeBeforeTaxRatio": 0.1686068344, "incomeTaxExpense": 106000000, "netIncome": 305000000, "netIncomeRatio": 0.1145324822, "eps": 1.31, "epsdiluted": 1.31, "weightedAverageShsOut": 222000000, "weightedAverageShsOutDil": 222000000, "link": "https://www.sec.gov/Archives/edgar/data/1144800/000110465912015196/0001104659-12-015196-index.html", "finalLink": "https://www.sec.gov/Archives/edgar/data/1144800/000110465912015196/a12-5919_140f.htm", "calculatedOtherExpenses": 1054000000, "calculatedOperatingExpenses": 1054000000, "calculatedNetInterest": -207000000, "calculatedOtherIncome": -6000000, "calculatedIncomeNonControlling": 38000000, "calculatedEbitda": 1194000000}, {"date": "2010-12-31", "symbol": "TAC", "reportedCurrency": "CAD", "cik": "0001144800", "fillingDate": "2010-12-31", "acceptedDate": "2010-12-30 19:00:00", "calendarYear": "2010", "period": "FY", "revenue": 2819000000, "costOfRevenue": 1202000000, "grossProfit": 1617000000, "grossProfitRatio": 0.5736076623, "researchAndDevelopmentExpenses": 0, "generalAndAdministrativeExpenses": 0, "sellingAndMarketingExpenses": 0, "sellingGeneralAndAdministrativeExpenses": 0, "otherExpenses": 1120000000, "operatingExpenses": 1120000000, "costAndExpenses": 2322000000, "interestIncome": 0, "interestExpense": 178000000, "depreciationAndAmortization": 490000000, "ebitda": 967000000, "ebitdaratio": 0.3430294431, "operatingIncome": 497000000, "operatingIncomeRatio": 0.1763036538, "totalOtherIncomeExpensesNet": -79000000, "incomeBeforeTax": 220000000, "incomeBeforeTaxRatio": 0.0780418588, "incomeTaxExpense": 1000000, "netIncome": 219000000, "netIncomeRatio": 0.0776871231, "eps": 1.16, "epsdiluted": 1.16, "weightedAverageShsOut": 219000000, "weightedAverageShsOutDil": 219000000, "link": "", "finalLink": "", "calculatedOtherExpenses": 1120000000, "calculatedOperatingExpenses": 1120000000, "calculatedNetInterest": -178000000, "calculatedOtherIncome": -99000000, "calculatedIncomeNonControlling": 0, "calculatedEbitda": 987000000}, {"date": "2009-12-31", "symbol": "TAC", "reportedCurrency": "CAD", "cik": "0001144800", "fillingDate": "2010-02-24", "acceptedDate": "2010-02-24 15:20:42", "calendarYear": "2009", "period": "FY", "revenue": 2770000000, "costOfRevenue": 1228000000, "grossProfit": 1542000000, "grossProfitRatio": 0.5566787004, "researchAndDevelopmentExpenses": 0, "generalAndAdministrativeExpenses": 0, "sellingAndMarketingExpenses": 0, "sellingGeneralAndAdministrativeExpenses": 0, "otherExpenses": 16000000, "operatingExpenses": 1164000000, "costAndExpenses": 2392000000, "interestIncome": 6000000, "interestExpense": 150000000, "depreciationAndAmortization": 493000000, "ebitda": 855000000, "ebitdaratio": 0.3086642599, "operatingIncome": 378000000, "operatingIncomeRatio": 0.1364620939, "totalOtherIncomeExpensesNet": -38000000, "incomeBeforeTax": 196000000, "incomeBeforeTaxRatio": 0.0707581227, "incomeTaxExpense": 15000000, "netIncome": 181000000, "netIncomeRatio": 0.0653429603, "eps": 0.9, "epsdiluted": 0.9, "weightedAverageShsOut": 201000000, "weightedAverageShsOutDil": 201000000, "link": "https://www.sec.gov/Archives/edgar/data/1144800/000110465910009139/0001104659-10-009139-index.html", "finalLink": "https://www.sec.gov/Archives/edgar/data/1144800/000110465910009139/a10-4104_140f.htm", "calculatedOtherExpenses": 1164000000, "calculatedOperatingExpenses": 1164000000, "calculatedNetInterest": -144000000, "calculatedOtherIncome": -38000000, "calculatedIncomeNonControlling": 0, "calculatedEbitda": 871000000}, {"date": "2008-12-31", "symbol": "TAC", "reportedCurrency": "CAD", "cik": "0001144800", "fillingDate": "2009-03-16", "acceptedDate": "2009-03-16 17:35:10", "calendarYear": "2008", "period": "FY", "revenue": 3109519184, "costOfRevenue": 1493443419, "grossProfit": 1616075765, "grossProfitRatio": 0.5197188599, "researchAndDevelopmentExpenses": 0, "generalAndAdministrativeExpenses": 0, "sellingAndMarketingExpenses": 0, "sellingGeneralAndAdministrativeExpenses": 0, "otherExpenses": 1085478388, "operatingExpenses": 1085478388, "costAndExpenses": 2578921807, "interestIncome": 46138902, "interestExpense": 155415250, "depreciationAndAmortization": 450461389, "ebitda": 1085478387, "ebitdaratio": 0.3490823895, "operatingIncome": 530597377, "operatingIncomeRatio": 0.17063647, "totalOtherIncomeExpensesNet": -104419621, "incomeBeforeTax": 258620689, "incomeBeforeTaxRatio": 0.0831706363, "incomeTaxExpense": 23069451, "netIncome": 235551238, "netIncomeRatio": 0.0757516594, "eps": 1.18, "epsdiluted": 1.18, "weightedAverageShsOut": 199000000, "weightedAverageShsOutDil": 199000000, "link": "https://www.sec.gov/Archives/edgar/data/1144800/000104746909002775/0001047469-09-002775-index.html", "finalLink": "https://www.sec.gov/Archives/edgar/data/1144800/000104746909002775/a2191499z40-f.htm", "calculatedOtherExpenses": 1085478388, "calculatedOperatingExpenses": 1085478388, "calculatedNetInterest": -109276348, "calculatedOtherIncome": -162700340, "calculatedIncomeNonControlling": 0, "calculatedEbitda": 981058766}, {"date": "2007-12-31", "symbol": "TAC", "reportedCurrency": "CAD", "cik": "0001144800", "fillingDate": "2007-12-31", "acceptedDate": "2007-12-30 19:00:00", "calendarYear": "2007", "period": "FY", "revenue": 2774699573, "costOfRevenue": 1230700169, "grossProfit": 1543999404, "grossProfitRatio": 0.5564564247, "researchAndDevelopmentExpenses": 0, "generalAndAdministrativeExpenses": 0, "sellingAndMarketingExpenses": 0, "sellingGeneralAndAdministrativeExpenses": 0, "otherExpenses": 1002899990, "operatingExpenses": 1002899990, "costAndExpenses": 2233600159, "interestIncome": 31700268, "interestExpense": 165000497, "depreciationAndAmortization": 415099811, "ebitda": 986799086, "ebitdaratio": 0.3556417767, "operatingIncome": 541099414, "operatingIncomeRatio": 0.1950118922, "totalOtherIncomeExpensesNet": -30599861, "incomeBeforeTax": 329200516, "incomeBeforeTaxRatio": 0.1186436612, "incomeTaxExpense": 20400238, "netIncome": 308800278, "netIncomeRatio": 0.1112914281, "eps": 1.53, "epsdiluted": 1.53, "weightedAverageShsOut": 202000000, "weightedAverageShsOutDil": 202000000, "link": "", "finalLink": "", "calculatedOtherExpenses": 1002899990, "calculatedOperatingExpenses": 1002899990, "calculatedNetInterest": -133300229, "calculatedOtherIncome": -78598669, "calculatedIncomeNonControlling": 0, "calculatedEbitda": 956199225}, {"date": "2006-12-31", "symbol": "TAC", "reportedCurrency": "CAD", "cik": "0001144800", "fillingDate": "2006-12-31", "acceptedDate": "2006-12-30 19:00:00", "calendarYear": "2006", "period": "FY", "revenue": 2796500466, "costOfRevenue": 1186199907, "grossProfit": 1610300559, "grossProfitRatio": 0.5758270305, "researchAndDevelopmentExpenses": 0, "generalAndAdministrativeExpenses": 0, "sellingAndMarketingExpenses": 0, "sellingGeneralAndAdministrativeExpenses": 0, "otherExpenses": 1453701072, "operatingExpenses": 1453701072, "costAndExpenses": 2639900979, "interestIncome": 13300326, "interestExpense": 181799860, "depreciationAndAmortization": 437800559, "ebitda": 611900046, "ebitdaratio": 0.2188092058, "operatingIncome": 156599487, "operatingIncomeRatio": 0.0559983769, "totalOtherIncomeExpensesNet": -17500000, "incomeBeforeTax": -80900512, "incomeBeforeTaxRatio": -0.0289291967, "incomeTaxExpense": -125800326, "netIncome": 44899814, "netIncomeRatio": 0.0160557148, "eps": 0.22, "epsdiluted": 0.22, "weightedAverageShsOut": 200800000, "weightedAverageShsOutDil": 200800000, "link": "", "finalLink": "", "calculatedOtherExpenses": 1453701072, "calculatedOperatingExpenses": 1453701072, "calculatedNetInterest": -168499534, "calculatedOtherIncome": -69000465, "calculatedIncomeNonControlling": 0, "calculatedEbitda": 594400046}, {"date": "2005-12-31", "symbol": "TAC", "reportedCurrency": "CAD", "cik": "0001144800", "fillingDate": "2005-12-31", "acceptedDate": "2005-12-30 19:00:00", "calendarYear": "2005", "period": "FY", "revenue": 2838499826, "costOfRevenue": 1201800209, "grossProfit": 1636699617, "grossProfitRatio": 0.5766072635, "researchAndDevelopmentExpenses": 0, "generalAndAdministrativeExpenses": 0, "sellingAndMarketingExpenses": 0, "sellingGeneralAndAdministrativeExpenses": 0, "otherExpenses": 1195499477, "operatingExpenses": 1195499477, "costAndExpenses": 2397299686, "interestIncome": 8699849, "interestExpense": 197299686, "depreciationAndAmortization": 400900105, "ebitda": 842000233, "ebitdaratio": 0.2966356472, "operatingIncome": 441200140, "operatingIncomeRatio": 0.1554342671, "totalOtherIncomeExpensesNet": 100012, "incomeBeforeTax": 234199326, "incomeBeforeTaxRatio": 0.0825081347, "incomeTaxExpense": 47399698, "netIncome": 198799860, "netIncomeRatio": 0.0700369463, "eps": 0.94, "epsdiluted": 0.94, "weightedAverageShsOut": 196800000, "weightedAverageShsOutDil": 196800000, "link": "", "finalLink": "", "calculatedOtherExpenses": 1195499477, "calculatedOperatingExpenses": 1195499477, "calculatedNetInterest": -188599837, "calculatedOtherIncome": -18400977, "calculatedIncomeNonControlling": -12000232, "calculatedEbitda": 842100245}, {"date": "2004-12-31", "symbol": "TAC", "reportedCurrency": "CAD", "cik": "0001144800", "fillingDate": "2005-04-01", "acceptedDate": "2005-03-31 21:05:12", "calendarYear": "2004", "period": "FY", "revenue": 2838299736, "costOfRevenue": 1231299496, "grossProfit": 1607000240, "grossProfitRatio": 0.5661841206, "researchAndDevelopmentExpenses": 0, "generalAndAdministrativeExpenses": 0, "sellingAndMarketingExpenses": 0, "sellingGeneralAndAdministrativeExpenses": 0, "otherExpenses": 1128899688, "operatingExpenses": 1128899688, "costAndExpenses": 2360199184, "interestIncome": 10299976, "interestExpense": 232399808, "depreciationAndAmortization": 411799856, "ebitda": 889200864, "ebitdaratio": 0.3132864555, "operatingIncome": 478100552, "operatingIncomeRatio": 0.1684461109, "totalOtherIncomeExpensesNet": 699544, "incomeBeforeTax": 210699544, "incomeBeforeTaxRatio": 0.0742344233, "incomeTaxExpense": 50099592, "netIncome": 170200384, "netIncomeRatio": 0.0599656132, "eps": 0.88, "epsdiluted": 0.88, "weightedAverageShsOut": 192700000, "weightedAverageShsOutDil": 192700000, "link": "https://www.sec.gov/Archives/edgar/data/1144800/000113717105000434/0001137171-05-000434-index.html", "finalLink": "https://www.sec.gov/Archives/edgar/data/1144800/000113717105000434/main40f.htm", "calculatedOtherExpenses": 1128899688, "calculatedOperatingExpenses": 1128899688, "calculatedNetInterest": -222099832, "calculatedOtherIncome": -45301176, "calculatedIncomeNonControlling": -9600432, "calculatedEbitda": 889900408}, {"date": "2003-12-31", "symbol": "TAC", "reportedCurrency": "CAD", "cik": "0001144800", "fillingDate": "2004-04-01", "acceptedDate": "2004-04-01 10:56:47", "calendarYear": "2003", "period": "FY", "revenue": 2508599768, "costOfRevenue": 1067400490, "grossProfit": 1441199278, "grossProfitRatio": 0.5745034726, "researchAndDevelopmentExpenses": 0, "generalAndAdministrativeExpenses": 0, "sellingAndMarketingExpenses": 0, "sellingGeneralAndAdministrativeExpenses": 0, "otherExpenses": 905300786, "operatingExpenses": 905300786, "costAndExpenses": 1972701276, "interestIncome": 25700116, "interestExpense": 183900554, "depreciationAndAmortization": 378099961, "ebitda": 921898749, "ebitdaratio": 0.3674953497, "operatingIncome": 535898493, "operatingIncomeRatio": 0.2136245486, "totalOtherIncomeExpensesNet": -7900296, "incomeBeforeTax": 335599639, "incomeBeforeTaxRatio": 0.133779666, "incomeTaxExpense": 78400103, "netIncome": 257199536, "netIncomeRatio": 0.1025271306, "eps": 1.26, "epsdiluted": 1.26, "weightedAverageShsOut": 185300000, "weightedAverageShsOutDil": 185300000, "link": "https://www.sec.gov/Archives/edgar/data/1144800/000113717104000383/0001137171-04-000383-index.html", "finalLink": "https://www.sec.gov/Archives/edgar/data/1144800/000113717104000383/f40fcover.htm", "calculatedOtherExpenses": 905300785, "calculatedOperatingExpenses": 905300785, "calculatedNetInterest": -158200438, "calculatedOtherIncome": -42098416, "calculatedIncomeNonControlling": 0, "calculatedEbitda": 913998454}, {"date": "2002-12-31", "symbol": "TAC", "reportedCurrency": "CAD", "cik": "0001144800", "fillingDate": "2002-12-31", "acceptedDate": "2002-12-30 19:00:00", "calendarYear": "2002", "period": "FY", "revenue": 1723899906, "costOfRevenue": 703599308, "grossProfit": 1020300598, "grossProfitRatio": 0.5918560552, "researchAndDevelopmentExpenses": 0, "generalAndAdministrativeExpenses": 0, "sellingAndMarketingExpenses": 0, "sellingGeneralAndAdministrativeExpenses": 0, "otherExpenses": 822700661, "operatingExpenses": 822700661, "costAndExpenses": 1526299969, "interestIncome": 0, "interestExpense": 82700661, "depreciationAndAmortization": 314800126, "ebitda": 511100094, "ebitdaratio": 0.2964789848, "operatingIncome": 197599937, "operatingIncomeRatio": 0.1146237878, "totalOtherIncomeExpensesNet": 1299969, "incomeBeforeTax": 96100094, "incomeBeforeTaxRatio": 0.0557457505, "incomeTaxExpense": 18100409, "netIncome": 210799496, "netIncomeRatio": 0.1222805891, "eps": 1.17, "epsdiluted": 1.17, "weightedAverageShsOut": 169600000, "weightedAverageShsOutDil": 169600000, "link": "", "finalLink": "", "calculatedOtherExpenses": 822700661, "calculatedOperatingExpenses": 822700661, "calculatedNetInterest": -82700661, "calculatedOtherIncome": -18799182, "calculatedIncomeNonControlling": -132799811, "calculatedEbitda": 512400063}, {"date": "2001-12-31", "symbol": "TAC", "reportedCurrency": "CAD", "cik": "0001144800", "fillingDate": "2001-12-31", "acceptedDate": "2001-12-30 19:00:00", "calendarYear": "2001", "period": "FY", "revenue": 4927099650, "costOfRevenue": 1288699459, "grossProfit": 3638400191, "grossProfitRatio": 0.7384466419, "researchAndDevelopmentExpenses": 0, "generalAndAdministrativeExpenses": 0, "sellingAndMarketingExpenses": 0, "sellingGeneralAndAdministrativeExpenses": 0, "otherExpenses": 3259500159, "operatingExpenses": 3259500159, "costAndExpenses": 4548199618, "interestIncome": 0, "interestExpense": 88099331, "depreciationAndAmortization": 325899395, "ebitda": 702499204, "ebitdaratio": 0.1425786475, "operatingIncome": 378900032, "operatingIncomeRatio": 0.0769012317, "totalOtherIncomeExpensesNet": 2300223, "incomeBeforeTax": 272499204, "incomeBeforeTaxRatio": 0.0553062092, "incomeTaxExpense": 89899713, "netIncome": 227699777, "netIncomeRatio": 0.0462137552, "eps": 1.27, "epsdiluted": 1.25, "weightedAverageShsOut": 168900000, "weightedAverageShsOutDil": 183041070, "link": "", "finalLink": "", "calculatedOtherExpenses": 3259500159, "calculatedOperatingExpenses": 3259500159, "calculatedNetInterest": -88099331, "calculatedOtherIncome": -18301497, "calculatedIncomeNonControlling": -45100286, "calculatedEbitda": 704799427}, {"date": "2000-12-31", "symbol": "TAC", "reportedCurrency": "CAD", "cik": "0001144800", "fillingDate": "2000-12-31", "acceptedDate": "2000-12-30 19:00:00", "calendarYear": "2000", "period": "FY", "revenue": 2802500000, "costOfRevenue": 1858299340, "grossProfit": 944200660, "grossProfitRatio": 0.3369137056, "researchAndDevelopmentExpenses": 0, "generalAndAdministrativeExpenses": 0, "sellingAndMarketingExpenses": 0, "sellingGeneralAndAdministrativeExpenses": 0, "otherExpenses": 535299940, "operatingExpenses": 535299940, "costAndExpenses": 2393599280, "interestIncome": 0, "interestExpense": 91400720, "depreciationAndAmortization": 321700660, "ebitda": 731601680, "ebitdaratio": 0.261053231, "operatingIncome": 408900720, "operatingIncomeRatio": 0.1459056985, "totalOtherIncomeExpensesNet": -1000300, "incomeBeforeTax": 274901020, "incomeBeforeTaxRatio": 0.0980913541, "incomeTaxExpense": 128500300, "netIncome": 292600480, "netIncomeRatio": 0.1044069509, "eps": 1.66, "epsdiluted": 1.66, "weightedAverageShsOut": 168800000, "weightedAverageShsOutDil": 168800000, "link": "", "finalLink": "", "calculatedOtherExpenses": 535299940, "calculatedOperatingExpenses": 535299940, "calculatedNetInterest": -91400720, "calculatedOtherIncome": -42598980, "calculatedIncomeNonControlling": -146199760, "calculatedEbitda": 730601380}, {"date": "1999-12-31", "symbol": "TAC", "reportedCurrency": "CAD", "cik": "0001144800", "fillingDate": "1999-12-31", "acceptedDate": "1999-12-30 19:00:00", "calendarYear": "1999", "period": "FY", "revenue": 1029399595, "costOfRevenue": 205399306, "grossProfit": 824000289, "grossProfitRatio": 0.8004668867, "researchAndDevelopmentExpenses": 0, "generalAndAdministrativeExpenses": 0, "sellingAndMarketingExpenses": 0, "sellingGeneralAndAdministrativeExpenses": 0, "otherExpenses": 508699363, "operatingExpenses": 508699363, "costAndExpenses": 714098669, "interestIncome": 0, "interestExpense": 0, "depreciationAndAmortization": 325500579, "ebitda": 638401331, "ebitdaratio": 0.6201686246, "operatingIncome": 315300926, "operatingIncomeRatio": 0.3062959491, "totalOtherIncomeExpensesNet": 2400174, "incomeBeforeTax": 207701100, "incomeBeforeTaxRatio": 0.2017691682, "incomeTaxExpense": 105500579, "netIncome": 191600116, "netIncomeRatio": 0.1861280274, "eps": 1, "epsdiluted": 0.98, "weightedAverageShsOut": 169500000, "weightedAverageShsOutDil": 169500000, "link": "", "finalLink": "", "calculatedOtherExpenses": 508699363, "calculatedOperatingExpenses": 508699363, "calculatedNetInterest": 0, "calculatedOtherIncome": -107599826, "calculatedIncomeNonControlling": -89399595, "calculatedEbitda": 640801505}, {"date": "1998-12-31", "symbol": "TAC", "reportedCurrency": "CAD", "cik": "0001144800", "fillingDate": "1998-12-31", "acceptedDate": "1998-12-30 19:00:00", "calendarYear": "1998", "period": "FY", "revenue": 1655899381, "costOfRevenue": 366600619, "grossProfit": 1289298762, "grossProfitRatio": 0.7786093629, "researchAndDevelopmentExpenses": 0, "generalAndAdministrativeExpenses": 0, "sellingAndMarketingExpenses": 0, "sellingGeneralAndAdministrativeExpenses": 0, "otherExpenses": 582599071, "operatingExpenses": 582599071, "costAndExpenses": 949199690, "interestIncome": 32199690, "interestExpense": 182399381, "depreciationAndAmortization": 284800310, "ebitda": 985300311, "ebitdaratio": 0.5950242643, "operatingIncome": 706699690, "operatingIncomeRatio": 0.4267769516, "totalOtherIncomeExpensesNet": 6199690, "incomeBeforeTax": 464000000, "incomeBeforeTaxRatio": 0.2802102624, "incomeTaxExpense": 202000000, "netIncome": 211399381, "netIncomeRatio": 0.127664388, "eps": 1.3, "epsdiluted": 1.28, "weightedAverageShsOut": 161250000, "weightedAverageShsOutDil": 161250000, "link": "", "finalLink": "", "calculatedOtherExpenses": 582599072, "calculatedOperatingExpenses": 582599072, "calculatedNetInterest": -150199691, "calculatedOtherIncome": -92499999, "calculatedIncomeNonControlling": 50600619, "calculatedEbitda": 991500000}, {"date": "1997-12-31", "symbol": "TAC", "reportedCurrency": "CAD", "cik": "0001144800", "fillingDate": "1997-12-31", "acceptedDate": "1997-12-30 19:00:00", "calendarYear": "1997", "period": "FY", "revenue": 1685699786, "costOfRevenue": 351499643, "grossProfit": 1334200143, "grossProfitRatio": 0.791481469, "researchAndDevelopmentExpenses": 0, "generalAndAdministrativeExpenses": 0, "sellingAndMarketingExpenses": 0, "sellingGeneralAndAdministrativeExpenses": 0, "otherExpenses": 753299500, "operatingExpenses": 753299500, "costAndExpenses": 1104799143, "interestIncome": 0, "interestExpense": 0, "depreciationAndAmortization": 265899929, "ebitda": 846800572, "ebitdaratio": 0.5023436433, "operatingIncome": 580900643, "operatingIncomeRatio": 0.3446050405, "totalOtherIncomeExpensesNet": 12700500, "incomeBeforeTax": 362600429, "incomeBeforeTaxRatio": 0.2151037996, "incomeTaxExpense": 180000000, "netIncome": 182600429, "netIncomeRatio": 0.1083232201, "eps": 1.14, "epsdiluted": 1.14, "weightedAverageShsOut": 159700000, "weightedAverageShsOutDil": 159700000, "link": "", "finalLink": "", "calculatedOtherExpenses": 753299500, "calculatedOperatingExpenses": 753299500, "calculatedNetInterest": 0, "calculatedOtherIncome": -218300214, "calculatedIncomeNonControlling": 0, "calculatedEbitda": 846800572}, {"date": "1996-12-31", "symbol": "TAC", "reportedCurrency": "CAD", "cik": "0001144800", "fillingDate": "1996-12-31", "acceptedDate": "1996-12-30 19:00:00", "calendarYear": "1996", "period": "FY", "revenue": 1575300000, "costOfRevenue": 0, "grossProfit": 1575300000, "grossProfitRatio": 1, "researchAndDevelopmentExpenses": 0, "generalAndAdministrativeExpenses": 0, "sellingAndMarketingExpenses": 0, "sellingGeneralAndAdministrativeExpenses": 0, "otherExpenses": 0, "operatingExpenses": 0, "costAndExpenses": 0, "interestIncome": 0, "interestExpense": 0, "depreciationAndAmortization": 0, "ebitda": 1575300000, "ebitdaratio": 1, "operatingIncome": 1575300000, "operatingIncomeRatio": 1, "totalOtherIncomeExpensesNet": 0, "incomeBeforeTax": 0, "incomeBeforeTaxRatio": 0, "incomeTaxExpense": -181000000, "netIncome": 181000000, "netIncomeRatio": 0.1148987494, "eps": 1.14, "epsdiluted": 1.14, "weightedAverageShsOut": 158771930, "weightedAverageShsOutDil": 158771930, "link": "", "finalLink": "", "calculatedOtherExpenses": 0, "calculatedOperatingExpenses": 0, "calculatedNetInterest": 0, "calculatedOtherIncome": -1575300000, "calculatedIncomeNonControlling": 0, "calculatedEbitda": 1575300000}]}