{"originalCurrency": "USD", "convertedCurrency": "USD", "report": [{"date": "2023-12-31", "symbol": "TALO", "reportedCurrency": "USD", "cik": "0001724965", "fillingDate": "2024-02-29", "acceptedDate": "2024-02-28 21:00:57", "calendarYear": "2023", "period": "FY", "revenue": 1457886000, "costOfRevenue": 1141758000, "grossProfit": 316128000, "grossProfitRatio": 0.2168399998, "researchAndDevelopmentExpenses": 0, "generalAndAdministrativeExpenses": 158493000, "sellingAndMarketingExpenses": -38100000, "sellingGeneralAndAdministrativeExpenses": 120393000, "otherExpenses": -14045000, "operatingExpenses": 134438000, "costAndExpenses": 1276196000, "interestIncome": 0, "interestExpense": 173145000, "depreciationAndAmortization": 749686000, "ebitda": 931376000, "ebitdaratio": 0.6388537924, "operatingIncome": 181690000, "operatingIncomeRatio": 0.1246256566, "totalOtherIncomeExpensesNet": -54955000, "incomeBeforeTax": 126735000, "incomeBeforeTaxRatio": 0.0869306654, "incomeTaxExpense": -60597000, "netIncome": 187332000, "netIncomeRatio": 0.1284956437, "eps": 1.56, "epsdiluted": 1.55, "weightedAverageShsOut": 119894000, "weightedAverageShsOutDil": 120752000, "link": "https://www.sec.gov/Archives/edgar/data/1724965/000095017024022540/0000950170-24-022540-index.htm", "finalLink": "https://www.sec.gov/Archives/edgar/data/1724965/000095017024022540/talo-20231231.htm", "calculatedOtherExpenses": 14045000, "calculatedOperatingExpenses": 134438000, "calculatedNetInterest": -173145000, "calculatedOtherIncome": 118190000, "calculatedIncomeNonControlling": 0, "calculatedEbitda": 931376000}, {"date": "2022-12-31", "symbol": "TALO", "reportedCurrency": "USD", "cik": "0001724965", "fillingDate": "2023-03-01", "acceptedDate": "2023-02-28 20:04:11", "calendarYear": "2022", "period": "FY", "revenue": 1651980000, "costOfRevenue": 726210000, "grossProfit": 925770000, "grossProfitRatio": 0.560400247, "researchAndDevelopmentExpenses": 0, "generalAndAdministrativeExpenses": 99754000, "sellingAndMarketingExpenses": 0, "sellingGeneralAndAdministrativeExpenses": 99754000, "otherExpenses": 89897000, "operatingExpenses": 189651000, "costAndExpenses": 915861000, "interestIncome": 125498000, "interestExpense": 125498000, "depreciationAndAmortization": 516647000, "ebitda": 1252766000, "ebitdaratio": 0.7583421107, "operatingIncome": 736119000, "operatingIncomeRatio": 0.4455980097, "totalOtherIncomeExpensesNet": -351667000, "incomeBeforeTax": 384452000, "incomeBeforeTaxRatio": 0.2327219458, "incomeTaxExpense": 2537000, "netIncome": 381915000, "netIncomeRatio": 0.2311862129, "eps": 4.63, "epsdiluted": 4.56, "weightedAverageShsOut": 82454000, "weightedAverageShsOutDil": 83683000, "link": "https://www.sec.gov/Archives/edgar/data/1724965/000095017023005278/0000950170-23-005278-index.htm", "finalLink": "https://www.sec.gov/Archives/edgar/data/1724965/000095017023005278/talo-20221231.htm", "calculatedOtherExpenses": 89897000, "calculatedOperatingExpenses": 189651000, "calculatedNetInterest": 0, "calculatedOtherIncome": -351667000, "calculatedIncomeNonControlling": 0, "calculatedEbitda": 1252766000}, {"date": "2021-12-31", "symbol": "TALO", "reportedCurrency": "USD", "cik": "0001724965", "fillingDate": "2022-02-25", "acceptedDate": "2022-02-24 18:24:29", "calendarYear": "2021", "period": "FY", "revenue": 1244540000, "costOfRevenue": 682958000, "grossProfit": 561582000, "grossProfitRatio": 0.4512366015, "researchAndDevelopmentExpenses": 0, "generalAndAdministrativeExpenses": 78677000, "sellingAndMarketingExpenses": 0, "sellingGeneralAndAdministrativeExpenses": 78677000, "otherExpenses": 90166000, "operatingExpenses": 168843000, "costAndExpenses": 851801000, "interestIncome": 133138000, "interestExpense": 133138000, "depreciationAndAmortization": 465258000, "ebitda": 839874000, "ebitdaratio": 0.6748469314, "operatingIncome": 374616000, "operatingIncomeRatio": 0.3010076012, "totalOtherIncomeExpensesNet": -559203000, "incomeBeforeTax": -184587000, "incomeBeforeTaxRatio": -0.1483174506, "incomeTaxExpense": -1635000, "netIncome": -182952000, "netIncomeRatio": -0.1470037122, "eps": -2.24, "epsdiluted": -2.24, "weightedAverageShsOut": 81769000, "weightedAverageShsOutDil": 81769000, "link": "https://www.sec.gov/Archives/edgar/data/1724965/000095017022002013/0000950170-22-002013-index.htm", "finalLink": "https://www.sec.gov/Archives/edgar/data/1724965/000095017022002013/talo-20211231.htm", "calculatedOtherExpenses": 108289000, "calculatedOperatingExpenses": 186966000, "calculatedNetInterest": 0, "calculatedOtherIncome": -559203000, "calculatedIncomeNonControlling": 0, "calculatedEbitda": 839874000}, {"date": "2020-12-31", "symbol": "TALO", "reportedCurrency": "USD", "cik": "0001724965", "fillingDate": "2021-03-11", "acceptedDate": "2021-03-10 17:49:05", "calendarYear": "2020", "period": "FY", "revenue": 575936000, "costOfRevenue": 611964000, "grossProfit": -36028000, "grossProfitRatio": -0.0625555617, "researchAndDevelopmentExpenses": 0, "generalAndAdministrativeExpenses": 79175000, "sellingAndMarketingExpenses": 0, "sellingGeneralAndAdministrativeExpenses": 79175000, "otherExpenses": 38191000, "operatingExpenses": 117366000, "costAndExpenses": 729330000, "interestIncome": 99415000, "interestExpense": 99415000, "depreciationAndAmortization": 414087000, "ebitda": 263711000, "ebitdaratio": 0.4578824731, "operatingIncome": -150376000, "operatingIncomeRatio": -0.2610984554, "totalOtherIncomeExpensesNet": -279646000, "incomeBeforeTax": -430022000, "incomeBeforeTaxRatio": -0.7466489332, "incomeTaxExpense": 35583000, "netIncome": -465605000, "netIncomeRatio": -0.8084318396, "eps": -6.88, "epsdiluted": -6.88, "weightedAverageShsOut": 67664000, "weightedAverageShsOutDil": 67664000, "link": "https://www.sec.gov/Archives/edgar/data/1724965/000156459021012130/0001564590-21-012130-index.htm", "finalLink": "https://www.sec.gov/Archives/edgar/data/1724965/000156459021012130/talo-10k_20201231.htm", "calculatedOtherExpenses": 35173000, "calculatedOperatingExpenses": 114348000, "calculatedNetInterest": 0, "calculatedOtherIncome": -279646000, "calculatedIncomeNonControlling": 0, "calculatedEbitda": 263711000}, {"date": "2019-12-31", "symbol": "TALO", "reportedCurrency": "USD", "cik": "0001724965", "fillingDate": "2020-03-12", "acceptedDate": "2020-03-12 16:33:28", "calendarYear": "2019", "period": "FY", "revenue": 908064000, "costOfRevenue": 590707000, "grossProfit": 317357000, "grossProfitRatio": 0.3494874811, "researchAndDevelopmentExpenses": 0, "generalAndAdministrativeExpenses": 77209000, "sellingAndMarketingExpenses": 0, "sellingGeneralAndAdministrativeExpenses": 77209000, "otherExpenses": 14833000, "operatingExpenses": 92042000, "costAndExpenses": 682749000, "interestIncome": 97847000, "interestExpense": 97847000, "depreciationAndAmortization": 395219000, "ebitda": 608313000, "ebitdaratio": 0.6699010202, "operatingIncome": 213094000, "operatingIncomeRatio": 0.2346684815, "totalOtherIncomeExpensesNet": -190506000, "incomeBeforeTax": 22588000, "incomeBeforeTaxRatio": 0.0248748987, "incomeTaxExpense": -36141000, "netIncome": 58729000, "netIncomeRatio": 0.0646749568, "eps": 1.08, "epsdiluted": 1.08, "weightedAverageShsOut": 54185000, "weightedAverageShsOutDil": 54413000, "link": "https://www.sec.gov/Archives/edgar/data/1724965/000156459020010495/0001564590-20-010495-index.htm", "finalLink": "https://www.sec.gov/Archives/edgar/data/1724965/000156459020010495/talo-10k_20191231.htm", "calculatedOtherExpenses": 27054000, "calculatedOperatingExpenses": 104263000, "calculatedNetInterest": 0, "calculatedOtherIncome": -190506000, "calculatedIncomeNonControlling": 0, "calculatedEbitda": 608313000}, {"date": "2018-12-31", "symbol": "TALO", "reportedCurrency": "USD", "cik": "0001724965", "fillingDate": "2019-03-13", "acceptedDate": "2019-03-13 17:07:34", "calendarYear": "2018", "period": "FY", "revenue": 891288000, "costOfRevenue": 436696000, "grossProfit": 454592000, "grossProfitRatio": 0.5100394036, "researchAndDevelopmentExpenses": 0, "generalAndAdministrativeExpenses": 101158000, "sellingAndMarketingExpenses": 0, "sellingGeneralAndAdministrativeExpenses": 101158000, "otherExpenses": 1012000, "operatingExpenses": 201463000, "costAndExpenses": 638159000, "interestIncome": 0, "interestExpense": 90114000, "depreciationAndAmortization": 324063000, "ebitda": 578204000, "ebitdaratio": 0.6487285816, "operatingIncome": 253129000, "operatingIncomeRatio": 0.2840035993, "totalOtherIncomeExpensesNet": 61447000, "incomeBeforeTax": 224462000, "incomeBeforeTaxRatio": 0.2518400337, "incomeTaxExpense": 2922000, "netIncome": 221540000, "netIncomeRatio": 0.2485616322, "eps": 4.81, "epsdiluted": 4.81, "weightedAverageShsOut": 46058000, "weightedAverageShsOutDil": 46061000, "link": "https://www.sec.gov/Archives/edgar/data/1724965/000156459019007586/0001564590-19-007586-index.htm", "finalLink": "https://www.sec.gov/Archives/edgar/data/1724965/000156459019007586/talo-10k_20181231.htm", "calculatedOtherExpenses": 100305000, "calculatedOperatingExpenses": 201463000, "calculatedNetInterest": -90114000, "calculatedOtherIncome": 61447000, "calculatedIncomeNonControlling": 0, "calculatedEbitda": 577192000}, {"date": "2017-12-31", "symbol": "TALO", "reportedCurrency": "USD", "cik": "0001724965", "fillingDate": "2017-12-31", "acceptedDate": "2017-12-30 19:00:00", "calendarYear": "2017", "period": "FY", "revenue": 410325000, "costOfRevenue": 267992000, "grossProfit": 142333000, "grossProfitRatio": 0.3468786937, "researchAndDevelopmentExpenses": 0, "generalAndAdministrativeExpenses": 47416000, "sellingAndMarketingExpenses": 0, "sellingGeneralAndAdministrativeExpenses": 47416000, "otherExpenses": 329000, "operatingExpenses": 97033000, "costAndExpenses": 365025000, "interestIncome": 0, "interestExpense": 80934000, "depreciationAndAmortization": 176647000, "ebitda": 222276000, "ebitdaratio": 0.5417071833, "operatingIncome": 45300000, "operatingIncomeRatio": 0.1104002925, "totalOtherIncomeExpensesNet": -27234000, "incomeBeforeTax": -62868000, "incomeBeforeTaxRatio": -0.1532151343, "incomeTaxExpense": 81263000, "netIncome": -62868000, "netIncomeRatio": -0.1532151343, "eps": -1.16, "epsdiluted": -1.16, "weightedAverageShsOut": 54157000, "weightedAverageShsOutDil": 54157000, "link": "", "finalLink": "", "calculatedOtherExpenses": 49617000, "calculatedOperatingExpenses": 97033000, "calculatedNetInterest": -80934000, "calculatedOtherIncome": -27234000, "calculatedIncomeNonControlling": -81263000, "calculatedEbitda": 221947000}, {"date": "2016-12-31", "symbol": "TALO", "reportedCurrency": "USD", "cik": "0001724965", "fillingDate": "2016-12-31", "acceptedDate": "2016-12-30 19:00:00", "calendarYear": "2016", "period": "FY", "revenue": 249820000, "costOfRevenue": 251007000, "grossProfit": -1187000, "grossProfitRatio": -0.004751421, "researchAndDevelopmentExpenses": 0, "generalAndAdministrativeExpenses": 41787000, "sellingAndMarketingExpenses": 0, "sellingGeneralAndAdministrativeExpenses": 41787000, "otherExpenses": 405000, "operatingExpenses": 79492000, "costAndExpenses": 330499000, "interestIncome": 0, "interestExpense": 70415000, "depreciationAndAmortization": 146518000, "ebitda": 66244000, "ebitdaratio": 0.2651669202, "operatingIncome": -80679000, "operatingIncomeRatio": -0.3229485229, "totalOtherIncomeExpensesNet": -56993000, "incomeBeforeTax": -208087000, "incomeBeforeTaxRatio": -0.8329477224, "incomeTaxExpense": 70820000, "netIncome": -208087000, "netIncomeRatio": -0.8329477224, "eps": -3.84, "epsdiluted": -3.84, "weightedAverageShsOut": 54157000, "weightedAverageShsOutDil": 54157000, "link": "", "finalLink": "", "calculatedOtherExpenses": 37705000, "calculatedOperatingExpenses": 79492000, "calculatedNetInterest": -70415000, "calculatedOtherIncome": -56993000, "calculatedIncomeNonControlling": -70820000, "calculatedEbitda": 65839000}, {"date": "2015-12-31", "symbol": "TALO", "reportedCurrency": "USD", "cik": "0001724965", "fillingDate": "2015-12-31", "acceptedDate": "2015-12-30 19:00:00", "calendarYear": "2015", "period": "FY", "revenue": 309716000, "costOfRevenue": 387095000, "grossProfit": -77379000, "grossProfitRatio": -0.2498385618, "researchAndDevelopmentExpenses": 0, "generalAndAdministrativeExpenses": 53627000, "sellingAndMarketingExpenses": 0, "sellingGeneralAndAdministrativeExpenses": 53627000, "otherExpenses": 314000, "operatingExpenses": 96884000, "costAndExpenses": 483979000, "interestIncome": 0, "interestExpense": 51544000, "depreciationAndAmortization": 232084000, "ebitda": 58135000, "ebitdaratio": 0.1877042193, "operatingIncome": -777651000, "operatingIncomeRatio": -2.5108518772, "totalOtherIncomeExpensesNet": -420878000, "incomeBeforeTax": -646685000, "incomeBeforeTaxRatio": -2.0879935166, "incomeTaxExpense": 51858000, "netIncome": -646685000, "netIncomeRatio": -2.0879935166, "eps": -11.94, "epsdiluted": -11.94, "weightedAverageShsOut": 54157000, "weightedAverageShsOutDil": 54157000, "link": "", "finalLink": "", "calculatedOtherExpenses": 646645000, "calculatedOperatingExpenses": 700272000, "calculatedNetInterest": -51544000, "calculatedOtherIncome": 182510000, "calculatedIncomeNonControlling": -51858000, "calculatedEbitda": -545567000}]}