{"originalCurrency": "USD", "convertedCurrency": "USD", "report": [{"date": "2023-12-31", "symbol": "TAP", "reportedCurrency": "USD", "cik": "0000024545", "fillingDate": "2024-02-20", "acceptedDate": "2024-02-20 09:23:17", "calendarYear": "2023", "period": "FY", "revenue": 11702100000, "costOfRevenue": 7333300000, "grossProfit": 4368800000, "grossProfitRatio": 0.3733347006, "researchAndDevelopmentExpenses": 0, "generalAndAdministrativeExpenses": 1679900000, "sellingAndMarketingExpenses": 1100000000, "sellingGeneralAndAdministrativeExpenses": 2779900000, "otherExpenses": 22900000, "operatingExpenses": 2779900000, "costAndExpenses": 10113200000, "interestIncome": 25400000, "interestExpense": 234000000, "depreciationAndAmortization": 682800000, "ebitda": 2332000000, "ebitdaratio": 0.199280471, "operatingIncome": 1438200000, "operatingIncomeRatio": 0.1229010178, "totalOtherIncomeExpensesNet": -127800000, "incomeBeforeTax": 1252500000, "incomeBeforeTaxRatio": 0.1070320712, "incomeTaxExpense": 296100000, "netIncome": 948900000, "netIncomeRatio": 0.0810880098, "eps": 4.39, "epsdiluted": 4.37, "weightedAverageShsOut": 216000000, "weightedAverageShsOutDil": 217300000, "link": "https://www.sec.gov/Archives/edgar/data/24545/000002454524000005/0000024545-24-000005-index.htm", "finalLink": "https://www.sec.gov/Archives/edgar/data/24545/000002454524000005/tap-20231231.htm", "calculatedOtherExpenses": 150700000, "calculatedOperatingExpenses": 2930600000, "calculatedNetInterest": -208600000, "calculatedOtherIncome": 22900000, "calculatedIncomeNonControlling": 7500000, "calculatedEbitda": 2121000000}, {"date": "2022-12-31", "symbol": "TAP", "reportedCurrency": "USD", "cik": "0000024545", "fillingDate": "2023-02-21", "acceptedDate": "2023-02-21 11:18:22", "calendarYear": "2022", "period": "FY", "revenue": 10701000000, "costOfRevenue": 7045800000, "grossProfit": 3655200000, "grossProfitRatio": 0.3415755537, "researchAndDevelopmentExpenses": 0, "generalAndAdministrativeExpenses": 1618800000, "sellingAndMarketingExpenses": 1000000000, "sellingGeneralAndAdministrativeExpenses": 2618800000, "otherExpenses": 38600000, "operatingExpenses": 2657400000, "costAndExpenses": 9703200000, "interestIncome": 4300000, "interestExpense": 250600000, "depreciationAndAmortization": 684800000, "ebitda": 2527600000, "ebitdaratio": 0.2362022241, "operatingIncome": 1842800000, "operatingIncomeRatio": 0.1722082048, "totalOtherIncomeExpensesNet": -1905300000, "incomeBeforeTax": -62500000, "incomeBeforeTaxRatio": -0.0058405756, "incomeTaxExpense": 124000000, "netIncome": -186500000, "netIncomeRatio": -0.0174282777, "eps": -0.86, "epsdiluted": -0.86, "weightedAverageShsOut": 216900000, "weightedAverageShsOutDil": 216900000, "link": "https://www.sec.gov/Archives/edgar/data/24545/000002454523000006/0000024545-23-000006-index.htm", "finalLink": "https://www.sec.gov/Archives/edgar/data/24545/000002454523000006/tap-20221231.htm", "calculatedOtherExpenses": -806400000, "calculatedOperatingExpenses": 1812400000, "calculatedNetInterest": -246300000, "calculatedOtherIncome": -1659000000, "calculatedIncomeNonControlling": 0, "calculatedEbitda": 2527600000}, {"date": "2021-12-31", "symbol": "TAP", "reportedCurrency": "USD", "cik": "0000024545", "fillingDate": "2022-02-23", "acceptedDate": "2022-02-23 11:15:53", "calendarYear": "2021", "period": "FY", "revenue": 10279700000, "costOfRevenue": 6226300000, "grossProfit": 4053400000, "grossProfitRatio": 0.394311118, "researchAndDevelopmentExpenses": 0, "generalAndAdministrativeExpenses": 1454500000, "sellingAndMarketingExpenses": 1100000000, "sellingGeneralAndAdministrativeExpenses": 2554500000, "otherExpenses": 42900000, "operatingExpenses": 2554500000, "costAndExpenses": 8780800000, "interestIncome": 2000000, "interestExpense": 260300000, "depreciationAndAmortization": 875100000, "ebitda": 2329500000, "ebitdaratio": 0.2266116715, "operatingIncome": 1454400000, "operatingIncomeRatio": 0.1414827281, "totalOtherIncomeExpensesNet": -215400000, "incomeBeforeTax": 1239000000, "incomeBeforeTaxRatio": 0.1205288092, "incomeTaxExpense": 230500000, "netIncome": 1005700000, "netIncomeRatio": 0.0978335944, "eps": 4.63, "epsdiluted": 4.62, "weightedAverageShsOut": 217100000, "weightedAverageShsOutDil": 217600000, "link": "https://www.sec.gov/Archives/edgar/data/24545/000002454522000005/0000024545-22-000005-index.htm", "finalLink": "https://www.sec.gov/Archives/edgar/data/24545/000002454522000005/tap-20211231.htm", "calculatedOtherExpenses": 44500000, "calculatedOperatingExpenses": 2599000000, "calculatedNetInterest": -258300000, "calculatedOtherIncome": 42900000, "calculatedIncomeNonControlling": 2800000, "calculatedEbitda": 2329500000}, {"date": "2020-12-31", "symbol": "TAP", "reportedCurrency": "USD", "cik": "0000024545", "fillingDate": "2021-02-11", "acceptedDate": "2021-02-11 11:16:53", "calendarYear": "2020", "period": "FY", "revenue": 9654000000, "costOfRevenue": 5885700000, "grossProfit": 3768300000, "grossProfitRatio": 0.3903356122, "researchAndDevelopmentExpenses": 0, "generalAndAdministrativeExpenses": 1537000000, "sellingAndMarketingExpenses": 900000000, "sellingGeneralAndAdministrativeExpenses": 2437000000, "otherExpenses": 33500000, "operatingExpenses": 2437000000, "costAndExpenses": 8322700000, "interestIncome": 3300000, "interestExpense": 274600000, "depreciationAndAmortization": 922000000, "ebitda": 2290100000, "ebitdaratio": 0.2372177336, "operatingIncome": 1368100000, "operatingIncomeRatio": 0.1417132795, "totalOtherIncomeExpensesNet": -2012000000, "incomeBeforeTax": -643900000, "incomeBeforeTaxRatio": -0.0666977419, "incomeTaxExpense": 301800000, "netIncome": -945700000, "netIncomeRatio": -0.0979593951, "eps": -4.36, "epsdiluted": -4.36, "weightedAverageShsOut": 216800000, "weightedAverageShsOutDil": 216800000, "link": "https://www.sec.gov/Archives/edgar/data/24545/000002454521000004/0000024545-21-000004-index.htm", "finalLink": "https://www.sec.gov/Archives/edgar/data/24545/000002454521000004/tap-20201231.htm", "calculatedOtherExpenses": -36800000, "calculatedOperatingExpenses": 2400200000, "calculatedNetInterest": -271300000, "calculatedOtherIncome": -1740700000, "calculatedIncomeNonControlling": 0, "calculatedEbitda": 2290100000}, {"date": "2019-12-31", "symbol": "TAP", "reportedCurrency": "USD", "cik": "0000024545", "fillingDate": "2020-02-12", "acceptedDate": "2020-02-12 12:57:07", "calendarYear": "2019", "period": "FY", "revenue": 10579400000, "costOfRevenue": 6378200000, "grossProfit": 4201200000, "grossProfitRatio": 0.3971113674, "researchAndDevelopmentExpenses": 0, "generalAndAdministrativeExpenses": 1528000000, "sellingAndMarketingExpenses": 1200000000, "sellingGeneralAndAdministrativeExpenses": 2728000000, "otherExpenses": -11800000, "operatingExpenses": 2728000000, "costAndExpenses": 9106200000, "interestIncome": 8200000, "interestExpense": 280900000, "depreciationAndAmortization": 859000000, "ebitda": 3041000000, "ebitdaratio": 0.2874454128, "operatingIncome": 2182000000, "operatingIncomeRatio": 0.2062498818, "totalOtherIncomeExpensesNet": -1702100000, "incomeBeforeTax": 479900000, "incomeBeforeTaxRatio": 0.0453617407, "incomeTaxExpense": 233700000, "netIncome": 241700000, "netIncomeRatio": 0.0228462862, "eps": 1.12, "epsdiluted": 1.11, "weightedAverageShsOut": 216600000, "weightedAverageShsOutDil": 216900000, "link": "https://www.sec.gov/Archives/edgar/data/24545/000002454520000005/0000024545-20-000005-index.htm", "finalLink": "https://www.sec.gov/Archives/edgar/data/24545/000002454520000005/tap2019123110-k.htm", "calculatedOtherExpenses": -708800000, "calculatedOperatingExpenses": 2019200000, "calculatedNetInterest": -272700000, "calculatedOtherIncome": -1429400000, "calculatedIncomeNonControlling": 4500000, "calculatedEbitda": 3041000000}, {"date": "2018-12-31", "symbol": "TAP", "reportedCurrency": "USD", "cik": "0000024545", "fillingDate": "2019-02-12", "acceptedDate": "2019-02-12 07:18:23", "calendarYear": "2018", "period": "FY", "revenue": 10769600000, "costOfRevenue": 6584800000, "grossProfit": 4184800000, "grossProfitRatio": 0.3885752488, "researchAndDevelopmentExpenses": 0, "generalAndAdministrativeExpenses": 1602700000, "sellingAndMarketingExpenses": 1200000000, "sellingGeneralAndAdministrativeExpenses": 2802700000, "otherExpenses": 26200000, "operatingExpenses": 2802700000, "costAndExpenses": 9387500000, "interestIncome": 8000000, "interestExpense": 306200000, "depreciationAndAmortization": 857500000, "ebitda": 1989900000, "ebitdaratio": 0.1847700936, "operatingIncome": 1631800000, "operatingIncomeRatio": 0.1515190908, "totalOtherIncomeExpensesNet": 275900000, "incomeBeforeTax": 1359800000, "incomeBeforeTaxRatio": 0.1262628138, "incomeTaxExpense": 225200000, "netIncome": 1116500000, "netIncomeRatio": 0.1036714456, "eps": 5.17, "epsdiluted": 5.15, "weightedAverageShsOut": 216000000, "weightedAverageShsOutDil": 216600000, "link": "https://www.sec.gov/Archives/edgar/data/24545/000002454519000007/0000024545-19-000007-index.htm", "finalLink": "https://www.sec.gov/Archives/edgar/data/24545/000002454519000007/tap2018123110-k.htm", "calculatedOtherExpenses": -249700000, "calculatedOperatingExpenses": 2553000000, "calculatedNetInterest": -298200000, "calculatedOtherIncome": 26200000, "calculatedIncomeNonControlling": 18100000, "calculatedEbitda": 2489300000}, {"date": "2017-12-31", "symbol": "TAP", "reportedCurrency": "USD", "cik": "0000024545", "fillingDate": "2018-02-14", "acceptedDate": "2018-02-14 11:48:50", "calendarYear": "2017", "period": "FY", "revenue": 11002800000, "costOfRevenue": 6217200000, "grossProfit": 4785600000, "grossProfitRatio": 0.4349438325, "researchAndDevelopmentExpenses": 0, "generalAndAdministrativeExpenses": 1732400000, "sellingAndMarketingExpenses": 1300000000, "sellingGeneralAndAdministrativeExpenses": 3032400000, "otherExpenses": -100000, "operatingExpenses": 3032400000, "costAndExpenses": 9249600000, "interestIncome": 6000000, "interestExpense": 349300000, "depreciationAndAmortization": 812800000, "ebitda": 2594100000, "ebitdaratio": 0.2357672592, "operatingIncome": 1725100000, "operatingIncomeRatio": 0.1567873632, "totalOtherIncomeExpensesNet": -28200000, "incomeBeforeTax": 1381700000, "incomeBeforeTaxRatio": 0.1255771258, "incomeTaxExpense": -53200000, "netIncome": 1414200000, "netIncomeRatio": 0.1285309194, "eps": 6.57, "epsdiluted": 6.53, "weightedAverageShsOut": 215400000, "weightedAverageShsOutDil": 216500000, "link": "https://www.sec.gov/Archives/edgar/data/24545/000002454518000009/0000024545-18-000009-index.htm", "finalLink": "https://www.sec.gov/Archives/edgar/data/24545/000002454518000009/tap2017123110-k.htm", "calculatedOtherExpenses": 28100000, "calculatedOperatingExpenses": 3060500000, "calculatedNetInterest": -343300000, "calculatedOtherIncome": -100000, "calculatedIncomeNonControlling": 20700000, "calculatedEbitda": 2537900000}, {"date": "2016-12-31", "symbol": "TAP", "reportedCurrency": "USD", "cik": "0000024545", "fillingDate": "2017-02-14", "acceptedDate": "2017-02-14 12:55:59", "calendarYear": "2016", "period": "FY", "revenue": 4885000000, "costOfRevenue": 3003100000, "grossProfit": 1881900000, "grossProfitRatio": 0.3852405322, "researchAndDevelopmentExpenses": 0, "generalAndAdministrativeExpenses": 953200000, "sellingAndMarketingExpenses": 644100000, "sellingGeneralAndAdministrativeExpenses": 1597300000, "otherExpenses": -29700000, "operatingExpenses": 1597300000, "costAndExpenses": 4600400000, "interestIncome": 27200000, "interestExpense": 271600000, "depreciationAndAmortization": 388400000, "ebitda": 1171400000, "ebitdaratio": 0.2397952917, "operatingIncome": 3309400000, "operatingIncomeRatio": 0.6774616172, "totalOtherIncomeExpensesNet": 2995100000, "incomeBeforeTax": 3035300000, "incomeBeforeTaxRatio": 0.6213510747, "incomeTaxExpense": 1050700000, "netIncome": 1975900000, "netIncomeRatio": 0.4044831116, "eps": 9.32, "epsdiluted": 9.26, "weightedAverageShsOut": 212000000, "weightedAverageShsOutDil": 213400000, "link": "https://www.sec.gov/Archives/edgar/data/24545/000002454517000005/0000024545-17-000005-index.htm", "finalLink": "https://www.sec.gov/Archives/edgar/data/24545/000002454517000005/tap2016123110-k.htm", "calculatedOtherExpenses": -3024800000, "calculatedOperatingExpenses": -1427500000, "calculatedNetInterest": -244400000, "calculatedOtherIncome": -29700000, "calculatedIncomeNonControlling": 8700000, "calculatedEbitda": 3697800000}, {"date": "2015-12-31", "symbol": "TAP", "reportedCurrency": "USD", "cik": "0000024545", "fillingDate": "2016-02-11", "acceptedDate": "2016-02-11 16:11:16", "calendarYear": "2015", "period": "FY", "revenue": 3567500000, "costOfRevenue": 2163500000, "grossProfit": 1404000000, "grossProfitRatio": 0.3935529082, "researchAndDevelopmentExpenses": 0, "generalAndAdministrativeExpenses": 650200000, "sellingAndMarketingExpenses": 401600000, "sellingGeneralAndAdministrativeExpenses": 1051800000, "otherExpenses": 900000, "operatingExpenses": 1051800000, "costAndExpenses": 3215300000, "interestIncome": 8300000, "interestExpense": 120300000, "depreciationAndAmortization": 314400000, "ebitda": 1192100000, "ebitdaratio": 0.3341555711, "operatingIncome": 521800000, "operatingIncomeRatio": 0.1462648914, "totalOtherIncomeExpensesNet": 170500000, "incomeBeforeTax": 410700000, "incomeBeforeTaxRatio": 0.1151226349, "incomeTaxExpense": 51800000, "netIncome": 359500000, "netIncomeRatio": 0.1007708479, "eps": 1.94, "epsdiluted": 1.93, "weightedAverageShsOut": 185300000, "weightedAverageShsOutDil": 186400000, "link": "https://www.sec.gov/Archives/edgar/data/24545/000002454516000054/0000024545-16-000054-index.htm", "finalLink": "https://www.sec.gov/Archives/edgar/data/24545/000002454516000054/tap2015123110-k.htm", "calculatedOtherExpenses": -169600000, "calculatedOperatingExpenses": 882200000, "calculatedNetInterest": -112000000, "calculatedOtherIncome": 900000, "calculatedIncomeNonControlling": -600000, "calculatedEbitda": 836200000}, {"date": "2014-12-31", "symbol": "TAP", "reportedCurrency": "USD", "cik": "0000024545", "fillingDate": "2015-02-12", "acceptedDate": "2015-02-12 13:07:23", "calendarYear": "2014", "period": "FY", "revenue": 4146300000, "costOfRevenue": 2493300000, "grossProfit": 1653000000, "grossProfitRatio": 0.3986686926, "researchAndDevelopmentExpenses": 0, "generalAndAdministrativeExpenses": 690000000, "sellingAndMarketingExpenses": 473900000, "sellingGeneralAndAdministrativeExpenses": 1163900000, "otherExpenses": -6500000, "operatingExpenses": 1163900000, "costAndExpenses": 3657200000, "interestIncome": 11300000, "interestExpense": 145000000, "depreciationAndAmortization": 313000000, "ebitda": 1368700000, "ebitdaratio": 0.3301015363, "operatingIncome": 726500000, "operatingIncomeRatio": 0.175216458, "totalOtherIncomeExpensesNet": 230900000, "incomeBeforeTax": 586300000, "incomeBeforeTaxRatio": 0.1414031787, "incomeTaxExpense": 69000000, "netIncome": 514000000, "netIncomeRatio": 0.1239659455, "eps": 2.78, "epsdiluted": 2.76, "weightedAverageShsOut": 184900000, "weightedAverageShsOutDil": 186100000, "link": "https://www.sec.gov/Archives/edgar/data/24545/000002454515000004/0000024545-15-000004-index.htm", "finalLink": "https://www.sec.gov/Archives/edgar/data/24545/000002454515000004/tap2014123110-k.htm", "calculatedOtherExpenses": -237400000, "calculatedOperatingExpenses": 926500000, "calculatedNetInterest": -133700000, "calculatedOtherIncome": -6500000, "calculatedIncomeNonControlling": 3300000, "calculatedEbitda": 1039500000}, {"date": "2013-12-31", "symbol": "TAP", "reportedCurrency": "USD", "cik": "0000024545", "fillingDate": "2014-02-14", "acceptedDate": "2014-02-14 14:51:23", "calendarYear": "2013", "period": "FY", "revenue": 4206100000, "costOfRevenue": 2545600000, "grossProfit": 1660500000, "grossProfitRatio": 0.3947837664, "researchAndDevelopmentExpenses": 0, "generalAndAdministrativeExpenses": 746800000, "sellingAndMarketingExpenses": 447000000, "sellingGeneralAndAdministrativeExpenses": 1193800000, "otherExpenses": 18900000, "operatingExpenses": 1193800000, "costAndExpenses": 3739400000, "interestIncome": 13700000, "interestExpense": 183800000, "depreciationAndAmortization": 320500000, "ebitda": 987200000, "ebitdaratio": 0.2347067355, "operatingIncome": 805700000, "operatingIncomeRatio": 0.1915551223, "totalOtherIncomeExpensesNet": 357900000, "incomeBeforeTax": 654500000, "incomeBeforeTaxRatio": 0.1556073322, "incomeTaxExpense": 84000000, "netIncome": 567300000, "netIncomeRatio": 0.1348755379, "eps": 3.1, "epsdiluted": 3.08, "weightedAverageShsOut": 183000000, "weightedAverageShsOutDil": 184200000, "link": "https://www.sec.gov/Archives/edgar/data/24545/000002454514000004/0000024545-14-000004-index.htm", "finalLink": "https://www.sec.gov/Archives/edgar/data/24545/000002454514000004/tap2013123110-k.htm", "calculatedOtherExpenses": -339000000, "calculatedOperatingExpenses": 854800000, "calculatedNetInterest": -170100000, "calculatedOtherIncome": 18900000, "calculatedIncomeNonControlling": 3200000, "calculatedEbitda": 1126200000}, {"date": "2012-12-29", "symbol": "TAP", "reportedCurrency": "USD", "cik": "0000024545", "fillingDate": "2013-02-22", "acceptedDate": "2013-02-22 15:23:58", "calendarYear": "2012", "period": "FY", "revenue": 3916500000, "costOfRevenue": 2352500000, "grossProfit": 1564000000, "grossProfitRatio": 0.399336142, "researchAndDevelopmentExpenses": 0, "generalAndAdministrativeExpenses": 702600000, "sellingAndMarketingExpenses": 423500000, "sellingGeneralAndAdministrativeExpenses": 1126100000, "otherExpenses": -90300000, "operatingExpenses": 1126100000, "costAndExpenses": 3478600000, "interestIncome": 11300000, "interestExpense": 196300000, "depreciationAndAmortization": 272700000, "ebitda": 792000000, "ebitdaratio": 0.2022213711, "operatingIncome": 867400000, "operatingIncomeRatio": 0.2214732542, "totalOtherIncomeExpensesNet": 339200000, "incomeBeforeTax": 592100000, "incomeBeforeTaxRatio": 0.1511809013, "incomeTaxExpense": 154500000, "netIncome": 443000000, "netIncomeRatio": 0.1131111962, "eps": 2.45, "epsdiluted": 2.44, "weightedAverageShsOut": 180800000, "weightedAverageShsOutDil": 181800000, "link": "https://www.sec.gov/Archives/edgar/data/24545/000002454513000005/0000024545-13-000005-index.htm", "finalLink": "https://www.sec.gov/Archives/edgar/data/24545/000002454513000005/tap2012122910-k.htm", "calculatedOtherExpenses": -429500000, "calculatedOperatingExpenses": 696600000, "calculatedNetInterest": -185000000, "calculatedOtherIncome": -90300000, "calculatedIncomeNonControlling": -5400000, "calculatedEbitda": 1140100000}, {"date": "2011-12-31", "symbol": "TAP", "reportedCurrency": "USD", "cik": "0000024545", "fillingDate": "2012-02-27", "acceptedDate": "2012-02-24 18:47:26", "calendarYear": "2011", "period": "FY", "revenue": 3515700000, "costOfRevenue": 2049100000, "grossProfit": 1466600000, "grossProfitRatio": 0.4171573229, "researchAndDevelopmentExpenses": 0, "generalAndAdministrativeExpenses": 0, "sellingAndMarketingExpenses": 0, "sellingGeneralAndAdministrativeExpenses": 1019000000, "otherExpenses": 0, "operatingExpenses": 1019000000, "costAndExpenses": 3068100000, "interestIncome": 10700000, "interestExpense": 108000000, "depreciationAndAmortization": 217100000, "ebitda": 1122600000, "ebitdaratio": 0.3193105214, "operatingIncome": 893200000, "operatingIncomeRatio": 0.2540603578, "totalOtherIncomeExpensesNet": 434600000, "incomeBeforeTax": 774200000, "incomeBeforeTaxRatio": 0.220212191, "incomeTaxExpense": 99400000, "netIncome": 676300000, "netIncomeRatio": 0.192365674, "eps": 3.66, "epsdiluted": 3.63, "weightedAverageShsOut": 184900000, "weightedAverageShsOutDil": 186400000, "link": "https://www.sec.gov/Archives/edgar/data/24545/000144530512000454/0001445305-12-000454-index.htm", "finalLink": "https://www.sec.gov/Archives/edgar/data/24545/000144530512000454/tap2011123110-k.htm", "calculatedOtherExpenses": -445600000, "calculatedOperatingExpenses": 573400000, "calculatedNetInterest": -97300000, "calculatedOtherIncome": -21700000, "calculatedIncomeNonControlling": -1500000, "calculatedEbitda": 1110300000}, {"date": "2010-12-25", "symbol": "TAP", "reportedCurrency": "USD", "cik": "0000024545", "fillingDate": "2011-02-22", "acceptedDate": "2011-02-22 06:21:34", "calendarYear": "2010", "period": "FY", "revenue": 3254400000, "costOfRevenue": 1812200000, "grossProfit": 1442200000, "grossProfitRatio": 0.443153884, "researchAndDevelopmentExpenses": 0, "generalAndAdministrativeExpenses": 0, "sellingAndMarketingExpenses": 0, "sellingGeneralAndAdministrativeExpenses": 1012500000, "otherExpenses": 0, "operatingExpenses": 1012500000, "costAndExpenses": 2824700000, "interestIncome": 10800000, "interestExpense": 99400000, "depreciationAndAmortization": 202300000, "ebitda": 1088100000, "ebitdaratio": 0.3343473451, "operatingIncome": 864500000, "operatingIncomeRatio": 0.2656403638, "totalOtherIncomeExpensesNet": 478700000, "incomeBeforeTax": 809000000, "incomeBeforeTaxRatio": 0.248586529, "incomeTaxExpense": 138700000, "netIncome": 707700000, "netIncomeRatio": 0.2174594395, "eps": 3.8, "epsdiluted": 3.78, "weightedAverageShsOut": 185900000, "weightedAverageShsOutDil": 187300000, "link": "https://www.sec.gov/Archives/edgar/data/24545/000104746911001088/0001047469-11-001088-index.htm", "finalLink": "https://www.sec.gov/Archives/edgar/data/24545/000104746911001088/a2202044z10-k.htm", "calculatedOtherExpenses": -434800000, "calculatedOperatingExpenses": 577700000, "calculatedNetInterest": -88600000, "calculatedOtherIncome": 33100000, "calculatedIncomeNonControlling": -37400000, "calculatedEbitda": 1066800000}, {"date": "2009-12-26", "symbol": "TAP", "reportedCurrency": "USD", "cik": "0000024545", "fillingDate": "2010-02-19", "acceptedDate": "2010-02-19 17:21:22", "calendarYear": "2009", "period": "FY", "revenue": 3032400000, "costOfRevenue": 1726900000, "grossProfit": 1305500000, "grossProfitRatio": 0.4305170822, "researchAndDevelopmentExpenses": 0, "generalAndAdministrativeExpenses": 0, "sellingAndMarketingExpenses": 0, "sellingGeneralAndAdministrativeExpenses": 900800000, "otherExpenses": 0, "operatingExpenses": 900800000, "costAndExpenses": 2627700000, "interestIncome": 10700000, "interestExpense": 96600000, "depreciationAndAmortization": 187400000, "ebitda": 575400000, "ebitdaratio": 0.1897506925, "operatingIncome": 754000000, "operatingIncomeRatio": 0.2486479356, "totalOtherIncomeExpensesNet": 398700000, "incomeBeforeTax": 717500000, "incomeBeforeTaxRatio": 0.236611265, "incomeTaxExpense": -14700000, "netIncome": 720400000, "netIncomeRatio": 0.2375676032, "eps": 3.91, "epsdiluted": 3.87, "weightedAverageShsOut": 184400000, "weightedAverageShsOutDil": 185900000, "link": "https://www.sec.gov/Archives/edgar/data/24545/000104746910001028/0001047469-10-001028-index.htm", "finalLink": "https://www.sec.gov/Archives/edgar/data/24545/000104746910001028/a2196574z10-k.htm", "calculatedOtherExpenses": -349300000, "calculatedOperatingExpenses": 551500000, "calculatedNetInterest": -85900000, "calculatedOtherIncome": 49400000, "calculatedIncomeNonControlling": 11800000, "calculatedEbitda": 941400000}, {"date": "2008-12-28", "symbol": "TAP", "reportedCurrency": "USD", "cik": "0000024545", "fillingDate": "2009-02-25", "acceptedDate": "2009-02-24 21:23:28", "calendarYear": "2008", "period": "FY", "revenue": 4774300000, "costOfRevenue": 2840800000, "grossProfit": 1933500000, "grossProfitRatio": 0.4049808349, "researchAndDevelopmentExpenses": 0, "generalAndAdministrativeExpenses": 0, "sellingAndMarketingExpenses": 0, "sellingGeneralAndAdministrativeExpenses": 1333200000, "otherExpenses": 0, "operatingExpenses": 1333200000, "costAndExpenses": 4174000000, "interestIncome": 17300000, "interestExpense": 103300000, "depreciationAndAmortization": 273400000, "ebitda": 1046600000, "ebitdaratio": 0.2192153824, "operatingIncome": 622000000, "operatingIncomeRatio": 0.1302808789, "totalOtherIncomeExpensesNet": 900000, "incomeBeforeTax": 515200000, "incomeBeforeTaxRatio": 0.1079111074, "incomeTaxExpense": 102900000, "netIncome": 388000000, "netIncomeRatio": 0.0812684582, "eps": 2.07, "epsdiluted": 2.04, "weightedAverageShsOut": 182600000, "weightedAverageShsOutDil": 185500000, "link": "https://www.sec.gov/Archives/edgar/data/24545/000104746909001758/0001047469-09-001758-index.htm", "finalLink": "https://www.sec.gov/Archives/edgar/data/24545/000104746909001758/a2190839z10-k.htm", "calculatedOtherExpenses": -21700000, "calculatedOperatingExpenses": 1311500000, "calculatedNetInterest": -86000000, "calculatedOtherIncome": -20800000, "calculatedIncomeNonControlling": 24300000, "calculatedEbitda": 895400000}, {"date": "2007-12-30", "symbol": "TAP", "reportedCurrency": "USD", "cik": "0000024545", "fillingDate": "2008-02-22", "acceptedDate": "2008-02-21 21:00:33", "calendarYear": "2007", "period": "FY", "revenue": 6190592000, "costOfRevenue": 3702921000, "grossProfit": 2487671000, "grossProfitRatio": 0.4018470285, "researchAndDevelopmentExpenses": 0, "generalAndAdministrativeExpenses": 0, "sellingAndMarketingExpenses": 0, "sellingGeneralAndAdministrativeExpenses": 1734408000, "otherExpenses": 0, "operatingExpenses": 1734408000, "costAndExpenses": 5437329000, "interestIncome": 26587000, "interestExpense": 126462000, "depreciationAndAmortization": 345843000, "ebitda": 1125693000, "ebitdaratio": 0.1818393136, "operatingIncome": 641069000, "operatingIncomeRatio": 0.1035553627, "totalOtherIncomeExpensesNet": -119010000, "incomeBeforeTax": 534378000, "incomeBeforeTaxRatio": 0.0863209851, "incomeTaxExpense": 4186000, "netIncome": 497192000, "netIncomeRatio": 0.0803141283, "eps": 2.75, "epsdiluted": 2.71, "weightedAverageShsOut": 178700000, "weightedAverageShsOutDil": 181400000, "link": "https://www.sec.gov/Archives/edgar/data/24545/000104746908001563/0001047469-08-001563-index.htm", "finalLink": "https://www.sec.gov/Archives/edgar/data/24545/000104746908001563/a2182586z10-k.htm", "calculatedOtherExpenses": 112194000, "calculatedOperatingExpenses": 1846602000, "calculatedNetInterest": -99875000, "calculatedOtherIncome": -6816000, "calculatedIncomeNonControlling": 33000000, "calculatedEbitda": 986912000}, {"date": "2006-12-31", "symbol": "TAP", "reportedCurrency": "USD", "cik": "0000024545", "fillingDate": "2007-03-01", "acceptedDate": "2007-02-28 19:25:36", "calendarYear": "2006", "period": "FY", "revenue": 5844985000, "costOfRevenue": 3481081000, "grossProfit": 2363904000, "grossProfitRatio": 0.40443286, "researchAndDevelopmentExpenses": 0, "generalAndAdministrativeExpenses": 0, "sellingAndMarketingExpenses": 0, "sellingGeneralAndAdministrativeExpenses": 1705405000, "otherExpenses": 0, "operatingExpenses": 1705405000, "costAndExpenses": 5186486000, "interestIncome": 16289000, "interestExpense": 143070000, "depreciationAndAmortization": 438354000, "ebitda": 1113142000, "ebitdaratio": 0.1904439447, "operatingIncome": 581095000, "operatingIncomeRatio": 0.0994177059, "totalOtherIncomeExpensesNet": -59668000, "incomeBeforeTax": 472050000, "incomeBeforeTaxRatio": 0.0807615417, "incomeTaxExpense": 82405000, "netIncome": 361031000, "netIncomeRatio": 0.0617676521, "eps": 2.1, "epsdiluted": 2.08, "weightedAverageShsOut": 172166000, "weightedAverageShsOutDil": 173312000, "link": "https://www.sec.gov/Archives/edgar/data/24545/000110465907015086/0001104659-07-015086-index.htm", "finalLink": "https://www.sec.gov/Archives/edgar/data/24545/000110465907015086/a07-5287_110k.htm", "calculatedOtherExpenses": 77404000, "calculatedOperatingExpenses": 1782809000, "calculatedNetInterest": -126781000, "calculatedOtherIncome": 17736000, "calculatedIncomeNonControlling": 28614000, "calculatedEbitda": 1019449000}, {"date": "2005-12-25", "symbol": "TAP", "reportedCurrency": "USD", "cik": "0000024545", "fillingDate": "2006-03-10", "acceptedDate": "2006-03-10 17:31:20", "calendarYear": "2005", "period": "FY", "revenue": 5506906000, "costOfRevenue": 3306949000, "grossProfit": 2199957000, "grossProfitRatio": 0.3994905669, "researchAndDevelopmentExpenses": 0, "generalAndAdministrativeExpenses": 0, "sellingAndMarketingExpenses": 0, "sellingGeneralAndAdministrativeExpenses": 1632516000, "otherExpenses": 0, "operatingExpenses": 1632516000, "costAndExpenses": 4939465000, "interestIncome": 17503000, "interestExpense": 131106000, "depreciationAndAmortization": 392814000, "ebitda": 977758000, "ebitdaratio": 0.177551242, "operatingIncome": 422049000, "operatingIncomeRatio": 0.0766399499, "totalOtherIncomeExpensesNet": -158637000, "incomeBeforeTax": 295201000, "incomeBeforeTaxRatio": 0.0536056, "incomeTaxExpense": 50264000, "netIncome": 134944000, "netIncomeRatio": 0.024504504, "eps": 0.85, "epsdiluted": 0.84, "weightedAverageShsOut": 158806000, "weightedAverageShsOutDil": 160072000, "link": "https://www.sec.gov/Archives/edgar/data/24545/000104746906003212/0001047469-06-003212-index.htm", "finalLink": "https://www.sec.gov/Archives/edgar/data/24545/000104746906003212/a2168095z10-k.htm", "calculatedOtherExpenses": 145392000, "calculatedOperatingExpenses": 1777908000, "calculatedNetInterest": -113603000, "calculatedOtherIncome": -13245000, "calculatedIncomeNonControlling": 109993000, "calculatedEbitda": 814863000}, {"date": "2004-12-26", "symbol": "TAP", "reportedCurrency": "USD", "cik": "0000024545", "fillingDate": "2005-03-11", "acceptedDate": "2005-03-11 17:21:32", "calendarYear": "2004", "period": "FY", "revenue": 4305816000, "costOfRevenue": 2741694000, "grossProfit": 1564122000, "grossProfitRatio": 0.3632579748, "researchAndDevelopmentExpenses": 0, "generalAndAdministrativeExpenses": 0, "sellingAndMarketingExpenses": 0, "sellingGeneralAndAdministrativeExpenses": 1223219000, "otherExpenses": -7522000, "operatingExpenses": 1215697000, "costAndExpenses": 3957391000, "interestIncome": 19252000, "interestExpense": -72441000, "depreciationAndAmortization": 268377000, "ebitda": 596334000, "ebitdaratio": 0.138495003, "operatingIncome": 348425000, "operatingIncomeRatio": 0.0809196213, "totalOtherIncomeExpensesNet": 20468000, "incomeBeforeTax": 308182000, "incomeBeforeTaxRatio": 0.0715734253, "incomeTaxExpense": 95228000, "netIncome": 196736000, "netIncomeRatio": 0.0456907587, "eps": 2.65, "epsdiluted": 2.6, "weightedAverageShsOut": 74318000, "weightedAverageShsOutDil": 75818000, "link": "https://www.sec.gov/Archives/edgar/data/24545/000104746905006237/0001047469-05-006237-index.htm", "finalLink": "https://www.sec.gov/Archives/edgar/data/24545/000104746905006237/a2152593z10-k.htm", "calculatedOtherExpenses": -7522000, "calculatedOperatingExpenses": 1215697000, "calculatedNetInterest": 91693000, "calculatedOtherIncome": -131936000, "calculatedIncomeNonControlling": 16218000, "calculatedEbitda": 616802000}, {"date": "2003-12-28", "symbol": "TAP", "reportedCurrency": "USD", "cik": "0000024545", "fillingDate": "2004-03-12", "acceptedDate": "2004-03-12 17:28:08", "calendarYear": "2003", "period": "FY", "revenue": 4000113000, "costOfRevenue": 2586783000, "grossProfit": 1413330000, "grossProfitRatio": 0.3533225186, "researchAndDevelopmentExpenses": 0, "generalAndAdministrativeExpenses": 0, "sellingAndMarketingExpenses": 0, "sellingGeneralAndAdministrativeExpenses": 1105959000, "otherExpenses": 0, "operatingExpenses": 1105959000, "costAndExpenses": 3692742000, "interestIncome": 19245000, "interestExpense": -81195000, "depreciationAndAmortization": 243611000, "ebitda": 542585000, "ebitdaratio": 0.1356424181, "operatingIncome": 307371000, "operatingIncomeRatio": 0.0768405793, "totalOtherIncomeExpensesNet": 8397000, "incomeBeforeTax": 253818000, "incomeBeforeTaxRatio": 0.0634527075, "incomeTaxExpense": 79161000, "netIncome": 174657000, "netIncomeRatio": 0.0436630165, "eps": 2.4, "epsdiluted": 2.38, "weightedAverageShsOut": 72676000, "weightedAverageShsOutDil": 73192000, "link": "https://www.sec.gov/Archives/edgar/data/24545/000110465904007268/0001104659-04-007268-index.htm", "finalLink": "https://www.sec.gov/Archives/edgar/data/24545/000110465904007268/a04-3237_110k.htm", "calculatedOtherExpenses": 0, "calculatedOperatingExpenses": 1105959000, "calculatedNetInterest": 100440000, "calculatedOtherIncome": -153993000, "calculatedIncomeNonControlling": 0, "calculatedEbitda": 550982000}, {"date": "2002-12-29", "symbol": "TAP", "reportedCurrency": "USD", "cik": "0000024545", "fillingDate": "2003-03-27", "acceptedDate": "2003-03-26 19:59:44", "calendarYear": "2002", "period": "FY", "revenue": 3776322000, "costOfRevenue": 2414530000, "grossProfit": 1361792000, "grossProfitRatio": 0.3606133163, "researchAndDevelopmentExpenses": 0, "generalAndAdministrativeExpenses": 0, "sellingAndMarketingExpenses": 0, "sellingGeneralAndAdministrativeExpenses": 1057240000, "otherExpenses": 6267000, "operatingExpenses": 1063507000, "costAndExpenses": 3478037000, "interestIncome": 21187000, "interestExpense": -70919000, "depreciationAndAmortization": 230299000, "ebitda": 526804000, "ebitdaratio": 0.1395018751, "operatingIncome": 298285000, "operatingIncomeRatio": 0.0789882325, "totalOtherIncomeExpensesNet": 1780000, "incomeBeforeTax": 256600000, "incomeBeforeTaxRatio": 0.067949714, "incomeTaxExpense": 94947000, "netIncome": 161653000, "netIncomeRatio": 0.0428069958, "eps": 2.24, "epsdiluted": 2.21, "weightedAverageShsOut": 72280000, "weightedAverageShsOutDil": 73132000, "link": "https://www.sec.gov/Archives/edgar/data/24545/000104746903010404/0001047469-03-010404-index.htm", "finalLink": "https://www.sec.gov/Archives/edgar/data/24545/000104746903010404/a2106472z10-k.htm", "calculatedOtherExpenses": 6267000, "calculatedOperatingExpenses": 1063507000, "calculatedNetInterest": 92106000, "calculatedOtherIncome": -133791000, "calculatedIncomeNonControlling": 0, "calculatedEbitda": 528584000}, {"date": "2001-12-30", "symbol": "TAP", "reportedCurrency": "USD", "cik": "0000024545", "fillingDate": "2002-03-29", "acceptedDate": "2002-03-29 00:00:00", "calendarYear": "2001", "period": "FY", "revenue": 2429462000, "costOfRevenue": 1537623000, "grossProfit": 891839000, "grossProfitRatio": 0.3670932083, "researchAndDevelopmentExpenses": 0, "generalAndAdministrativeExpenses": 0, "sellingAndMarketingExpenses": 0, "sellingGeneralAndAdministrativeExpenses": 717060000, "otherExpenses": 0, "operatingExpenses": 717060000, "costAndExpenses": 2254683000, "interestIncome": 0, "interestExpense": 0, "depreciationAndAmortization": 121091000, "ebitda": 287039000, "ebitdaratio": 0.1181492034, "operatingIncome": 151605000, "operatingIncomeRatio": 0.0624027048, "totalOtherIncomeExpensesNet": 8831000, "incomeBeforeTax": 198013000, "incomeBeforeTaxRatio": 0.0815048764, "incomeTaxExpense": 75049000, "netIncome": 122964000, "netIncomeRatio": 0.050613675, "eps": 1.67, "epsdiluted": 1.66, "weightedAverageShsOut": 73804000, "weightedAverageShsOutDil": 74354000, "link": "https://www.sec.gov/Archives/edgar/data/24545/000002454502000003/0000024545-02-000003-index.htm", "finalLink": "https://www.sec.gov/Archives/edgar/data/24545/000002454502000003/edgar10k.txt", "calculatedOtherExpenses": 23174000, "calculatedOperatingExpenses": 740234000, "calculatedNetInterest": 0, "calculatedOtherIncome": 46408000, "calculatedIncomeNonControlling": 0, "calculatedEbitda": 272696000}, {"date": "2000-12-31", "symbol": "TAP", "reportedCurrency": "USD", "cik": "0000024545", "fillingDate": "2001-04-02", "acceptedDate": "2001-04-02 00:00:00", "calendarYear": "2000", "period": "FY", "revenue": 2414415000, "costOfRevenue": 1525829000, "grossProfit": 888586000, "grossProfitRatio": 0.3680336645, "researchAndDevelopmentExpenses": 0, "generalAndAdministrativeExpenses": 0, "sellingAndMarketingExpenses": 0, "sellingGeneralAndAdministrativeExpenses": 722745000, "otherExpenses": 15215000, "operatingExpenses": 737960000, "costAndExpenses": 2263789000, "interestIncome": 0, "interestExpense": 0, "depreciationAndAmortization": 129283000, "ebitda": 291136000, "ebitdaratio": 0.1205824185, "operatingIncome": 150626000, "operatingIncomeRatio": 0.0623861267, "totalOtherIncomeExpensesNet": -11227000, "incomeBeforeTax": 169525000, "incomeBeforeTaxRatio": 0.0702136957, "incomeTaxExpense": 59908000, "netIncome": 109617000, "netIncomeRatio": 0.0454010599, "eps": 1.49, "epsdiluted": 1.47, "weightedAverageShsOut": 73570000, "weightedAverageShsOutDil": 74900000, "link": "https://www.sec.gov/Archives/edgar/data/24545/000002454501500005/0000024545-01-500005-index.htm", "finalLink": "https://www.sec.gov/Archives/edgar/data/24545/000002454501500005/edgar200010k.txt", "calculatedOtherExpenses": 15215000, "calculatedOperatingExpenses": 737960000, "calculatedNetInterest": 0, "calculatedOtherIncome": 18899000, "calculatedIncomeNonControlling": 0, "calculatedEbitda": 279909000}, {"date": "1999-12-26", "symbol": "TAP", "reportedCurrency": "USD", "cik": "0000024545", "fillingDate": "2000-03-24", "acceptedDate": "2000-03-24 00:00:00", "calendarYear": "1999", "period": "FY", "revenue": 2056646000, "costOfRevenue": 1215965000, "grossProfit": 840681000, "grossProfitRatio": 0.4087631026, "researchAndDevelopmentExpenses": 0, "generalAndAdministrativeExpenses": 0, "sellingAndMarketingExpenses": 0, "sellingGeneralAndAdministrativeExpenses": 692993000, "otherExpenses": 0, "operatingExpenses": 692993000, "costAndExpenses": 1908958000, "interestIncome": 0, "interestExpense": 0, "depreciationAndAmortization": 123770000, "ebitda": 275408000, "ebitdaratio": 0.1339112322, "operatingIncome": 141983000, "operatingIncomeRatio": 0.069036188, "totalOtherIncomeExpensesNet": -3950000, "incomeBeforeTax": 150667000, "incomeBeforeTaxRatio": 0.0732585968, "incomeTaxExpense": 58383000, "netIncome": 92284000, "netIncomeRatio": 0.0448711154, "eps": 1.25, "epsdiluted": 1.23, "weightedAverageShsOut": 73458000, "weightedAverageShsOutDil": 74914000, "link": "https://www.sec.gov/Archives/edgar/data/24545/000002454500000003/0000024545-00-000003-index.html", "finalLink": "https://www.sec.gov/Archives/edgar/data/24545/000002454500000003/", "calculatedOtherExpenses": 5705000, "calculatedOperatingExpenses": 698698000, "calculatedNetInterest": 0, "calculatedOtherIncome": 8684000, "calculatedIncomeNonControlling": 0, "calculatedEbitda": 265753000}, {"date": "1998-12-27", "symbol": "TAP", "reportedCurrency": "USD", "cik": "0000024545", "fillingDate": "1999-03-29", "acceptedDate": "1999-03-29 00:00:00", "calendarYear": "1998", "period": "FY", "revenue": 1899533000, "costOfRevenue": 1158887000, "grossProfit": 740646000, "grossProfitRatio": 0.3899095199, "researchAndDevelopmentExpenses": 0, "generalAndAdministrativeExpenses": 0, "sellingAndMarketingExpenses": 0, "sellingGeneralAndAdministrativeExpenses": 617432000, "otherExpenses": 19395000, "operatingExpenses": 636827000, "costAndExpenses": 1795714000, "interestIncome": 0, "interestExpense": 0, "depreciationAndAmortization": 115815000, "ebitda": 234081000, "ebitdaratio": 0.1232308152, "operatingIncome": 103819000, "operatingIncomeRatio": 0.0546550126, "totalOtherIncomeExpensesNet": -14447000, "incomeBeforeTax": 111100000, "incomeBeforeTaxRatio": 0.05848806, "incomeTaxExpense": 43316000, "netIncome": 67784000, "netIncomeRatio": 0.0356845604, "eps": 0.94, "epsdiluted": 0.91, "weightedAverageShsOut": 72624000, "weightedAverageShsOutDil": 75030000, "link": "https://www.sec.gov/Archives/edgar/data/24545/000002454599000005/0000024545-99-000005-index.html", "finalLink": "https://www.sec.gov/Archives/edgar/data/24545/", "calculatedOtherExpenses": 19395000, "calculatedOperatingExpenses": 636827000, "calculatedNetInterest": 0, "calculatedOtherIncome": 7281000, "calculatedIncomeNonControlling": 0, "calculatedEbitda": 219634000}, {"date": "1997-12-28", "symbol": "TAP", "reportedCurrency": "USD", "cik": "0000024545", "fillingDate": "1998-03-30", "acceptedDate": "1998-03-30 00:00:00", "calendarYear": "1997", "period": "FY", "revenue": 1822151000, "costOfRevenue": 1120778000, "grossProfit": 701373000, "grossProfitRatio": 0.3849148616, "researchAndDevelopmentExpenses": 0, "generalAndAdministrativeExpenses": 0, "sellingAndMarketingExpenses": 0, "sellingGeneralAndAdministrativeExpenses": 585491000, "otherExpenses": -31517000, "operatingExpenses": 553974000, "costAndExpenses": 1674752000, "interestIncome": 0, "interestExpense": 0, "depreciationAndAmortization": 117166000, "ebitda": 229354000, "ebitdaratio": 0.1258699197, "operatingIncome": 147399000, "operatingIncomeRatio": 0.0808928568, "totalOtherIncomeExpensesNet": 35211000, "incomeBeforeTax": 146893000, "incomeBeforeTaxRatio": 0.0806151631, "incomeTaxExpense": 64633000, "netIncome": 82260000, "netIncomeRatio": 0.0451444474, "eps": 1.11, "epsdiluted": 1.08, "weightedAverageShsOut": 74436000, "weightedAverageShsOutDil": 76112000, "link": "https://www.sec.gov/Archives/edgar/data/24545/000002454598000002/0000024545-98-000002-index.html", "finalLink": "https://www.sec.gov/Archives/edgar/data/24545/", "calculatedOtherExpenses": -31517000, "calculatedOperatingExpenses": 553974000, "calculatedNetInterest": 0, "calculatedOtherIncome": -506000, "calculatedIncomeNonControlling": 0, "calculatedEbitda": 264565000}, {"date": "1996-12-29", "symbol": "TAP", "reportedCurrency": "USD", "cik": "0000024545", "fillingDate": "1997-03-28", "acceptedDate": "1997-03-28 00:00:00", "calendarYear": "1996", "period": "FY", "revenue": 1732233000, "costOfRevenue": 1117866000, "grossProfit": 614367000, "grossProfitRatio": 0.3546676457, "researchAndDevelopmentExpenses": 12761000, "generalAndAdministrativeExpenses": 0, "sellingAndMarketingExpenses": 0, "sellingGeneralAndAdministrativeExpenses": 514246000, "otherExpenses": 6341000, "operatingExpenses": 533348000, "costAndExpenses": 1651214000, "interestIncome": 0, "interestExpense": 0, "depreciationAndAmortization": 121121000, "ebitda": 203439000, "ebitdaratio": 0.1174432077, "operatingIncome": 81019000, "operatingIncomeRatio": 0.0467714216, "totalOtherIncomeExpensesNet": -1299000, "incomeBeforeTax": 74975000, "incomeBeforeTaxRatio": 0.0432822836, "incomeTaxExpense": 31550000, "netIncome": 43425000, "netIncomeRatio": 0.0250687985, "eps": 0.57, "epsdiluted": 0.57, "weightedAverageShsOut": 75932000, "weightedAverageShsOutDil": 76438000, "link": "https://www.sec.gov/Archives/edgar/data/24545/000002454597000002/0000024545-97-000002-index.html", "finalLink": "https://www.sec.gov/Archives/edgar/data/24545/", "calculatedOtherExpenses": 6341000, "calculatedOperatingExpenses": 533348000, "calculatedNetInterest": 0, "calculatedOtherIncome": -6044000, "calculatedIncomeNonControlling": 0, "calculatedEbitda": 202140000}, {"date": "1995-12-31", "symbol": "TAP", "reportedCurrency": "USD", "cik": "0000024545", "fillingDate": "1996-04-01", "acceptedDate": "1996-04-01 00:00:00", "calendarYear": "1995", "period": "FY", "revenue": 1675379000, "costOfRevenue": 1091763000, "grossProfit": 583616000, "grossProfitRatio": 0.3483486423, "researchAndDevelopmentExpenses": 15385000, "generalAndAdministrativeExpenses": 0, "sellingAndMarketingExpenses": 0, "sellingGeneralAndAdministrativeExpenses": 503503000, "otherExpenses": -15200000, "operatingExpenses": 503688000, "costAndExpenses": 1595451000, "interestIncome": 0, "interestExpense": 0, "depreciationAndAmortization": 122830000, "ebitda": 183690000, "ebitdaratio": 0.1096408634, "operatingIncome": 79928000, "operatingIncomeRatio": 0.0477074143, "totalOtherIncomeExpensesNet": 19068000, "incomeBeforeTax": 73278000, "incomeBeforeTaxRatio": 0.0437381631, "incomeTaxExpense": 30100000, "netIncome": 43178000, "netIncomeRatio": 0.025772079, "eps": 0.56, "epsdiluted": 0.56, "weightedAverageShsOut": 76328000, "weightedAverageShsOutDil": 76566000, "link": "https://www.sec.gov/Archives/edgar/data/24545/000002454596000003/0000024545-96-000003-index.html", "finalLink": "https://www.sec.gov/Archives/edgar/data/24545/", "calculatedOtherExpenses": -15200000, "calculatedOperatingExpenses": 503688000, "calculatedNetInterest": 0, "calculatedOtherIncome": -6650000, "calculatedIncomeNonControlling": 0, "calculatedEbitda": 202758000}, {"date": "1994-12-25", "symbol": "TAP", "reportedCurrency": "USD", "cik": "0000024545", "fillingDate": "1995-03-27", "acceptedDate": "1995-03-27 00:00:00", "calendarYear": "1994", "period": "FY", "revenue": 1662671000, "costOfRevenue": 1062789000, "grossProfit": 599882000, "grossProfitRatio": 0.3607941679, "researchAndDevelopmentExpenses": 13265000, "generalAndAdministrativeExpenses": 0, "sellingAndMarketingExpenses": 0, "sellingGeneralAndAdministrativeExpenses": 492403000, "otherExpenses": -13949000, "operatingExpenses": 491719000, "costAndExpenses": 1554508000, "interestIncome": 0, "interestExpense": 0, "depreciationAndAmortization": 120793000, "ebitda": 209035000, "ebitdaratio": 0.1257224069, "operatingIncome": 108163000, "operatingIncomeRatio": 0.0650537599, "totalOtherIncomeExpensesNet": 19921000, "incomeBeforeTax": 104220000, "incomeBeforeTaxRatio": 0.0626822745, "incomeTaxExpense": 46100000, "netIncome": 58120000, "netIncomeRatio": 0.034955803, "eps": 0.76, "epsdiluted": 0.76, "weightedAverageShsOut": 76473684, "weightedAverageShsOutDil": 76540000, "link": "https://www.sec.gov/Archives/edgar/data/24545/000002454595000003/0000024545-95-000003-index.html", "finalLink": "https://www.sec.gov/Archives/edgar/data/24545/", "calculatedOtherExpenses": -13949000, "calculatedOperatingExpenses": 491719000, "calculatedNetInterest": 0, "calculatedOtherIncome": -3943000, "calculatedIncomeNonControlling": 0, "calculatedEbitda": 228956000}, {"date": "1993-12-26", "symbol": "TAP", "reportedCurrency": "USD", "cik": "0000024545", "fillingDate": "1994-03-28", "acceptedDate": "1994-03-28 00:00:00", "calendarYear": "1993", "period": "FY", "revenue": 1581800000, "costOfRevenue": 917900000, "grossProfit": 663900000, "grossProfitRatio": 0.4197117208, "researchAndDevelopmentExpenses": 0, "generalAndAdministrativeExpenses": 0, "sellingAndMarketingExpenses": 0, "sellingGeneralAndAdministrativeExpenses": 589700000, "otherExpenses": 119000000, "operatingExpenses": 708700000, "costAndExpenses": 1626600000, "interestIncome": 0, "interestExpense": 0, "depreciationAndAmortization": 119000000, "ebitda": 70500000, "ebitdaratio": 0.0445694778, "operatingIncome": -44800000, "operatingIncomeRatio": -0.0283221646, "totalOtherIncomeExpensesNet": 3700000, "incomeBeforeTax": -56800000, "incomeBeforeTaxRatio": -0.0359084587, "incomeTaxExpense": -14900000, "netIncome": -41900000, "netIncomeRatio": -0.0264888102, "eps": -0.55, "epsdiluted": -0.55, "weightedAverageShsOut": 76181818, "weightedAverageShsOutDil": 76181818, "link": "https://www.sec.gov/Archives/edgar/data/24545/000002454594000002/0000024545-94-000002-index.html", "finalLink": "https://www.sec.gov/Archives/edgar/data/24545/", "calculatedOtherExpenses": 119000000, "calculatedOperatingExpenses": 708700000, "calculatedNetInterest": 0, "calculatedOtherIncome": -12000000, "calculatedIncomeNonControlling": 0, "calculatedEbitda": 74200000}, {"date": "1992-12-31", "symbol": "TAP", "reportedCurrency": "USD", "cik": "0000024545", "fillingDate": "1992-12-31", "acceptedDate": "1992-12-30 19:00:00", "calendarYear": "1992", "period": "FY", "revenue": 1550800000, "costOfRevenue": 920800000, "grossProfit": 630000000, "grossProfitRatio": 0.4062419396, "researchAndDevelopmentExpenses": 0, "generalAndAdministrativeExpenses": 0, "sellingAndMarketingExpenses": 0, "sellingGeneralAndAdministrativeExpenses": 441900000, "otherExpenses": 114800000, "operatingExpenses": 556700000, "costAndExpenses": 1477500000, "interestIncome": 0, "interestExpense": 0, "depreciationAndAmortization": 114800000, "ebitda": 186800000, "ebitdaratio": 0.1204539592, "operatingIncome": 73300000, "operatingIncomeRatio": 0.0472659273, "totalOtherIncomeExpensesNet": 1300000, "incomeBeforeTax": 58600000, "incomeBeforeTaxRatio": 0.0377869487, "incomeTaxExpense": 22900000, "netIncome": -2000000, "netIncomeRatio": -0.001289657, "eps": -0.0364, "epsdiluted": -0.0364, "weightedAverageShsOut": 54880000, "weightedAverageShsOutDil": 54880000, "link": "", "finalLink": "", "calculatedOtherExpenses": 114800000, "calculatedOperatingExpenses": 556700000, "calculatedNetInterest": 0, "calculatedOtherIncome": -14700000, "calculatedIncomeNonControlling": 37700000, "calculatedEbitda": 188100000}, {"date": "1991-12-31", "symbol": "TAP", "reportedCurrency": "USD", "cik": "0000024545", "fillingDate": "1991-12-31", "acceptedDate": "1991-12-30 19:00:00", "calendarYear": "1991", "period": "FY", "revenue": 1917400000, "costOfRevenue": 1188300000, "grossProfit": 729100000, "grossProfitRatio": 0.3802545113, "researchAndDevelopmentExpenses": 0, "generalAndAdministrativeExpenses": 0, "sellingAndMarketingExpenses": 0, "sellingGeneralAndAdministrativeExpenses": 563500000, "otherExpenses": 143900000, "operatingExpenses": 707400000, "costAndExpenses": 1895700000, "interestIncome": 0, "interestExpense": 0, "depreciationAndAmortization": 143900000, "ebitda": 163500000, "ebitdaratio": 0.0852717221, "operatingIncome": 21700000, "operatingIncomeRatio": 0.011317409, "totalOtherIncomeExpensesNet": 2100000, "incomeBeforeTax": 23200000, "incomeBeforeTaxRatio": 0.0120997184, "incomeTaxExpense": -700000, "netIncome": 23900000, "netIncomeRatio": 0.0124647961, "eps": 0.23, "epsdiluted": 0.23, "weightedAverageShsOut": 74880000, "weightedAverageShsOutDil": 74880000, "link": "", "finalLink": "", "calculatedOtherExpenses": 143900000, "calculatedOperatingExpenses": 707400000, "calculatedNetInterest": 0, "calculatedOtherIncome": 1500000, "calculatedIncomeNonControlling": 0, "calculatedEbitda": 165600000}, {"date": "1990-12-31", "symbol": "TAP", "reportedCurrency": "USD", "cik": "0000024545", "fillingDate": "1990-12-31", "acceptedDate": "1990-12-30 19:00:00", "calendarYear": "1990", "period": "FY", "revenue": 1863400000, "costOfRevenue": 1143500000, "grossProfit": 719900000, "grossProfitRatio": 0.3863368037, "researchAndDevelopmentExpenses": 0, "generalAndAdministrativeExpenses": 0, "sellingAndMarketingExpenses": 0, "sellingGeneralAndAdministrativeExpenses": 485100000, "otherExpenses": 130400000, "operatingExpenses": 615500000, "costAndExpenses": 1759000000, "interestIncome": 0, "interestExpense": 0, "depreciationAndAmortization": 130400000, "ebitda": 274600000, "ebitdaratio": 0.1473650317, "operatingIncome": 104400000, "operatingIncomeRatio": 0.056026618, "totalOtherIncomeExpensesNet": -39800000, "incomeBeforeTax": 64200000, "incomeBeforeTaxRatio": 0.0344531502, "incomeTaxExpense": 25300000, "netIncome": 38900000, "netIncomeRatio": 0.0208758184, "eps": 0.44, "epsdiluted": 0.44, "weightedAverageShsOut": 89425287, "weightedAverageShsOutDil": 89425287, "link": "", "finalLink": "", "calculatedOtherExpenses": 130400000, "calculatedOperatingExpenses": 615500000, "calculatedNetInterest": 0, "calculatedOtherIncome": -40200000, "calculatedIncomeNonControlling": 0, "calculatedEbitda": 234800000}, {"date": "1989-12-31", "symbol": "TAP", "reportedCurrency": "USD", "cik": "0000024545", "fillingDate": "1989-12-31", "acceptedDate": "1989-12-30 19:00:00", "calendarYear": "1989", "period": "FY", "revenue": 1763900000, "costOfRevenue": 1109600000, "grossProfit": 654300000, "grossProfitRatio": 0.3709393957, "researchAndDevelopmentExpenses": 0, "generalAndAdministrativeExpenses": 0, "sellingAndMarketingExpenses": 0, "sellingGeneralAndAdministrativeExpenses": 498100000, "otherExpenses": 122400000, "operatingExpenses": 620500000, "costAndExpenses": 1730100000, "interestIncome": 0, "interestExpense": 0, "depreciationAndAmortization": 122400000, "ebitda": 162600000, "ebitdaratio": 0.0921820965, "operatingIncome": 33800000, "operatingIncomeRatio": 0.019162084, "totalOtherIncomeExpensesNet": -6400000, "incomeBeforeTax": 25600000, "incomeBeforeTaxRatio": 0.0145132944, "incomeTaxExpense": 12500000, "netIncome": 13100000, "netIncomeRatio": 0.0074267249, "eps": 0.1, "epsdiluted": 0.1, "weightedAverageShsOut": 73800000, "weightedAverageShsOutDil": 73800000, "link": "", "finalLink": "", "calculatedOtherExpenses": 122400000, "calculatedOperatingExpenses": 620500000, "calculatedNetInterest": 0, "calculatedOtherIncome": -8200000, "calculatedIncomeNonControlling": 0, "calculatedEbitda": 156200000}, {"date": "1988-12-31", "symbol": "TAP", "reportedCurrency": "USD", "cik": "0000024545", "fillingDate": "1988-12-31", "acceptedDate": "1988-12-30 19:00:00", "calendarYear": "1988", "period": "FY", "revenue": 1521700000, "costOfRevenue": 909700000, "grossProfit": 612000000, "grossProfitRatio": 0.4021817704, "researchAndDevelopmentExpenses": 0, "generalAndAdministrativeExpenses": 0, "sellingAndMarketingExpenses": 0, "sellingGeneralAndAdministrativeExpenses": 431100000, "otherExpenses": 111400000, "operatingExpenses": 542500000, "costAndExpenses": 1452200000, "interestIncome": 0, "interestExpense": 0, "depreciationAndAmortization": 111400000, "ebitda": 170800000, "ebitdaratio": 0.1122428862, "operatingIncome": 69500000, "operatingIncomeRatio": 0.045672603, "totalOtherIncomeExpensesNet": 10100000, "incomeBeforeTax": 77000000, "incomeBeforeTaxRatio": 0.0506013012, "incomeTaxExpense": 30100000, "netIncome": 46900000, "netIncomeRatio": 0.0308207925, "eps": 0.63, "epsdiluted": 0.63, "weightedAverageShsOut": 74444444, "weightedAverageShsOutDil": 74444444, "link": "", "finalLink": "", "calculatedOtherExpenses": 111400000, "calculatedOperatingExpenses": 542500000, "calculatedNetInterest": 0, "calculatedOtherIncome": 7500000, "calculatedIncomeNonControlling": 0, "calculatedEbitda": 180900000}, {"date": "1987-12-31", "symbol": "TAP", "reportedCurrency": "USD", "cik": "0000024545", "fillingDate": "1987-12-31", "acceptedDate": "1987-12-30 19:00:00", "calendarYear": "1987", "period": "FY", "revenue": 1350700000, "costOfRevenue": 778800000, "grossProfit": 571900000, "grossProfitRatio": 0.4234100837, "researchAndDevelopmentExpenses": 0, "generalAndAdministrativeExpenses": 0, "sellingAndMarketingExpenses": 0, "sellingGeneralAndAdministrativeExpenses": 384000000, "otherExpenses": 99400000, "operatingExpenses": 483400000, "costAndExpenses": 1262200000, "interestIncome": 0, "interestExpense": 0, "depreciationAndAmortization": 99400000, "ebitda": 187800000, "ebitdaratio": 0.1390390168, "operatingIncome": 88500000, "operatingIncomeRatio": 0.0655215814, "totalOtherIncomeExpensesNet": 100000, "incomeBeforeTax": 86000000, "incomeBeforeTaxRatio": 0.0636706893, "incomeTaxExpense": 37900000, "netIncome": 48100000, "netIncomeRatio": 0.0356111646, "eps": 0.66, "epsdiluted": 0.66, "weightedAverageShsOut": 72878788, "weightedAverageShsOutDil": 72878788, "link": "", "finalLink": "", "calculatedOtherExpenses": 99400000, "calculatedOperatingExpenses": 483400000, "calculatedNetInterest": 0, "calculatedOtherIncome": -2500000, "calculatedIncomeNonControlling": 0, "calculatedEbitda": 187900000}, {"date": "1986-12-31", "symbol": "TAP", "reportedCurrency": "USD", "cik": "0000024545", "fillingDate": "1986-12-31", "acceptedDate": "1986-12-30 19:00:00", "calendarYear": "1986", "period": "FY", "revenue": 1314900000, "costOfRevenue": 754000000, "grossProfit": 560900000, "grossProfitRatio": 0.4265723629, "researchAndDevelopmentExpenses": 0, "generalAndAdministrativeExpenses": 0, "sellingAndMarketingExpenses": 0, "sellingGeneralAndAdministrativeExpenses": 360000000, "otherExpenses": 92200000, "operatingExpenses": 452200000, "costAndExpenses": 1206200000, "interestIncome": 0, "interestExpense": 0, "depreciationAndAmortization": 92200000, "ebitda": 196100000, "ebitdaratio": 0.1491368165, "operatingIncome": 108700000, "operatingIncomeRatio": 0.0826678835, "totalOtherIncomeExpensesNet": 4800000, "incomeBeforeTax": 110400000, "incomeBeforeTaxRatio": 0.0839607575, "incomeTaxExpense": 51000000, "netIncome": 59400000, "netIncomeRatio": 0.045174538, "eps": 0.83, "epsdiluted": 0.83, "weightedAverageShsOut": 72000000, "weightedAverageShsOutDil": 72000000, "link": "", "finalLink": "", "calculatedOtherExpenses": 92200000, "calculatedOperatingExpenses": 452200000, "calculatedNetInterest": 0, "calculatedOtherIncome": 1700000, "calculatedIncomeNonControlling": 0, "calculatedEbitda": 200900000}, {"date": "1985-12-31", "symbol": "TAP", "reportedCurrency": "USD", "cik": "0000024545", "fillingDate": "1985-12-31", "acceptedDate": "1985-12-30 19:00:00", "calendarYear": "1985", "period": "FY", "revenue": 1281100000, "costOfRevenue": 777300000, "grossProfit": 503800000, "grossProfitRatio": 0.3932557958, "researchAndDevelopmentExpenses": 0, "generalAndAdministrativeExpenses": 0, "sellingAndMarketingExpenses": 0, "sellingGeneralAndAdministrativeExpenses": 326700000, "otherExpenses": 86900000, "operatingExpenses": 413600000, "costAndExpenses": 1190900000, "interestIncome": 0, "interestExpense": 0, "depreciationAndAmortization": 86900000, "ebitda": 169200000, "ebitdaratio": 0.1320739989, "operatingIncome": 90200000, "operatingIncomeRatio": 0.0704082429, "totalOtherIncomeExpensesNet": 7900000, "incomeBeforeTax": 96400000, "incomeBeforeTaxRatio": 0.0752478339, "incomeTaxExpense": 43000000, "netIncome": 53400000, "netIncomeRatio": 0.0416829287, "eps": 0.76, "epsdiluted": 0.76, "weightedAverageShsOut": 70263158, "weightedAverageShsOutDil": 70263158, "link": "", "finalLink": "", "calculatedOtherExpenses": 86900000, "calculatedOperatingExpenses": 413600000, "calculatedNetInterest": 0, "calculatedOtherIncome": 6200000, "calculatedIncomeNonControlling": 0, "calculatedEbitda": 177100000}]}