{"originalCurrency": "USD", "convertedCurrency": "USD", "report": [{"date": "2023-12-31", "symbol": "TBB", "reportedCurrency": "USD", "cik": "0000732717", "fillingDate": "2024-02-23", "acceptedDate": "2024-02-23 16:45:20", "calendarYear": "2023", "period": "FY", "revenue": 122428000000, "costOfRevenue": 68900000000, "grossProfit": 53528000000, "grossProfitRatio": 0.4372202437, "researchAndDevelopmentExpenses": 954000000, "generalAndAdministrativeExpenses": 0, "sellingAndMarketingExpenses": 0, "sellingGeneralAndAdministrativeExpenses": 27806000000, "otherExpenses": 1416000000, "operatingExpenses": 28760000000, "costAndExpenses": 97660000000, "interestIncome": 6704000000, "interestExpense": 6871000000, "depreciationAndAmortization": 18777000000, "ebitda": 43545000000, "ebitdaratio": 0.3556784396, "operatingIncome": 24768000000, "operatingIncomeRatio": 0.2023066619, "totalOtherIncomeExpensesNet": -4920000000, "incomeBeforeTax": 19848000000, "incomeBeforeTaxRatio": 0.1621197765, "incomeTaxExpense": 4225000000, "netIncome": 14400000000, "netIncomeRatio": 0.1176201523, "eps": 1.98, "epsdiluted": 1.97, "weightedAverageShsOut": 7181000000, "weightedAverageShsOutDil": 7258000000, "link": "https://www.sec.gov/Archives/edgar/data/732717/000073271724000009/0000732717-24-000009-index.htm", "finalLink": "https://www.sec.gov/Archives/edgar/data/732717/000073271724000009/t-20231231.htm", "calculatedOtherExpenses": 0, "calculatedOperatingExpenses": 28760000000, "calculatedNetInterest": -167000000, "calculatedOtherIncome": -4753000000, "calculatedIncomeNonControlling": 1223000000, "calculatedEbitda": 43545000000}, {"date": "2022-12-31", "symbol": "TBB", "reportedCurrency": "USD", "cik": "0000732717", "fillingDate": "2023-02-13", "acceptedDate": "2023-02-13 16:11:56", "calendarYear": "2022", "period": "FY", "revenue": 120741000000, "costOfRevenue": 50848000000, "grossProfit": 69893000000, "grossProfitRatio": 0.5788671619, "researchAndDevelopmentExpenses": 1236000000, "generalAndAdministrativeExpenses": 0, "sellingAndMarketingExpenses": 0, "sellingGeneralAndAdministrativeExpenses": 28961000000, "otherExpenses": 18021000000, "operatingExpenses": 46982000000, "costAndExpenses": 97830000000, "interestIncome": 6108000000, "interestExpense": 6108000000, "depreciationAndAmortization": 18021000000, "ebitda": 48533000000, "ebitdaratio": 0.4019595663, "operatingIncome": 30512000000, "operatingIncomeRatio": 0.2527062058, "totalOtherIncomeExpensesNet": -33606000000, "incomeBeforeTax": -3094000000, "incomeBeforeTaxRatio": -0.0256250984, "incomeTaxExpense": 3780000000, "netIncome": -8524000000, "netIncomeRatio": -0.0705973944, "eps": -1.19, "epsdiluted": -1.12, "weightedAverageShsOut": 7166000000, "weightedAverageShsOutDil": 7587000000, "link": "https://www.sec.gov/Archives/edgar/data/732717/000073271723000011/0000732717-23-000011-index.htm", "finalLink": "https://www.sec.gov/Archives/edgar/data/732717/000073271723000011/t-20221231.htm", "calculatedOtherExpenses": 9184000000, "calculatedOperatingExpenses": 39381000000, "calculatedNetInterest": 0, "calculatedOtherIncome": -33606000000, "calculatedIncomeNonControlling": 1650000000, "calculatedEbitda": 48533000000}, {"date": "2021-12-31", "symbol": "TBB", "reportedCurrency": "USD", "cik": "0000732717", "fillingDate": "2022-02-16", "acceptedDate": "2022-02-16 06:29:38", "calendarYear": "2021", "period": "FY", "revenue": 168864000000, "costOfRevenue": 79807000000, "grossProfit": 89057000000, "grossProfitRatio": 0.5273889047, "researchAndDevelopmentExpenses": 1325000000, "generalAndAdministrativeExpenses": 0, "sellingAndMarketingExpenses": 0, "sellingGeneralAndAdministrativeExpenses": 37944000000, "otherExpenses": 22862000000, "operatingExpenses": 60806000000, "costAndExpenses": 140613000000, "interestIncome": 6716000000, "interestExpense": 6884000000, "depreciationAndAmortization": 22862000000, "ebitda": 61597000000, "ebitdaratio": 0.3647728349, "operatingIncome": 38735000000, "operatingIncomeRatio": 0.2293857779, "totalOtherIncomeExpensesNet": -11788000000, "incomeBeforeTax": 26947000000, "incomeBeforeTaxRatio": 0.159578122, "incomeTaxExpense": 5468000000, "netIncome": 20081000000, "netIncomeRatio": 0.1189181827, "eps": 2.77, "epsdiluted": 2.73, "weightedAverageShsOut": 7168000000, "weightedAverageShsOutDil": 7503000000, "link": "https://www.sec.gov/Archives/edgar/data/732717/000073271722000015/0000732717-22-000015-index.htm", "finalLink": "https://www.sec.gov/Archives/edgar/data/732717/000073271722000015/t-20211231.htm", "calculatedOtherExpenses": 11053000000, "calculatedOperatingExpenses": 50322000000, "calculatedNetInterest": -168000000, "calculatedOtherIncome": -11620000000, "calculatedIncomeNonControlling": 1398000000, "calculatedEbitda": 61597000000}, {"date": "2020-12-31", "symbol": "TBB", "reportedCurrency": "USD", "cik": "0000732717", "fillingDate": "2021-02-25", "acceptedDate": "2021-02-25 16:19:43", "calendarYear": "2020", "period": "FY", "revenue": 171760000000, "costOfRevenue": 79920000000, "grossProfit": 91840000000, "grossProfitRatio": 0.5346995808, "researchAndDevelopmentExpenses": 1210000000, "generalAndAdministrativeExpenses": 0, "sellingAndMarketingExpenses": 0, "sellingGeneralAndAdministrativeExpenses": 38039000000, "otherExpenses": 28516000000, "operatingExpenses": 66555000000, "costAndExpenses": 146475000000, "interestIncome": 7727000000, "interestExpense": 7925000000, "depreciationAndAmortization": 28516000000, "ebitda": 52465000000, "ebitdaratio": 0.3054552864, "operatingIncome": 23949000000, "operatingIncomeRatio": 0.1394329297, "totalOtherIncomeExpensesNet": -26805000000, "incomeBeforeTax": -2856000000, "incomeBeforeTaxRatio": -0.0166278528, "incomeTaxExpense": 965000000, "netIncome": -3821000000, "netIncomeRatio": -0.0222461574, "eps": -0.53, "epsdiluted": -0.53, "weightedAverageShsOut": 7157000000, "weightedAverageShsOutDil": 7157000000, "link": "https://www.sec.gov/Archives/edgar/data/732717/000073271721000012/0000732717-21-000012-index.htm", "finalLink": "https://www.sec.gov/Archives/edgar/data/732717/000073271721000012/t-20201231.htm", "calculatedOtherExpenses": 28642000000, "calculatedOperatingExpenses": 67891000000, "calculatedNetInterest": -198000000, "calculatedOtherIncome": -26607000000, "calculatedIncomeNonControlling": 0, "calculatedEbitda": 52465000000}, {"date": "2019-12-31", "symbol": "TBB", "reportedCurrency": "USD", "cik": "0000732717", "fillingDate": "2020-02-20", "acceptedDate": "2020-02-19 21:42:50", "calendarYear": "2019", "period": "FY", "revenue": 181193000000, "costOfRevenue": 84141000000, "grossProfit": 97052000000, "grossProfitRatio": 0.535627756, "researchAndDevelopmentExpenses": 1276000000, "generalAndAdministrativeExpenses": 33297000000, "sellingAndMarketingExpenses": 6125000000, "sellingGeneralAndAdministrativeExpenses": 39422000000, "otherExpenses": 28217000000, "operatingExpenses": 67639000000, "costAndExpenses": 151780000000, "interestIncome": 8422000000, "interestExpense": 8422000000, "depreciationAndAmortization": 28610000000, "ebitda": 56565000000, "ebitdaratio": 0.3121809341, "operatingIncome": 27955000000, "operatingIncomeRatio": 0.1542830021, "totalOtherIncomeExpensesNet": -9487000000, "incomeBeforeTax": 18468000000, "incomeBeforeTaxRatio": 0.1019244673, "incomeTaxExpense": 3493000000, "netIncome": 13903000000, "netIncomeRatio": 0.0767303373, "eps": 1.9, "epsdiluted": 1.89, "weightedAverageShsOut": 7319000000, "weightedAverageShsOutDil": 7348000000, "link": "https://www.sec.gov/Archives/edgar/data/732717/000156276220000064/0001562762-20-000064-index.htm", "finalLink": "https://www.sec.gov/Archives/edgar/data/732717/000156276220000064/t-20191231.htm", "calculatedOtherExpenses": 28399000000, "calculatedOperatingExpenses": 69097000000, "calculatedNetInterest": 0, "calculatedOtherIncome": -9487000000, "calculatedIncomeNonControlling": 1072000000, "calculatedEbitda": 56565000000}, {"date": "2018-12-31", "symbol": "TBB", "reportedCurrency": "USD", "cik": "0000732717", "fillingDate": "2019-02-20", "acceptedDate": "2019-02-20 17:21:51", "calendarYear": "2018", "period": "FY", "revenue": 170756000000, "costOfRevenue": 79419000000, "grossProfit": 91337000000, "grossProfitRatio": 0.5348977488, "researchAndDevelopmentExpenses": 1194000000, "generalAndAdministrativeExpenses": 0, "sellingAndMarketingExpenses": 0, "sellingGeneralAndAdministrativeExpenses": 36765000000, "otherExpenses": 6782000000, "operatingExpenses": 65195000000, "costAndExpenses": 144614000000, "interestIncome": 0, "interestExpense": 7957000000, "depreciationAndAmortization": 28430000000, "ebitda": 61306000000, "ebitdaratio": 0.3590269156, "operatingIncome": 26096000000, "operatingIncomeRatio": 0.152826255, "totalOtherIncomeExpensesNet": 6688000000, "incomeBeforeTax": 24873000000, "incomeBeforeTaxRatio": 0.1456639884, "incomeTaxExpense": 4920000000, "netIncome": 19370000000, "netIncomeRatio": 0.1134367167, "eps": 2.86, "epsdiluted": 2.85, "weightedAverageShsOut": 6778000000, "weightedAverageShsOutDil": 6806000000, "link": "https://www.sec.gov/Archives/edgar/data/732717/000119312519045608/0001193125-19-045608-index.htm", "finalLink": "https://www.sec.gov/Archives/edgar/data/732717/000119312519045608/d705958d10k.htm", "calculatedOtherExpenses": 27282000000, "calculatedOperatingExpenses": 65241000000, "calculatedNetInterest": -7957000000, "calculatedOtherIncome": 6734000000, "calculatedIncomeNonControlling": 583000000, "calculatedEbitda": 54526000000}, {"date": "2017-12-31", "symbol": "TBB", "reportedCurrency": "USD", "cik": "0000732717", "fillingDate": "2018-02-20", "acceptedDate": "2018-02-20 16:15:55", "calendarYear": "2017", "period": "FY", "revenue": 160546000000, "costOfRevenue": 77810000000, "grossProfit": 82736000000, "grossProfitRatio": 0.5153413975, "researchAndDevelopmentExpenses": 1503000000, "generalAndAdministrativeExpenses": 0, "sellingAndMarketingExpenses": 0, "sellingGeneralAndAdministrativeExpenses": 35465000000, "otherExpenses": 1597000000, "operatingExpenses": 59852000000, "costAndExpenses": 137662000000, "interestIncome": 0, "interestExpense": 6300000000, "depreciationAndAmortization": 24387000000, "ebitda": 48740000000, "ebitdaratio": 0.3035890025, "operatingIncome": 19970000000, "operatingIncomeRatio": 0.1243880259, "totalOtherIncomeExpensesNet": -1445000000, "incomeBeforeTax": 15139000000, "incomeBeforeTaxRatio": 0.0942969616, "incomeTaxExpense": -14708000000, "netIncome": 29450000000, "netIncomeRatio": 0.1834365229, "eps": 4.78, "epsdiluted": 4.76, "weightedAverageShsOut": 6164000000, "weightedAverageShsOutDil": 6183000000, "link": "https://www.sec.gov/Archives/edgar/data/732717/000073271718000009/0000732717-18-000009-index.htm", "finalLink": "https://www.sec.gov/Archives/edgar/data/732717/000073271718000009/ye17_10k.htm", "calculatedOtherExpenses": 25798000000, "calculatedOperatingExpenses": 62766000000, "calculatedNetInterest": -6300000000, "calculatedOtherIncome": 1469000000, "calculatedIncomeNonControlling": 397000000, "calculatedEbitda": 44357000000}, {"date": "2016-12-31", "symbol": "TBB", "reportedCurrency": "USD", "cik": "0000732717", "fillingDate": "2017-02-17", "acceptedDate": "2017-02-17 17:30:12", "calendarYear": "2016", "period": "FY", "revenue": 163786000000, "costOfRevenue": 76884000000, "grossProfit": 86902000000, "grossProfitRatio": 0.5305825895, "researchAndDevelopmentExpenses": 1649000000, "generalAndAdministrativeExpenses": 0, "sellingAndMarketingExpenses": 0, "sellingGeneralAndAdministrativeExpenses": 36347000000, "otherExpenses": 277000000, "operatingExpenses": 62194000000, "costAndExpenses": 139078000000, "interestIncome": 0, "interestExpense": 4910000000, "depreciationAndAmortization": 25847000000, "ebitda": 50930000000, "ebitdaratio": 0.3109545382, "operatingIncome": 24347000000, "operatingIncomeRatio": 0.1486512889, "totalOtherIncomeExpensesNet": 14000000, "incomeBeforeTax": 19812000000, "incomeBeforeTaxRatio": 0.1209627196, "incomeTaxExpense": 6479000000, "netIncome": 12976000000, "netIncomeRatio": 0.0792253306, "eps": 2.1, "epsdiluted": 2.1, "weightedAverageShsOut": 6168000000, "weightedAverageShsOutDil": 6189000000, "link": "https://www.sec.gov/Archives/edgar/data/732717/000073271717000021/0000732717-17-000021-index.htm", "finalLink": "https://www.sec.gov/Archives/edgar/data/732717/000073271717000021/ye16_10k.htm", "calculatedOtherExpenses": 24559000000, "calculatedOperatingExpenses": 62555000000, "calculatedNetInterest": -4910000000, "calculatedOtherIncome": 375000000, "calculatedIncomeNonControlling": 357000000, "calculatedEbitda": 50194000000}, {"date": "2015-12-31", "symbol": "TBB", "reportedCurrency": "USD", "cik": "0000732717", "fillingDate": "2016-02-18", "acceptedDate": "2016-02-18 16:33:12", "calendarYear": "2015", "period": "FY", "revenue": 146801000000, "costOfRevenue": 67046000000, "grossProfit": 79755000000, "grossProfitRatio": 0.5432864899, "researchAndDevelopmentExpenses": 1693000000, "generalAndAdministrativeExpenses": 0, "sellingAndMarketingExpenses": 0, "sellingGeneralAndAdministrativeExpenses": 32954000000, "otherExpenses": -52000000, "operatingExpenses": 54970000000, "costAndExpenses": 122016000000, "interestIncome": 0, "interestExpense": 4120000000, "depreciationAndAmortization": 22016000000, "ebitda": 46828000000, "ebitdaratio": 0.3189896527, "operatingIncome": 24785000000, "operatingIncomeRatio": 0.1688339998, "totalOtherIncomeExpensesNet": 27000000, "incomeBeforeTax": 20692000000, "incomeBeforeTaxRatio": 0.1409527183, "incomeTaxExpense": 7005000000, "netIncome": 13345000000, "netIncomeRatio": 0.0909053753, "eps": 2.37, "epsdiluted": 2.36, "weightedAverageShsOut": 5628000000, "weightedAverageShsOutDil": 5646000000, "link": "https://www.sec.gov/Archives/edgar/data/732717/000073271716000147/0000732717-16-000147-index.htm", "finalLink": "https://www.sec.gov/Archives/edgar/data/732717/000073271716000147/ye15_10k.htm", "calculatedOtherExpenses": 20323000000, "calculatedOperatingExpenses": 54970000000, "calculatedNetInterest": -4120000000, "calculatedOtherIncome": 27000000, "calculatedIncomeNonControlling": 342000000, "calculatedEbitda": 46801000000}, {"date": "2014-12-31", "symbol": "TBB", "reportedCurrency": "USD", "cik": "0000732717", "fillingDate": "2015-02-20", "acceptedDate": "2015-02-20 16:23:15", "calendarYear": "2014", "period": "FY", "revenue": 132447000000, "costOfRevenue": 60611000000, "grossProfit": 71836000000, "grossProfitRatio": 0.5423754407, "researchAndDevelopmentExpenses": 1730000000, "generalAndAdministrativeExpenses": 0, "sellingAndMarketingExpenses": 0, "sellingGeneralAndAdministrativeExpenses": 39697000000, "otherExpenses": 1652000000, "operatingExpenses": 57970000000, "costAndExpenses": 118581000000, "interestIncome": 0, "interestExpense": 3613000000, "depreciationAndAmortization": 18273000000, "ebitda": 33966000000, "ebitdaratio": 0.2564497497, "operatingIncome": 11746000000, "operatingIncomeRatio": 0.0886845304, "totalOtherIncomeExpensesNet": -293000000, "incomeBeforeTax": 9960000000, "incomeBeforeTaxRatio": 0.0751998913, "incomeTaxExpense": 3442000000, "netIncome": 6442000000, "netIncomeRatio": 0.0486383233, "eps": 1.2, "epsdiluted": 1.19, "weightedAverageShsOut": 5205000000, "weightedAverageShsOutDil": 5221000000, "link": "https://www.sec.gov/Archives/edgar/data/732717/000073271715000016/0000732717-15-000016-index.htm", "finalLink": "https://www.sec.gov/Archives/edgar/data/732717/000073271715000016/ye14_10k.htm", "calculatedOtherExpenses": 18663000000, "calculatedOperatingExpenses": 60090000000, "calculatedNetInterest": -3613000000, "calculatedOtherIncome": 1827000000, "calculatedIncomeNonControlling": 76000000, "calculatedEbitda": 30019000000}, {"date": "2013-12-31", "symbol": "TBB", "reportedCurrency": "USD", "cik": "0000732717", "fillingDate": "2014-02-21", "acceptedDate": "2014-02-21 16:25:54", "calendarYear": "2013", "period": "FY", "revenue": 128752000000, "costOfRevenue": 51464000000, "grossProfit": 77288000000, "grossProfitRatio": 0.6002858208, "researchAndDevelopmentExpenses": 1488000000, "generalAndAdministrativeExpenses": 0, "sellingAndMarketingExpenses": 0, "sellingGeneralAndAdministrativeExpenses": 28414000000, "otherExpenses": 596000000, "operatingExpenses": 46809000000, "costAndExpenses": 98273000000, "interestIncome": 0, "interestExpense": 3940000000, "depreciationAndAmortization": 18395000000, "ebitda": 50112000000, "ebitdaratio": 0.3892133714, "operatingIncome": 30479000000, "operatingIncomeRatio": 0.2367264198, "totalOtherIncomeExpensesNet": 1238000000, "incomeBeforeTax": 27777000000, "incomeBeforeTaxRatio": 0.215740338, "incomeTaxExpense": 9224000000, "netIncome": 18418000000, "netIncomeRatio": 0.143050205, "eps": 3.4, "epsdiluted": 3.39, "weightedAverageShsOut": 5368000000, "weightedAverageShsOutDil": 5385000000, "link": "https://www.sec.gov/Archives/edgar/data/732717/000073271714000010/0000732717-14-000010-index.htm", "finalLink": "https://www.sec.gov/Archives/edgar/data/732717/000073271714000010/ye13_10k.htm", "calculatedOtherExpenses": 16907000000, "calculatedOperatingExpenses": 46809000000, "calculatedNetInterest": -3940000000, "calculatedOtherIncome": 1238000000, "calculatedIncomeNonControlling": 135000000, "calculatedEbitda": 48874000000}, {"date": "2012-12-31", "symbol": "TBB", "reportedCurrency": "USD", "cik": "0000732717", "fillingDate": "2013-02-22", "acceptedDate": "2013-02-22 16:27:46", "calendarYear": "2012", "period": "FY", "revenue": 127434000000, "costOfRevenue": 55215000000, "grossProfit": 72219000000, "grossProfitRatio": 0.5667168887, "researchAndDevelopmentExpenses": 1278000000, "generalAndAdministrativeExpenses": 0, "sellingAndMarketingExpenses": 0, "sellingGeneralAndAdministrativeExpenses": 41079000000, "otherExpenses": 134000000, "operatingExpenses": 59222000000, "costAndExpenses": 114437000000, "interestIncome": 0, "interestExpense": 3444000000, "depreciationAndAmortization": 18143000000, "ebitda": 32026000000, "ebitdaratio": 0.2513144059, "operatingIncome": 12997000000, "operatingIncomeRatio": 0.1019900498, "totalOtherIncomeExpensesNet": 886000000, "incomeBeforeTax": 10439000000, "incomeBeforeTaxRatio": 0.0819169139, "incomeTaxExpense": 2900000000, "netIncome": 7264000000, "netIncomeRatio": 0.057002056, "eps": 1.25, "epsdiluted": 1.25, "weightedAverageShsOut": 5801000000, "weightedAverageShsOutDil": 5821000000, "link": "https://www.sec.gov/Archives/edgar/data/732717/000073271713000017/0000732717-13-000017-index.htm", "finalLink": "https://www.sec.gov/Archives/edgar/data/732717/000073271713000017/ye12_10k.htm", "calculatedOtherExpenses": 16865000000, "calculatedOperatingExpenses": 59222000000, "calculatedNetInterest": -3444000000, "calculatedOtherIncome": 886000000, "calculatedIncomeNonControlling": 275000000, "calculatedEbitda": 31140000000}, {"date": "2011-12-31", "symbol": "TBB", "reportedCurrency": "USD", "cik": "0000732717", "fillingDate": "2012-02-24", "acceptedDate": "2012-02-24 14:34:06", "calendarYear": "2011", "period": "FY", "revenue": 126723000000, "costOfRevenue": 57374000000, "grossProfit": 69349000000, "grossProfitRatio": 0.5472487236, "researchAndDevelopmentExpenses": 0, "generalAndAdministrativeExpenses": 0, "sellingAndMarketingExpenses": 0, "sellingGeneralAndAdministrativeExpenses": 38844000000, "otherExpenses": 249000000, "operatingExpenses": 57221000000, "costAndExpenses": 114595000000, "interestIncome": 0, "interestExpense": 3535000000, "depreciationAndAmortization": 18377000000, "ebitda": 31538000000, "ebitdaratio": 0.2488735273, "operatingIncome": 9218000000, "operatingIncomeRatio": 0.0727413335, "totalOtherIncomeExpensesNet": -1877000000, "incomeBeforeTax": 6716000000, "incomeBeforeTaxRatio": 0.0529974827, "incomeTaxExpense": 2532000000, "netIncome": 3944000000, "netIncomeRatio": 0.0311230006, "eps": 0.67, "epsdiluted": 0.66, "weightedAverageShsOut": 5928000000, "weightedAverageShsOutDil": 5950000000, "link": "https://www.sec.gov/Archives/edgar/data/732717/000073271712000025/0000732717-12-000025-index.htm", "finalLink": "https://www.sec.gov/Archives/edgar/data/732717/000073271712000025/ye11_10k.htm", "calculatedOtherExpenses": 21287000000, "calculatedOperatingExpenses": 60131000000, "calculatedNetInterest": -3535000000, "calculatedOtherIncome": 1033000000, "calculatedIncomeNonControlling": 240000000, "calculatedEbitda": 27595000000}, {"date": "2010-12-31", "symbol": "TBB", "reportedCurrency": "USD", "cik": "0000732717", "fillingDate": "2011-03-01", "acceptedDate": "2011-02-28 17:53:20", "calendarYear": "2010", "period": "FY", "revenue": 124280000000, "costOfRevenue": 52263000000, "grossProfit": 72017000000, "grossProfitRatio": 0.5794737689, "researchAndDevelopmentExpenses": 0, "generalAndAdministrativeExpenses": 0, "sellingAndMarketingExpenses": 0, "sellingGeneralAndAdministrativeExpenses": 33065000000, "otherExpenses": 897000000, "operatingExpenses": 52444000000, "costAndExpenses": 104707000000, "interestIncome": 0, "interestExpense": 2994000000, "depreciationAndAmortization": 19379000000, "ebitda": 40611000000, "ebitdaratio": 0.3267701963, "operatingIncome": 19573000000, "operatingIncomeRatio": 0.157491149, "totalOtherIncomeExpensesNet": 1659000000, "incomeBeforeTax": 18238000000, "incomeBeforeTaxRatio": 0.1467492758, "incomeTaxExpense": -1162000000, "netIncome": 19864000000, "netIncomeRatio": 0.159832636, "eps": 3.36, "epsdiluted": 3.35, "weightedAverageShsOut": 5913000000, "weightedAverageShsOutDil": 5938000000, "link": "https://www.sec.gov/Archives/edgar/data/732717/000073271711000014/0000732717-11-000014-index.htm", "finalLink": "https://www.sec.gov/Archives/edgar/data/732717/000073271711000014/ye10_10k.htm", "calculatedOtherExpenses": 19379000000, "calculatedOperatingExpenses": 52444000000, "calculatedNetInterest": -2994000000, "calculatedOtherIncome": 1659000000, "calculatedIncomeNonControlling": -464000000, "calculatedEbitda": 38952000000}, {"date": "2009-12-31", "symbol": "TBB", "reportedCurrency": "USD", "cik": "0000732717", "fillingDate": "2009-12-31", "acceptedDate": "2009-12-30 19:00:00", "calendarYear": "2009", "period": "FY", "revenue": 123018000000, "costOfRevenue": 50405000000, "grossProfit": 72613000000, "grossProfitRatio": 0.5902632135, "researchAndDevelopmentExpenses": 0, "generalAndAdministrativeExpenses": 0, "sellingAndMarketingExpenses": 0, "sellingGeneralAndAdministrativeExpenses": 31407000000, "otherExpenses": 152000000, "operatingExpenses": 51121000000, "costAndExpenses": 101526000000, "interestIncome": 0, "interestExpense": 3379000000, "depreciationAndAmortization": 19714000000, "ebitda": 42092000000, "ebitdaratio": 0.3421613097, "operatingIncome": 21492000000, "operatingIncomeRatio": 0.1747061406, "totalOtherIncomeExpensesNet": 886000000, "incomeBeforeTax": 18999000000, "incomeBeforeTaxRatio": 0.1544408135, "incomeTaxExpense": 6156000000, "netIncome": 12138000000, "netIncomeRatio": 0.0986684875, "eps": 2.12, "epsdiluted": 2.12, "weightedAverageShsOut": 5900000000, "weightedAverageShsOutDil": 5924000000, "link": "", "finalLink": "", "calculatedOtherExpenses": 19714000000, "calculatedOperatingExpenses": 51121000000, "calculatedNetInterest": -3379000000, "calculatedOtherIncome": 886000000, "calculatedIncomeNonControlling": 705000000, "calculatedEbitda": 41206000000}, {"date": "2008-12-31", "symbol": "TBB", "reportedCurrency": "USD", "cik": "0000732717", "fillingDate": "2008-12-31", "acceptedDate": "2008-12-30 19:00:00", "calendarYear": "2008", "period": "FY", "revenue": 124028000000, "costOfRevenue": 49895000000, "grossProfit": 74133000000, "grossProfitRatio": 0.597711807, "researchAndDevelopmentExpenses": 0, "generalAndAdministrativeExpenses": 0, "sellingAndMarketingExpenses": 0, "sellingGeneralAndAdministrativeExpenses": 31187000000, "otherExpenses": -589000000, "operatingExpenses": 51070000000, "costAndExpenses": 100965000000, "interestIncome": 0, "interestExpense": 3390000000, "depreciationAndAmortization": 19883000000, "ebitda": 43176000000, "ebitdaratio": 0.3481149418, "operatingIncome": 23063000000, "operatingIncomeRatio": 0.1859499468, "totalOtherIncomeExpensesNet": 230000000, "incomeBeforeTax": 19903000000, "incomeBeforeTaxRatio": 0.1604718289, "incomeTaxExpense": 7036000000, "netIncome": 12867000000, "netIncomeRatio": 0.1037427033, "eps": 2.17, "epsdiluted": 2.16, "weightedAverageShsOut": 5927000000, "weightedAverageShsOutDil": 5958000000, "link": "", "finalLink": "", "calculatedOtherExpenses": 19883000000, "calculatedOperatingExpenses": 51070000000, "calculatedNetInterest": -3390000000, "calculatedOtherIncome": 230000000, "calculatedIncomeNonControlling": 0, "calculatedEbitda": 42946000000}, {"date": "2007-12-31", "symbol": "TBB", "reportedCurrency": "USD", "cik": "0000732717", "fillingDate": "2007-12-31", "acceptedDate": "2007-12-30 19:00:00", "calendarYear": "2007", "period": "FY", "revenue": 118928000000, "costOfRevenue": 46055000000, "grossProfit": 72873000000, "grossProfitRatio": 0.6127488901, "researchAndDevelopmentExpenses": 0, "generalAndAdministrativeExpenses": 0, "sellingAndMarketingExpenses": 0, "sellingGeneralAndAdministrativeExpenses": 30892000000, "otherExpenses": 615000000, "operatingExpenses": 52469000000, "costAndExpenses": 98524000000, "interestIncome": 0, "interestExpense": 3507000000, "depreciationAndAmortization": 21577000000, "ebitda": 43288000000, "ebitdaratio": 0.3639849321, "operatingIncome": 20404000000, "operatingIncomeRatio": 0.1715659895, "totalOtherIncomeExpensesNet": 1307000000, "incomeBeforeTax": 18204000000, "incomeBeforeTaxRatio": 0.1530674021, "incomeTaxExpense": 6253000000, "netIncome": 11951000000, "netIncomeRatio": 0.1004893717, "eps": 1.95, "epsdiluted": 1.94, "weightedAverageShsOut": 6127000000, "weightedAverageShsOutDil": 6170000000, "link": "", "finalLink": "", "calculatedOtherExpenses": 21577000000, "calculatedOperatingExpenses": 52469000000, "calculatedNetInterest": -3507000000, "calculatedOtherIncome": 1307000000, "calculatedIncomeNonControlling": 0, "calculatedEbitda": 41981000000}, {"date": "2006-12-31", "symbol": "TBB", "reportedCurrency": "USD", "cik": "0000732717", "fillingDate": "2007-02-26", "acceptedDate": "2007-02-26 17:27:37", "calendarYear": "2006", "period": "FY", "revenue": 63055000000, "costOfRevenue": 27349000000, "grossProfit": 35706000000, "grossProfitRatio": 0.5662675442, "researchAndDevelopmentExpenses": 0, "generalAndAdministrativeExpenses": 0, "sellingAndMarketingExpenses": 0, "sellingGeneralAndAdministrativeExpenses": 15511000000, "otherExpenses": 16000000, "operatingExpenses": 25418000000, "costAndExpenses": 52767000000, "interestIncome": 377000000, "interestExpense": 1843000000, "depreciationAndAmortization": 9907000000, "ebitda": 22631000000, "ebitdaratio": 0.3589088891, "operatingIncome": 10288000000, "operatingIncomeRatio": 0.1631591468, "totalOtherIncomeExpensesNet": 2059000000, "incomeBeforeTax": 10881000000, "incomeBeforeTaxRatio": 0.1725636349, "incomeTaxExpense": 3525000000, "netIncome": 7356000000, "netIncomeRatio": 0.1166600587, "eps": 1.89, "epsdiluted": 1.89, "weightedAverageShsOut": 3882000000, "weightedAverageShsOutDil": 3902000000, "link": "https://www.sec.gov/Archives/edgar/data/732717/000073271707000015/0000732717-07-000015-index.htm", "finalLink": "https://www.sec.gov/Archives/edgar/data/732717/000073271707000015/att10_k.htm", "calculatedOtherExpenses": 9907000000, "calculatedOperatingExpenses": 25418000000, "calculatedNetInterest": -1466000000, "calculatedOtherIncome": 2059000000, "calculatedIncomeNonControlling": 0, "calculatedEbitda": 20195000000}, {"date": "2005-12-31", "symbol": "TBB", "reportedCurrency": "USD", "cik": "0000732717", "fillingDate": "2006-03-01", "acceptedDate": "2006-02-28 18:15:37", "calendarYear": "2005", "period": "FY", "revenue": 43862000000, "costOfRevenue": 19190000000, "grossProfit": 24672000000, "grossProfitRatio": 0.5624914505, "researchAndDevelopmentExpenses": 0, "generalAndAdministrativeExpenses": 0, "sellingAndMarketingExpenses": 0, "sellingGeneralAndAdministrativeExpenses": 10861000000, "otherExpenses": 14000000, "operatingExpenses": 18504000000, "costAndExpenses": 37694000000, "interestIncome": 383000000, "interestExpense": 1456000000, "depreciationAndAmortization": 7643000000, "ebitda": 14817000000, "ebitdaratio": 0.3378094934, "operatingIncome": 6168000000, "operatingIncomeRatio": 0.1406228626, "totalOtherIncomeExpensesNet": 623000000, "incomeBeforeTax": 5718000000, "incomeBeforeTaxRatio": 0.1303634125, "incomeTaxExpense": 932000000, "netIncome": 4786000000, "netIncomeRatio": 0.1091149514, "eps": 1.42, "epsdiluted": 1.42, "weightedAverageShsOut": 3368000000, "weightedAverageShsOutDil": 3379000000, "link": "https://www.sec.gov/Archives/edgar/data/732717/000073271706000008/0000732717-06-000008-index.htm", "finalLink": "https://www.sec.gov/Archives/edgar/data/732717/000073271706000008/form10k2005.htm", "calculatedOtherExpenses": 7643000000, "calculatedOperatingExpenses": 18504000000, "calculatedNetInterest": -1073000000, "calculatedOtherIncome": 623000000, "calculatedIncomeNonControlling": 0, "calculatedEbitda": 13811000000}, {"date": "2004-12-31", "symbol": "TBB", "reportedCurrency": "USD", "cik": "0000732717", "fillingDate": "2005-03-11", "acceptedDate": "2005-03-11 14:52:31", "calendarYear": "2004", "period": "FY", "revenue": 40787000000, "costOfRevenue": 17383000000, "grossProfit": 23404000000, "grossProfitRatio": 0.5738102827, "researchAndDevelopmentExpenses": 0, "generalAndAdministrativeExpenses": 0, "sellingAndMarketingExpenses": 0, "sellingGeneralAndAdministrativeExpenses": 9939000000, "otherExpenses": 922000000, "operatingExpenses": 17503000000, "costAndExpenses": 34886000000, "interestIncome": 492000000, "interestExpense": 1023000000, "depreciationAndAmortization": 7564000000, "ebitda": 15752000000, "ebitdaratio": 0.3862014858, "operatingIncome": 5901000000, "operatingIncomeRatio": 0.1446784515, "totalOtherIncomeExpensesNet": 1795000000, "incomeBeforeTax": 7165000000, "incomeBeforeTaxRatio": 0.175668718, "incomeTaxExpense": 2186000000, "netIncome": 5887000000, "netIncomeRatio": 0.1443352048, "eps": 1.78, "epsdiluted": 1.77, "weightedAverageShsOut": 3310000000, "weightedAverageShsOutDil": 3322000000, "link": "https://www.sec.gov/Archives/edgar/data/732717/000073271705000176/0000732717-05-000176-index.htm", "finalLink": "https://www.sec.gov/Archives/edgar/data/732717/000073271705000176/form10k.htm", "calculatedOtherExpenses": 7564000000, "calculatedOperatingExpenses": 17503000000, "calculatedNetInterest": -531000000, "calculatedOtherIncome": 1795000000, "calculatedIncomeNonControlling": -908000000, "calculatedEbitda": 13465000000}, {"date": "2003-12-31", "symbol": "TBB", "reportedCurrency": "USD", "cik": "0000732717", "fillingDate": "2004-03-11", "acceptedDate": "2004-03-11 15:48:23", "calendarYear": "2003", "period": "FY", "revenue": 40843000000, "costOfRevenue": 16653000000, "grossProfit": 24190000000, "grossProfitRatio": 0.5922679529, "researchAndDevelopmentExpenses": 0, "generalAndAdministrativeExpenses": 0, "sellingAndMarketingExpenses": 0, "sellingGeneralAndAdministrativeExpenses": 9851000000, "otherExpenses": 1817000000, "operatingExpenses": 17721000000, "costAndExpenses": 34374000000, "interestIncome": 603000000, "interestExpense": 1241000000, "depreciationAndAmortization": 7870000000, "ebitda": 18012000000, "ebitdaratio": 0.4410058027, "operatingIncome": 6469000000, "operatingIncomeRatio": 0.1583869941, "totalOtherIncomeExpensesNet": 3070000000, "incomeBeforeTax": 8901000000, "incomeBeforeTaxRatio": 0.2179320814, "incomeTaxExpense": 2930000000, "netIncome": 8505000000, "netIncomeRatio": 0.2082364175, "eps": 2.56, "epsdiluted": 2.55, "weightedAverageShsOut": 3318000000, "weightedAverageShsOutDil": 3329000000, "link": "https://www.sec.gov/Archives/edgar/data/732717/000073271704000205/0000732717-04-000205-index.htm", "finalLink": "https://www.sec.gov/Archives/edgar/data/732717/000073271704000205/sbc10k.htm", "calculatedOtherExpenses": 7870000000, "calculatedOperatingExpenses": 17721000000, "calculatedNetInterest": -638000000, "calculatedOtherIncome": 3070000000, "calculatedIncomeNonControlling": -2534000000, "calculatedEbitda": 14339000000}, {"date": "2002-12-31", "symbol": "TBB", "reportedCurrency": "USD", "cik": "0000732717", "fillingDate": "2003-03-14", "acceptedDate": "2003-03-13 17:57:50", "calendarYear": "2002", "period": "FY", "revenue": 43138000000, "costOfRevenue": 25937000000, "grossProfit": 17201000000, "grossProfitRatio": 0.3987435672, "researchAndDevelopmentExpenses": 0, "generalAndAdministrativeExpenses": 0, "sellingAndMarketingExpenses": 0, "sellingGeneralAndAdministrativeExpenses": 9331000000, "otherExpenses": 734000000, "operatingExpenses": 8578000000, "costAndExpenses": 34515000000, "interestIncome": 561000000, "interestExpense": 1382000000, "depreciationAndAmortization": 8578000000, "ebitda": 20417000000, "ebitdaratio": 0.4732950067, "operatingIncome": 8623000000, "operatingIncomeRatio": 0.1998933655, "totalOtherIncomeExpensesNet": 2655000000, "incomeBeforeTax": 10457000000, "incomeBeforeTaxRatio": 0.2424080857, "incomeTaxExpense": 2984000000, "netIncome": 5653000000, "netIncomeRatio": 0.1310445547, "eps": 1.7, "epsdiluted": 1.69, "weightedAverageShsOut": 3330000000, "weightedAverageShsOutDil": 3348000000, "link": "https://www.sec.gov/Archives/edgar/data/732717/000073271703000210/0000732717-03-000210-index.htm", "finalLink": "https://www.sec.gov/Archives/edgar/data/732717/000073271703000210/sbc10k.htm", "calculatedOtherExpenses": -753000000, "calculatedOperatingExpenses": 8578000000, "calculatedNetInterest": -821000000, "calculatedOtherIncome": 2655000000, "calculatedIncomeNonControlling": 1820000000, "calculatedEbitda": 17201000000}, {"date": "2001-12-31", "symbol": "TBB", "reportedCurrency": "USD", "cik": "0000732717", "fillingDate": "2002-02-28", "acceptedDate": "2002-02-28 00:00:00", "calendarYear": "2001", "period": "FY", "revenue": 45908000000, "costOfRevenue": 25943000000, "grossProfit": 19965000000, "grossProfitRatio": 0.4348915222, "researchAndDevelopmentExpenses": 0, "generalAndAdministrativeExpenses": 0, "sellingAndMarketingExpenses": 0, "sellingGeneralAndAdministrativeExpenses": 9383000000, "otherExpenses": -209000000, "operatingExpenses": 9077000000, "costAndExpenses": 35020000000, "interestIncome": 682000000, "interestExpense": 1599000000, "depreciationAndAmortization": 9077000000, "ebitda": 22033000000, "ebitdaratio": 0.4799381371, "operatingIncome": 10888000000, "operatingIncomeRatio": 0.2371699922, "totalOtherIncomeExpensesNet": 1386000000, "incomeBeforeTax": 11357000000, "incomeBeforeTaxRatio": 0.2473860765, "incomeTaxExpense": 4097000000, "netIncome": 7008000000, "netIncomeRatio": 0.1526531324, "eps": 2.15, "epsdiluted": 2.13, "weightedAverageShsOut": 3366000000, "weightedAverageShsOutDil": 3396000000, "link": "https://www.sec.gov/Archives/edgar/data/732717/000073271702000013/0000732717-02-000013-index.htm", "finalLink": "https://www.sec.gov/Archives/edgar/data/732717/000073271702000013/form10k.htm", "calculatedOtherExpenses": -306000000, "calculatedOperatingExpenses": 9077000000, "calculatedNetInterest": -917000000, "calculatedOtherIncome": 1386000000, "calculatedIncomeNonControlling": 252000000, "calculatedEbitda": 19965000000}, {"date": "2000-12-31", "symbol": "TBB", "reportedCurrency": "USD", "cik": "0000732717", "fillingDate": "2001-03-12", "acceptedDate": "2001-03-12 00:00:00", "calendarYear": "2000", "period": "FY", "revenue": 51476000000, "costOfRevenue": 30985000000, "grossProfit": 20491000000, "grossProfitRatio": 0.398069003, "researchAndDevelopmentExpenses": 0, "generalAndAdministrativeExpenses": 0, "sellingAndMarketingExpenses": 0, "sellingGeneralAndAdministrativeExpenses": 0, "otherExpenses": 2561000000, "operatingExpenses": 9748000000, "costAndExpenses": 40733000000, "interestIncome": 279000000, "interestExpense": 1592000000, "depreciationAndAmortization": 9748000000, "ebitda": 24228000000, "ebitdaratio": 0.4706659414, "operatingIncome": 10743000000, "operatingIncomeRatio": 0.2086991996, "totalOtherIncomeExpensesNet": 3458000000, "incomeBeforeTax": 12888000000, "incomeBeforeTaxRatio": 0.250369104, "incomeTaxExpense": 4921000000, "netIncome": 7800000000, "netIncomeRatio": 0.1515269252, "eps": 2.35, "epsdiluted": 2.32, "weightedAverageShsOut": 3392000000, "weightedAverageShsOutDil": 3433000000, "link": "https://www.sec.gov/Archives/edgar/data/732717/000073271701000019/0000732717-01-000019-index.htm", "finalLink": "https://www.sec.gov/Archives/edgar/data/732717/000073271701000019/0000732717-01-000019-0001.htm", "calculatedOtherExpenses": 9748000000, "calculatedOperatingExpenses": 9748000000, "calculatedNetInterest": -1313000000, "calculatedOtherIncome": 3458000000, "calculatedIncomeNonControlling": 167000000, "calculatedEbitda": 20491000000}, {"date": "1999-12-31", "symbol": "TBB", "reportedCurrency": "USD", "cik": "0000732717", "fillingDate": "2000-03-10", "acceptedDate": "2000-03-10 00:00:00", "calendarYear": "1999", "period": "FY", "revenue": 49489000000, "costOfRevenue": 29338000000, "grossProfit": 20151000000, "grossProfitRatio": 0.4071813938, "researchAndDevelopmentExpenses": 0, "generalAndAdministrativeExpenses": 0, "sellingAndMarketingExpenses": 0, "sellingGeneralAndAdministrativeExpenses": 0, "otherExpenses": -227000000, "operatingExpenses": 8553000000, "costAndExpenses": 37891000000, "interestIncome": 127000000, "interestExpense": 1430000000, "depreciationAndAmortization": 8553000000, "ebitda": 20836000000, "ebitdaratio": 0.4210228536, "operatingIncome": 11598000000, "operatingIncomeRatio": 0.2343551092, "totalOtherIncomeExpensesNet": 685000000, "incomeBeforeTax": 10853000000, "incomeBeforeTaxRatio": 0.2193012589, "incomeTaxExpense": 4280000000, "netIncome": 8159000000, "netIncomeRatio": 0.1648649195, "eps": 2.39, "epsdiluted": 2.36, "weightedAverageShsOut": 3409000000, "weightedAverageShsOutDil": 3458000000, "link": "https://www.sec.gov/Archives/edgar/data/732717/000073271700000018/0000732717-00-000018-index.html", "finalLink": "https://www.sec.gov/Archives/edgar/data/732717/000073271700000018/", "calculatedOtherExpenses": 8553000000, "calculatedOperatingExpenses": 8553000000, "calculatedNetInterest": -1303000000, "calculatedOtherIncome": 558000000, "calculatedIncomeNonControlling": -1586000000, "calculatedEbitda": 20151000000}, {"date": "1998-12-31", "symbol": "TBB", "reportedCurrency": "USD", "cik": "0000732717", "fillingDate": "1999-03-12", "acceptedDate": "1999-03-12 00:00:00", "calendarYear": "1998", "period": "FY", "revenue": 28777000000, "costOfRevenue": 16714000000, "grossProfit": 12063000000, "grossProfitRatio": 0.4191889356, "researchAndDevelopmentExpenses": 0, "generalAndAdministrativeExpenses": 0, "sellingAndMarketingExpenses": 0, "sellingGeneralAndAdministrativeExpenses": 0, "otherExpenses": 245000000, "operatingExpenses": 5177000000, "costAndExpenses": 21891000000, "interestIncome": 182000000, "interestExpense": 993000000, "depreciationAndAmortization": 5177000000, "ebitda": 12544000000, "ebitdaratio": 0.4359036731, "operatingIncome": 6886000000, "operatingIncomeRatio": 0.2392883205, "totalOtherIncomeExpensesNet": 481000000, "incomeBeforeTax": 6374000000, "incomeBeforeTaxRatio": 0.2214963339, "incomeTaxExpense": 2306000000, "netIncome": 4023000000, "netIncomeRatio": 0.1397991452, "eps": 1.18, "epsdiluted": 1.17, "weightedAverageShsOut": 3406000000, "weightedAverageShsOutDil": 3450000000, "link": "https://www.sec.gov/Archives/edgar/data/732717/000073271799000007/0000732717-99-000007-index.html", "finalLink": "https://www.sec.gov/Archives/edgar/data/732717/", "calculatedOtherExpenses": 5177000000, "calculatedOperatingExpenses": 5177000000, "calculatedNetInterest": -811000000, "calculatedOtherIncome": 299000000, "calculatedIncomeNonControlling": 45000000, "calculatedEbitda": 12063000000}, {"date": "1997-12-31", "symbol": "TBB", "reportedCurrency": "USD", "cik": "0000732717", "fillingDate": "1998-03-11", "acceptedDate": "1998-03-11 00:00:00", "calendarYear": "1997", "period": "FY", "revenue": 24856000000, "costOfRevenue": 9488000000, "grossProfit": 15368000000, "grossProfitRatio": 0.6182813003, "researchAndDevelopmentExpenses": 0, "generalAndAdministrativeExpenses": 0, "sellingAndMarketingExpenses": 0, "sellingGeneralAndAdministrativeExpenses": 7276000000, "otherExpenses": -87000000, "operatingExpenses": 12198000000, "costAndExpenses": 21686000000, "interestIncome": 0, "interestExpense": 947000000, "depreciationAndAmortization": 4922000000, "ebitda": 8206000000, "ebitdaratio": 0.3301416157, "operatingIncome": 3170000000, "operatingIncomeRatio": 0.1275345993, "totalOtherIncomeExpensesNet": 114000000, "incomeBeforeTax": 2337000000, "incomeBeforeTaxRatio": 0.0940215642, "incomeTaxExpense": 863000000, "netIncome": 1474000000, "netIncomeRatio": 0.0593015771, "eps": 0.43, "epsdiluted": 0.43, "weightedAverageShsOut": 3391000000, "weightedAverageShsOutDil": 3420000000, "link": "https://www.sec.gov/Archives/edgar/data/732717/000073271798000007/0000732717-98-000007-index.html", "finalLink": "https://www.sec.gov/Archives/edgar/data/732717/", "calculatedOtherExpenses": 4922000000, "calculatedOperatingExpenses": 12198000000, "calculatedNetInterest": -947000000, "calculatedOtherIncome": 114000000, "calculatedIncomeNonControlling": 0, "calculatedEbitda": 8092000000}, {"date": "1996-12-31", "symbol": "TBB", "reportedCurrency": "USD", "cik": "0000732717", "fillingDate": "1997-03-11", "acceptedDate": "1997-03-11 00:00:00", "calendarYear": "1996", "period": "FY", "revenue": 13898000000, "costOfRevenue": 4135000000, "grossProfit": 9763000000, "grossProfitRatio": 0.7024751763, "researchAndDevelopmentExpenses": 0, "generalAndAdministrativeExpenses": 0, "sellingAndMarketingExpenses": 0, "sellingGeneralAndAdministrativeExpenses": 3967000000, "otherExpenses": -61000000, "operatingExpenses": 6207000000, "costAndExpenses": 10342000000, "interestIncome": 0, "interestExpense": 472000000, "depreciationAndAmortization": 2240000000, "ebitda": 5979000000, "ebitdaratio": 0.430205785, "operatingIncome": 3556000000, "operatingIncomeRatio": 0.2558641531, "totalOtherIncomeExpensesNet": 183000000, "incomeBeforeTax": 3267000000, "incomeBeforeTaxRatio": 0.2350697942, "incomeTaxExpense": 1166000000, "netIncome": 2101000000, "netIncomeRatio": 0.1511728306, "eps": 1.07, "epsdiluted": 1.07, "weightedAverageShsOut": 1956200000, "weightedAverageShsOutDil": 1966995000, "link": "https://www.sec.gov/Archives/edgar/data/732717/000073271797000001/0000732717-97-000001-index.html", "finalLink": "https://www.sec.gov/Archives/edgar/data/732717/", "calculatedOtherExpenses": 2240000000, "calculatedOperatingExpenses": 6207000000, "calculatedNetInterest": -472000000, "calculatedOtherIncome": 183000000, "calculatedIncomeNonControlling": 0, "calculatedEbitda": 5796000000}, {"date": "1995-12-31", "symbol": "TBB", "reportedCurrency": "USD", "cik": "0000732717", "fillingDate": "1996-03-12", "acceptedDate": "1996-03-12 00:00:00", "calendarYear": "1995", "period": "FY", "revenue": 12669700000, "costOfRevenue": 3805900000, "grossProfit": 8863800000, "grossProfitRatio": 0.6996061469, "researchAndDevelopmentExpenses": 0, "generalAndAdministrativeExpenses": 0, "sellingAndMarketingExpenses": 0, "sellingGeneralAndAdministrativeExpenses": 3656700000, "otherExpenses": 114000000, "operatingExpenses": 5826600000, "costAndExpenses": 9632500000, "interestIncome": 0, "interestExpense": 515100000, "depreciationAndAmortization": 2169900000, "ebitda": 5477300000, "ebitdaratio": 0.432314893, "operatingIncome": 3037200000, "operatingIncomeRatio": 0.2397215404, "totalOtherIncomeExpensesNet": 270200000, "incomeBeforeTax": 2792300000, "incomeBeforeTaxRatio": 0.2203919588, "incomeTaxExpense": 903000000, "netIncome": -930000000, "netIncomeRatio": -0.0734034744, "eps": -0.51, "epsdiluted": -0.5, "weightedAverageShsOut": 1840861000, "weightedAverageShsOutDil": 1848707000, "link": "https://www.sec.gov/Archives/edgar/data/732717/000073271796000003/0000732717-96-000003-index.html", "finalLink": "https://www.sec.gov/Archives/edgar/data/732717/", "calculatedOtherExpenses": 2169900000, "calculatedOperatingExpenses": 5826600000, "calculatedNetInterest": -515100000, "calculatedOtherIncome": 270200000, "calculatedIncomeNonControlling": 2819300000, "calculatedEbitda": 5207100000}, {"date": "1994-12-31", "symbol": "TBB", "reportedCurrency": "USD", "cik": "0000732717", "fillingDate": "1995-03-14", "acceptedDate": "1995-03-14 00:00:00", "calendarYear": "1994", "period": "FY", "revenue": 11618500000, "costOfRevenue": 3746900000, "grossProfit": 7871600000, "grossProfitRatio": 0.6775057021, "researchAndDevelopmentExpenses": 0, "generalAndAdministrativeExpenses": 0, "sellingAndMarketingExpenses": 0, "sellingGeneralAndAdministrativeExpenses": 3043500000, "otherExpenses": -99400000, "operatingExpenses": 5081300000, "costAndExpenses": 8828200000, "interestIncome": 0, "interestExpense": 480200000, "depreciationAndAmortization": 2037800000, "ebitda": 4951800000, "ebitdaratio": 0.4261995955, "operatingIncome": 2790300000, "operatingIncomeRatio": 0.2401600895, "totalOtherIncomeExpensesNet": 123700000, "incomeBeforeTax": 2433800000, "incomeBeforeTaxRatio": 0.2094762663, "incomeTaxExpense": 785100000, "netIncome": 1649000000, "netIncomeRatio": 0.1419288204, "eps": 1.37, "epsdiluted": 1.37, "weightedAverageShsOut": 1202000000, "weightedAverageShsOutDil": 1202000000, "link": "https://www.sec.gov/Archives/edgar/data/732717/000073271795000003/0000732717-95-000003-index.html", "finalLink": "https://www.sec.gov/Archives/edgar/data/732717/", "calculatedOtherExpenses": 2037800000, "calculatedOperatingExpenses": 5081300000, "calculatedNetInterest": -480200000, "calculatedOtherIncome": 123700000, "calculatedIncomeNonControlling": -300000, "calculatedEbitda": 4828100000}, {"date": "1993-12-31", "symbol": "TBB", "reportedCurrency": "USD", "cik": "0000732717", "fillingDate": "1994-03-18", "acceptedDate": "1994-03-18 00:00:00", "calendarYear": "1993", "period": "FY", "revenue": 10690300000, "costOfRevenue": 3387600000, "grossProfit": 7302700000, "grossProfitRatio": 0.6831145992, "researchAndDevelopmentExpenses": 0, "generalAndAdministrativeExpenses": 0, "sellingAndMarketingExpenses": 0, "sellingGeneralAndAdministrativeExpenses": 2916100000, "otherExpenses": 2007000000, "operatingExpenses": 4923100000, "costAndExpenses": 8310700000, "interestIncome": 0, "interestExpense": 496200000, "depreciationAndAmortization": 2007000000, "ebitda": 4209800000, "ebitdaratio": 0.3937962452, "operatingIncome": 2379600000, "operatingIncomeRatio": 0.2225943145, "totalOtherIncomeExpensesNet": 176800000, "incomeBeforeTax": 2060200000, "incomeBeforeTaxRatio": 0.1927167619, "incomeTaxExpense": 625000000, "netIncome": -845200000, "netIncomeRatio": -0.0790623275, "eps": -0.7, "epsdiluted": -0.7, "weightedAverageShsOut": 1199600000, "weightedAverageShsOutDil": 1199600000, "link": "https://www.sec.gov/Archives/edgar/data/732717/000073271794000005/0000732717-94-000005-index.html", "finalLink": "https://www.sec.gov/Archives/edgar/data/732717/", "calculatedOtherExpenses": 2007000000, "calculatedOperatingExpenses": 4923100000, "calculatedNetInterest": -496200000, "calculatedOtherIncome": 176800000, "calculatedIncomeNonControlling": 2280400000, "calculatedEbitda": 4386600000}, {"date": "1992-12-31", "symbol": "TBB", "reportedCurrency": "USD", "cik": "0000732717", "fillingDate": "1992-12-31", "acceptedDate": "1992-12-30 19:00:00", "calendarYear": "1992", "period": "FY", "revenue": 10015400000, "costOfRevenue": 3423400000, "grossProfit": 6592000000, "grossProfitRatio": 0.658186393, "researchAndDevelopmentExpenses": 0, "generalAndAdministrativeExpenses": 0, "sellingAndMarketingExpenses": 0, "sellingGeneralAndAdministrativeExpenses": 2552400000, "otherExpenses": 1842200000, "operatingExpenses": 4394600000, "costAndExpenses": 7818000000, "interestIncome": 0, "interestExpense": 530000000, "depreciationAndAmortization": 1842200000, "ebitda": 3837300000, "ebitdaratio": 0.3831399645, "operatingIncome": 2197400000, "operatingIncomeRatio": 0.2194021207, "totalOtherIncomeExpensesNet": 202300000, "incomeBeforeTax": 1869700000, "incomeBeforeTaxRatio": 0.1866825089, "incomeTaxExpense": 568000000, "netIncome": 1301700000, "netIncomeRatio": 0.1299698464, "eps": 1.08, "epsdiluted": 1.08, "weightedAverageShsOut": 1200400000, "weightedAverageShsOutDil": 1200400000, "link": "", "finalLink": "", "calculatedOtherExpenses": 1842200000, "calculatedOperatingExpenses": 4394600000, "calculatedNetInterest": -530000000, "calculatedOtherIncome": 202300000, "calculatedIncomeNonControlling": 0, "calculatedEbitda": 4039600000}, {"date": "1991-12-31", "symbol": "TBB", "reportedCurrency": "USD", "cik": "0000732717", "fillingDate": "1991-12-31", "acceptedDate": "1991-12-30 19:00:00", "calendarYear": "1991", "period": "FY", "revenue": 9331900000, "costOfRevenue": 3159900000, "grossProfit": 6172000000, "grossProfitRatio": 0.6613872845, "researchAndDevelopmentExpenses": 0, "generalAndAdministrativeExpenses": 0, "sellingAndMarketingExpenses": 0, "sellingGeneralAndAdministrativeExpenses": 2273400000, "otherExpenses": 1765000000, "operatingExpenses": 4038400000, "costAndExpenses": 7198300000, "interestIncome": 0, "interestExpense": 0, "depreciationAndAmortization": 1765000000, "ebitda": 3810300000, "ebitdaratio": 0.4083091332, "operatingIncome": 2133600000, "operatingIncomeRatio": 0.2286351118, "totalOtherIncomeExpensesNet": 88300000, "incomeBeforeTax": 1644200000, "incomeBeforeTaxRatio": 0.1761913437, "incomeTaxExpense": 487700000, "netIncome": 1156500000, "netIncomeRatio": 0.1239297464, "eps": 0.97, "epsdiluted": 0.97, "weightedAverageShsOut": 1192268041, "weightedAverageShsOutDil": 1192268041, "link": "", "finalLink": "", "calculatedOtherExpenses": 1765000000, "calculatedOperatingExpenses": 4038400000, "calculatedNetInterest": 0, "calculatedOtherIncome": -489400000, "calculatedIncomeNonControlling": 0, "calculatedEbitda": 3898600000}, {"date": "1990-12-31", "symbol": "TBB", "reportedCurrency": "USD", "cik": "0000732717", "fillingDate": "1990-12-31", "acceptedDate": "1990-12-30 19:00:00", "calendarYear": "1990", "period": "FY", "revenue": 9112900000, "costOfRevenue": 3202600000, "grossProfit": 5910300000, "grossProfitRatio": 0.6485641234, "researchAndDevelopmentExpenses": 0, "generalAndAdministrativeExpenses": 0, "sellingAndMarketingExpenses": 0, "sellingGeneralAndAdministrativeExpenses": 2167300000, "otherExpenses": 1691100000, "operatingExpenses": 3858400000, "costAndExpenses": 7061000000, "interestIncome": 0, "interestExpense": 0, "depreciationAndAmortization": 1691100000, "ebitda": 3670300000, "ebitdaratio": 0.4027587266, "operatingIncome": 2051900000, "operatingIncomeRatio": 0.2251643275, "totalOtherIncomeExpensesNet": 72700000, "incomeBeforeTax": 1541000000, "incomeBeforeTaxRatio": 0.1691009448, "incomeTaxExpense": 439600000, "netIncome": 1101400000, "netIncomeRatio": 0.1208616357, "eps": 0.92, "epsdiluted": 0.92, "weightedAverageShsOut": 1197173913, "weightedAverageShsOutDil": 1197173913, "link": "", "finalLink": "", "calculatedOtherExpenses": 1691100000, "calculatedOperatingExpenses": 3858400000, "calculatedNetInterest": 0, "calculatedOtherIncome": -510900000, "calculatedIncomeNonControlling": 0, "calculatedEbitda": 3743000000}, {"date": "1989-12-31", "symbol": "TBB", "reportedCurrency": "USD", "cik": "0000732717", "fillingDate": "1989-12-31", "acceptedDate": "1989-12-30 19:00:00", "calendarYear": "1989", "period": "FY", "revenue": 8729800000, "costOfRevenue": 2901600000, "grossProfit": 5828200000, "grossProfitRatio": 0.6676212513, "researchAndDevelopmentExpenses": 0, "generalAndAdministrativeExpenses": 0, "sellingAndMarketingExpenses": 0, "sellingGeneralAndAdministrativeExpenses": 1923700000, "otherExpenses": 1891400000, "operatingExpenses": 3815100000, "costAndExpenses": 6716700000, "interestIncome": 0, "interestExpense": 0, "depreciationAndAmortization": 1891400000, "ebitda": 3854000000, "ebitdaratio": 0.4414763225, "operatingIncome": 2013100000, "operatingIncomeRatio": 0.2306009301, "totalOtherIncomeExpensesNet": 50500000, "incomeBeforeTax": 1479500000, "incomeBeforeTaxRatio": 0.169476964, "incomeTaxExpense": 386700000, "netIncome": 1092800000, "netIncomeRatio": 0.1251804165, "eps": 0.91, "epsdiluted": 0.91, "weightedAverageShsOut": 1200879121, "weightedAverageShsOutDil": 1200879121, "link": "", "finalLink": "", "calculatedOtherExpenses": 1891400000, "calculatedOperatingExpenses": 3815100000, "calculatedNetInterest": 0, "calculatedOtherIncome": -533600000, "calculatedIncomeNonControlling": 0, "calculatedEbitda": 3904500000}, {"date": "1988-12-31", "symbol": "TBB", "reportedCurrency": "USD", "cik": "0000732717", "fillingDate": "1988-12-31", "acceptedDate": "1988-12-30 19:00:00", "calendarYear": "1988", "period": "FY", "revenue": 7258800000, "costOfRevenue": 2329400000, "grossProfit": 4929400000, "grossProfitRatio": 0.679092963, "researchAndDevelopmentExpenses": 0, "generalAndAdministrativeExpenses": 0, "sellingAndMarketingExpenses": 0, "sellingGeneralAndAdministrativeExpenses": 1427200000, "otherExpenses": 1678300000, "operatingExpenses": 3105500000, "costAndExpenses": 5434900000, "interestIncome": 0, "interestExpense": 0, "depreciationAndAmortization": 1678300000, "ebitda": 3493800000, "ebitdaratio": 0.4813192263, "operatingIncome": 1823900000, "operatingIncomeRatio": 0.2512674271, "totalOtherIncomeExpensesNet": 8400000, "incomeBeforeTax": 1345900000, "incomeBeforeTaxRatio": 0.1854163223, "incomeTaxExpense": 333100000, "netIncome": 1012800000, "netIncomeRatio": 0.1395271946, "eps": 0.89, "epsdiluted": 0.88, "weightedAverageShsOut": 1137977528, "weightedAverageShsOutDil": 1150909091, "link": "", "finalLink": "", "calculatedOtherExpenses": 1678300000, "calculatedOperatingExpenses": 3105500000, "calculatedNetInterest": 0, "calculatedOtherIncome": -478000000, "calculatedIncomeNonControlling": 0, "calculatedEbitda": 3502200000}, {"date": "1987-12-31", "symbol": "TBB", "reportedCurrency": "USD", "cik": "0000732717", "fillingDate": "1987-12-31", "acceptedDate": "1987-12-30 19:00:00", "calendarYear": "1987", "period": "FY", "revenue": 8002600000, "costOfRevenue": 2417900000, "grossProfit": 5584700000, "grossProfitRatio": 0.6978606953, "researchAndDevelopmentExpenses": 0, "generalAndAdministrativeExpenses": 0, "sellingAndMarketingExpenses": 0, "sellingGeneralAndAdministrativeExpenses": 2116900000, "otherExpenses": 1387300000, "operatingExpenses": 3504200000, "costAndExpenses": 5922100000, "interestIncome": 0, "interestExpense": 0, "depreciationAndAmortization": 1387300000, "ebitda": 3419400000, "ebitdaratio": 0.427286132, "operatingIncome": 2080500000, "operatingIncomeRatio": 0.2599780071, "totalOtherIncomeExpensesNet": 48400000, "incomeBeforeTax": 1590500000, "incomeBeforeTaxRatio": 0.1987479069, "incomeTaxExpense": 543400000, "netIncome": 1047100000, "netIncomeRatio": 0.1308449754, "eps": 0.87, "epsdiluted": 0.87, "weightedAverageShsOut": 1203563218, "weightedAverageShsOutDil": 1203563218, "link": "", "finalLink": "", "calculatedOtherExpenses": 1387300000, "calculatedOperatingExpenses": 3504200000, "calculatedNetInterest": 0, "calculatedOtherIncome": -490000000, "calculatedIncomeNonControlling": 0, "calculatedEbitda": 3467800000}, {"date": "1986-12-31", "symbol": "TBB", "reportedCurrency": "USD", "cik": "0000732717", "fillingDate": "1986-12-31", "acceptedDate": "1986-12-30 19:00:00", "calendarYear": "1986", "period": "FY", "revenue": 7902400000, "costOfRevenue": 2003200000, "grossProfit": 5899200000, "grossProfitRatio": 0.7465073902, "researchAndDevelopmentExpenses": 0, "generalAndAdministrativeExpenses": 0, "sellingAndMarketingExpenses": 0, "sellingGeneralAndAdministrativeExpenses": 2314800000, "otherExpenses": 1387300000, "operatingExpenses": 3702100000, "costAndExpenses": 5705300000, "interestIncome": 0, "interestExpense": 0, "depreciationAndAmortization": 1387300000, "ebitda": 3504700000, "ebitdaratio": 0.4434981778, "operatingIncome": 2197100000, "operatingIncomeRatio": 0.2780294594, "totalOtherIncomeExpensesNet": 79700000, "incomeBeforeTax": 1734100000, "incomeBeforeTaxRatio": 0.2194396639, "incomeTaxExpense": 711400000, "netIncome": 1022700000, "netIncomeRatio": 0.1294163798, "eps": 0.86, "epsdiluted": 0.86, "weightedAverageShsOut": 1189186047, "weightedAverageShsOutDil": 1189186047, "link": "", "finalLink": "", "calculatedOtherExpenses": 1387300000, "calculatedOperatingExpenses": 3702100000, "calculatedNetInterest": 0, "calculatedOtherIncome": -463000000, "calculatedIncomeNonControlling": 0, "calculatedEbitda": 3584400000}, {"date": "1985-12-31", "symbol": "TBB", "reportedCurrency": "USD", "cik": "0000732717", "fillingDate": "1985-12-31", "acceptedDate": "1985-12-30 19:00:00", "calendarYear": "1985", "period": "FY", "revenue": 7925000000, "costOfRevenue": 2917800000, "grossProfit": 5007200000, "grossProfitRatio": 0.6318233438, "researchAndDevelopmentExpenses": 0, "generalAndAdministrativeExpenses": 0, "sellingAndMarketingExpenses": 0, "sellingGeneralAndAdministrativeExpenses": 1046500000, "otherExpenses": 1837600000, "operatingExpenses": 2884100000, "costAndExpenses": 5801900000, "interestIncome": 0, "interestExpense": 0, "depreciationAndAmortization": 1302400000, "ebitda": 3357200000, "ebitdaratio": 0.4236214511, "operatingIncome": 2123100000, "operatingIncomeRatio": 0.2678990536, "totalOtherIncomeExpensesNet": 68300000, "incomeBeforeTax": 1650800000, "incomeBeforeTaxRatio": 0.2083028391, "incomeTaxExpense": 654600000, "netIncome": 996200000, "netIncomeRatio": 0.12570347, "eps": 0.84, "epsdiluted": 0.84, "weightedAverageShsOut": 1185952381, "weightedAverageShsOutDil": 1185952381, "link": "", "finalLink": "", "calculatedOtherExpenses": 1837600000, "calculatedOperatingExpenses": 2884100000, "calculatedNetInterest": 0, "calculatedOtherIncome": -472300000, "calculatedIncomeNonControlling": 0, "calculatedEbitda": 3425500000}]}