{"originalCurrency": "USD", "convertedCurrency": "USD", "report": [{"date": "2023-12-31", "symbol": "TCBI", "reportedCurrency": "USD", "cik": "0001077428", "fillingDate": "2024-02-13", "acceptedDate": "2024-02-13 16:48:13", "calendarYear": "2023", "period": "FY", "revenue": 1075542000, "costOfRevenue": -554381000, "grossProfit": 1629923000, "grossProfitRatio": 1.5154433765, "researchAndDevelopmentExpenses": 0, "generalAndAdministrativeExpenses": 496475000, "sellingAndMarketingExpenses": 25854000, "sellingGeneralAndAdministrativeExpenses": 522329000, "otherExpenses": -258753000, "operatingExpenses": 25854000, "costAndExpenses": 25854000, "interestIncome": 1629923000, "interestExpense": 715800000, "depreciationAndAmortization": 40473000, "ebitda": 246595000, "ebitdaratio": 0.2292751004, "operatingIncome": 246595000, "operatingIncomeRatio": 0.2292751004, "totalOtherIncomeExpensesNet": 246595000, "incomeBeforeTax": 246595000, "incomeBeforeTaxRatio": 0.2292751004, "incomeTaxExpense": 57454000, "netIncome": 189141000, "netIncomeRatio": 0.1758564519, "eps": 3.58, "epsdiluted": 3.54, "weightedAverageShsOut": 48054935, "weightedAverageShsOutDil": 48610206, "link": "https://www.sec.gov/Archives/edgar/data/1077428/000107742824000040/0001077428-24-000040-index.htm", "finalLink": "https://www.sec.gov/Archives/edgar/data/1077428/000107742824000040/tcbi-20231231.htm", "calculatedOtherExpenses": 860999000, "calculatedOperatingExpenses": 1383328000, "calculatedNetInterest": 914123000, "calculatedOtherIncome": -914123000, "calculatedIncomeNonControlling": 0, "calculatedEbitda": 287068000}, {"date": "2022-12-31", "symbol": "TCBI", "reportedCurrency": "USD", "cik": "0001077428", "fillingDate": "2023-02-09", "acceptedDate": "2023-02-09 16:06:15", "calendarYear": "2022", "period": "FY", "revenue": 976761000, "costOfRevenue": 0, "grossProfit": 976761000, "grossProfitRatio": 1, "researchAndDevelopmentExpenses": 0, "generalAndAdministrativeExpenses": 451153000, "sellingAndMarketingExpenses": 32388000, "sellingGeneralAndAdministrativeExpenses": 483541000, "otherExpenses": -248404000, "operatingExpenses": 32388000, "costAndExpenses": 32388000, "interestIncome": 1144237000, "interestExpense": 268479000, "depreciationAndAmortization": 45284000, "ebitda": 728268000, "ebitdaratio": 0.7455948794, "operatingIncome": 682984000, "operatingIncomeRatio": 0.699233487, "totalOtherIncomeExpensesNet": -251229000, "incomeBeforeTax": 431755000, "incomeBeforeTaxRatio": 0.4420272718, "incomeTaxExpense": 99277000, "netIncome": 332478000, "netIncomeRatio": 0.3403882833, "eps": 6.25, "epsdiluted": 6.18, "weightedAverageShsOut": 50457746, "weightedAverageShsOutDil": 51046742, "link": "https://www.sec.gov/Archives/edgar/data/1077428/000107742823000014/0001077428-23-000014-index.htm", "finalLink": "https://www.sec.gov/Archives/edgar/data/1077428/000107742823000014/tcbi-20221231.htm", "calculatedOtherExpenses": -189764000, "calculatedOperatingExpenses": 293777000, "calculatedNetInterest": 875758000, "calculatedOtherIncome": -1126987000, "calculatedIncomeNonControlling": 0, "calculatedEbitda": 728268000}, {"date": "2021-12-31", "symbol": "TCBI", "reportedCurrency": "USD", "cik": "0001077428", "fillingDate": "2022-02-09", "acceptedDate": "2022-02-09 17:09:41", "calendarYear": "2021", "period": "FY", "revenue": 879302000, "costOfRevenue": 0, "grossProfit": 879302000, "grossProfitRatio": 1, "researchAndDevelopmentExpenses": 0, "generalAndAdministrativeExpenses": 447142000, "sellingAndMarketingExpenses": 10006000, "sellingGeneralAndAdministrativeExpenses": 457148000, "otherExpenses": -998395000, "operatingExpenses": -541247000, "costAndExpenses": -541247000, "interestIncome": 876585000, "interestExpense": 107748000, "depreciationAndAmortization": 93406000, "ebitda": 431461000, "ebitdaratio": 0.490685794, "operatingIncome": 338055000, "operatingIncomeRatio": 0.3844583545, "totalOtherIncomeExpensesNet": 338055000, "incomeBeforeTax": 338055000, "incomeBeforeTaxRatio": 0.3844583545, "incomeTaxExpense": 84116000, "netIncome": 253939000, "netIncomeRatio": 0.2887961133, "eps": 4.65, "epsdiluted": 4.6, "weightedAverageShsOut": 50580660, "weightedAverageShsOutDil": 51140974, "link": "https://www.sec.gov/Archives/edgar/data/1077428/000107742822000012/0001077428-22-000012-index.htm", "finalLink": "https://www.sec.gov/Archives/edgar/data/1077428/000107742822000012/tcbi-20211231.htm", "calculatedOtherExpenses": 84099000, "calculatedOperatingExpenses": 541247000, "calculatedNetInterest": 768837000, "calculatedOtherIncome": -768837000, "calculatedIncomeNonControlling": 0, "calculatedEbitda": 431461000}, {"date": "2020-12-31", "symbol": "TCBI", "reportedCurrency": "USD", "cik": "0001077428", "fillingDate": "2021-02-09", "acceptedDate": "2021-02-09 16:32:18", "calendarYear": "2020", "period": "FY", "revenue": 989717000, "costOfRevenue": 0, "grossProfit": 989717000, "grossProfitRatio": 1, "researchAndDevelopmentExpenses": 0, "generalAndAdministrativeExpenses": 469538000, "sellingAndMarketingExpenses": 23581000, "sellingGeneralAndAdministrativeExpenses": 493119000, "otherExpenses": -1390890000, "operatingExpenses": -897771000, "costAndExpenses": -897771000, "interestIncome": 1056912000, "interestExpense": 188086000, "depreciationAndAmortization": 74925000, "ebitda": 166871000, "ebitdaratio": 0.1686047628, "operatingIncome": 91946000, "operatingIncomeRatio": 0.0929013041, "totalOtherIncomeExpensesNet": 91946000, "incomeBeforeTax": 91946000, "incomeBeforeTaxRatio": 0.0929013041, "incomeTaxExpense": 25657000, "netIncome": 66289000, "netIncomeRatio": 0.066977732, "eps": 1.12, "epsdiluted": 1.12, "weightedAverageShsOut": 50430326, "weightedAverageShsOutDil": 50582979, "link": "https://www.sec.gov/Archives/edgar/data/1077428/000107742821000013/0001077428-21-000013-index.htm", "finalLink": "https://www.sec.gov/Archives/edgar/data/1077428/000107742821000013/tcbi-20201231.htm", "calculatedOtherExpenses": 404652000, "calculatedOperatingExpenses": 897771000, "calculatedNetInterest": 868826000, "calculatedOtherIncome": -868826000, "calculatedIncomeNonControlling": 0, "calculatedEbitda": 166871000}, {"date": "2019-12-31", "symbol": "TCBI", "reportedCurrency": "USD", "cik": "0001077428", "fillingDate": "2020-02-12", "acceptedDate": "2020-02-12 14:31:02", "calendarYear": "2019", "period": "FY", "revenue": 1049587000, "costOfRevenue": 0, "grossProfit": 1049587000, "grossProfitRatio": 1, "researchAndDevelopmentExpenses": 0, "generalAndAdministrativeExpenses": 379999000, "sellingAndMarketingExpenses": 53355000, "sellingGeneralAndAdministrativeExpenses": 433354000, "otherExpenses": -1075780000, "operatingExpenses": -642426000, "costAndExpenses": -642426000, "interestIncome": 1365312000, "interestExpense": 385592000, "depreciationAndAmortization": 37267000, "ebitda": 444428000, "ebitdaratio": 0.4234313116, "operatingIncome": 407161000, "operatingIncomeRatio": 0.3879249648, "totalOtherIncomeExpensesNet": 396310000, "incomeBeforeTax": 407161000, "incomeBeforeTaxRatio": 0.3879249648, "incomeTaxExpense": 84295000, "netIncome": 322866000, "netIncomeRatio": 0.3076124228, "eps": 6.01, "epsdiluted": 6, "weightedAverageShsOut": 50286300, "weightedAverageShsOutDil": 50419204, "link": "https://www.sec.gov/Archives/edgar/data/1077428/000107742820000025/0001077428-20-000025-index.htm", "finalLink": "https://www.sec.gov/Archives/edgar/data/1077428/000107742820000025/a12312019-10k.htm", "calculatedOtherExpenses": 209072000, "calculatedOperatingExpenses": 642426000, "calculatedNetInterest": 979720000, "calculatedOtherIncome": -979720000, "calculatedIncomeNonControlling": 0, "calculatedEbitda": 444428000}, {"date": "2018-12-31", "symbol": "TCBI", "reportedCurrency": "USD", "cik": "0001077428", "fillingDate": "2019-02-14", "acceptedDate": "2019-02-14 14:27:00", "calendarYear": "2018", "period": "FY", "revenue": 977950000, "costOfRevenue": 0, "grossProfit": 977950000, "grossProfitRatio": 1, "researchAndDevelopmentExpenses": 0, "generalAndAdministrativeExpenses": 346131000, "sellingAndMarketingExpenses": 39335000, "sellingGeneralAndAdministrativeExpenses": 385466000, "otherExpenses": -733295000, "operatingExpenses": -347829000, "costAndExpenses": -347829000, "interestIncome": 1164193000, "interestExpense": 249333000, "depreciationAndAmortization": 32022000, "ebitda": 662143000, "ebitdaratio": 0.6770724475, "operatingIncome": 630121000, "operatingIncomeRatio": 0.6443284421, "totalOtherIncomeExpensesNet": -249333000, "incomeBeforeTax": 380788000, "incomeBeforeTaxRatio": 0.3893736899, "incomeTaxExpense": 79964000, "netIncome": 300824000, "netIncomeRatio": 0.3076067284, "eps": 6.02, "epsdiluted": 5.98, "weightedAverageShsOut": 49936702, "weightedAverageShsOutDil": 50272872, "link": "https://www.sec.gov/Archives/edgar/data/1077428/000107742819000009/0001077428-19-000009-index.htm", "finalLink": "https://www.sec.gov/Archives/edgar/data/1077428/000107742819000009/a12312018-10k.htm", "calculatedOtherExpenses": -37637000, "calculatedOperatingExpenses": 347829000, "calculatedNetInterest": 914860000, "calculatedOtherIncome": -1164193000, "calculatedIncomeNonControlling": 0, "calculatedEbitda": 662143000}, {"date": "2017-12-31", "symbol": "TCBI", "reportedCurrency": "USD", "cik": "0001077428", "fillingDate": "2018-02-14", "acceptedDate": "2018-02-14 14:46:07", "calendarYear": "2017", "period": "FY", "revenue": 820078000, "costOfRevenue": 0, "grossProfit": 820078000, "grossProfitRatio": 1, "researchAndDevelopmentExpenses": 0, "generalAndAdministrativeExpenses": 318745000, "sellingAndMarketingExpenses": 26787000, "sellingGeneralAndAdministrativeExpenses": 345532000, "otherExpenses": -175834000, "operatingExpenses": 175834000, "costAndExpenses": 617938000, "interestIncome": 879299000, "interestExpense": 117971000, "depreciationAndAmortization": 27871000, "ebitda": 353579000, "ebitdaratio": 0.4311528903, "operatingIncome": 325708000, "operatingIncomeRatio": 0.3971670987, "totalOtherIncomeExpensesNet": 325708000, "incomeBeforeTax": 325708000, "incomeBeforeTaxRatio": 0.3971670987, "incomeTaxExpense": 128645000, "netIncome": 197063000, "netIncomeRatio": 0.2402978741, "eps": 3.78, "epsdiluted": 3.73, "weightedAverageShsOut": 49553704, "weightedAverageShsOutDil": 50260000, "link": "https://www.sec.gov/Archives/edgar/data/1077428/000107742818000018/0001077428-18-000018-index.htm", "finalLink": "https://www.sec.gov/Archives/edgar/data/1077428/000107742818000018/a12312017-10k.htm", "calculatedOtherExpenses": 148838000, "calculatedOperatingExpenses": 494370000, "calculatedNetInterest": 761328000, "calculatedOtherIncome": -761328000, "calculatedIncomeNonControlling": 0, "calculatedEbitda": 353579000}, {"date": "2016-12-31", "symbol": "TCBI", "reportedCurrency": "USD", "cik": "0001077428", "fillingDate": "2017-02-17", "acceptedDate": "2017-02-17 16:14:12", "calendarYear": "2016", "period": "FY", "revenue": 700594000, "costOfRevenue": 0, "grossProfit": 700594000, "grossProfitRatio": 1, "researchAndDevelopmentExpenses": 0, "generalAndAdministrativeExpenses": 278987000, "sellingAndMarketingExpenses": 17303000, "sellingGeneralAndAdministrativeExpenses": 296290000, "otherExpenses": -130191000, "operatingExpenses": 130191000, "costAndExpenses": 534270999, "interestIncome": 703408000, "interestExpense": 63594000, "depreciationAndAmortization": 21814000, "ebitda": 263011000, "ebitdaratio": 0.3754114366, "operatingIncome": 241197000, "operatingIncomeRatio": 0.3442750009, "totalOtherIncomeExpensesNet": 241197000, "incomeBeforeTax": 241197000, "incomeBeforeTaxRatio": 0.3442750009, "incomeTaxExpense": 86078000, "netIncome": 155119000, "netIncomeRatio": 0.2214106886, "eps": 3.14, "epsdiluted": 3.11, "weightedAverageShsOut": 46295860, "weightedAverageShsOutDil": 46766000, "link": "https://www.sec.gov/Archives/edgar/data/1077428/000107742817000010/0001077428-17-000010-index.htm", "finalLink": "https://www.sec.gov/Archives/edgar/data/1077428/000107742817000010/a12312016-10k.htm", "calculatedOtherExpenses": 163107000, "calculatedOperatingExpenses": 459397000, "calculatedNetInterest": 639814000, "calculatedOtherIncome": -639814000, "calculatedIncomeNonControlling": 0, "calculatedEbitda": 263011000}, {"date": "2015-12-31", "symbol": "TCBI", "reportedCurrency": "USD", "cik": "0001077428", "fillingDate": "2016-02-18", "acceptedDate": "2016-02-18 15:01:35", "calendarYear": "2015", "period": "FY", "revenue": 604268000, "costOfRevenue": 0, "grossProfit": 604268000, "grossProfitRatio": 1, "researchAndDevelopmentExpenses": 0, "generalAndAdministrativeExpenses": 231266000, "sellingAndMarketingExpenses": 16491000, "sellingGeneralAndAdministrativeExpenses": 247757000, "otherExpenses": 0, "operatingExpenses": 326523000, "costAndExpenses": 326523000, "interestIncome": 602958000, "interestExpense": 46428000, "depreciationAndAmortization": 16495000, "ebitda": 240990000, "ebitdaratio": 0.3988131094, "operatingIncome": 224495000, "operatingIncomeRatio": 0.3715156189, "totalOtherIncomeExpensesNet": -17253000, "incomeBeforeTax": 224495000, "incomeBeforeTaxRatio": 0.3715156189, "incomeTaxExpense": 79641000, "netIncome": 144854000, "netIncomeRatio": 0.2397181383, "eps": 2.95, "epsdiluted": 2.91, "weightedAverageShsOut": 45797966, "weightedAverageShsOutDil": 46438000, "link": "https://www.sec.gov/Archives/edgar/data/1077428/000107742816000031/0001077428-16-000031-index.htm", "finalLink": "https://www.sec.gov/Archives/edgar/data/1077428/000107742816000031/a12312015-10k.htm", "calculatedOtherExpenses": 132016000, "calculatedOperatingExpenses": 379773000, "calculatedNetInterest": 556530000, "calculatedOtherIncome": -556530000, "calculatedIncomeNonControlling": 0, "calculatedEbitda": 240990000}, {"date": "2014-12-31", "symbol": "TCBI", "reportedCurrency": "USD", "cik": "0001077428", "fillingDate": "2015-02-19", "acceptedDate": "2015-02-19 16:39:20", "calendarYear": "2014", "period": "FY", "revenue": 519476000, "costOfRevenue": 0, "grossProfit": 519476000, "grossProfitRatio": 1, "researchAndDevelopmentExpenses": 0, "generalAndAdministrativeExpenses": 198637000, "sellingAndMarketingExpenses": 15989000, "sellingGeneralAndAdministrativeExpenses": 214626000, "otherExpenses": 0, "operatingExpenses": 285114000, "costAndExpenses": 285114000, "interestIncome": 514547000, "interestExpense": 37582000, "depreciationAndAmortization": 14798000, "ebitda": 227160000, "ebitdaratio": 0.4372868044, "operatingIncome": 212362000, "operatingIncomeRatio": 0.4088004066, "totalOtherIncomeExpensesNet": -11004000, "incomeBeforeTax": 212362000, "incomeBeforeTaxRatio": 0.4088004066, "incomeTaxExpense": 76010000, "netIncome": 136352000, "netIncomeRatio": 0.2624798836, "eps": 2.93, "epsdiluted": 2.88, "weightedAverageShsOut": 43208874, "weightedAverageShsOutDil": 44003000, "link": "https://www.sec.gov/Archives/edgar/data/1077428/000162828015000851/0001628280-15-000851-index.htm", "finalLink": "https://www.sec.gov/Archives/edgar/data/1077428/000162828015000851/a12312014-10k.htm", "calculatedOtherExpenses": 92488000, "calculatedOperatingExpenses": 307114000, "calculatedNetInterest": 476965000, "calculatedOtherIncome": -476965000, "calculatedIncomeNonControlling": 0, "calculatedEbitda": 227160000}, {"date": "2013-12-31", "symbol": "TCBI", "reportedCurrency": "USD", "cik": "0001077428", "fillingDate": "2014-02-21", "acceptedDate": "2014-02-20 21:02:21", "calendarYear": "2013", "period": "FY", "revenue": 463537000, "costOfRevenue": 0, "grossProfit": 463537000, "grossProfitRatio": 1, "researchAndDevelopmentExpenses": 0, "generalAndAdministrativeExpenses": 179571000, "sellingAndMarketingExpenses": 16203000, "sellingGeneralAndAdministrativeExpenses": 195774000, "otherExpenses": 0, "operatingExpenses": 256728999, "costAndExpenses": 256728999, "interestIncome": 444625000, "interestExpense": 25112000, "depreciationAndAmortization": 11480000, "ebitda": 199288000, "ebitdaratio": 0.4299290024, "operatingIncome": 187808000, "operatingIncomeRatio": 0.4051629104, "totalOtherIncomeExpensesNet": -5000, "incomeBeforeTax": 187803000, "incomeBeforeTaxRatio": 0.4051521238, "incomeTaxExpense": 66757000, "netIncome": 121051000, "netIncomeRatio": 0.2611463594, "eps": 2.78, "epsdiluted": 2.72, "weightedAverageShsOut": 40883813, "weightedAverageShsOutDil": 41780000, "link": "https://www.sec.gov/Archives/edgar/data/1077428/000119312514061274/0001193125-14-061274-index.htm", "finalLink": "https://www.sec.gov/Archives/edgar/data/1077428/000119312514061274/d663992d10k.htm", "calculatedOtherExpenses": 79955000, "calculatedOperatingExpenses": 275729000, "calculatedNetInterest": 419513000, "calculatedOtherIncome": -419518000, "calculatedIncomeNonControlling": -5000, "calculatedEbitda": 199288000}, {"date": "2012-12-31", "symbol": "TCBI", "reportedCurrency": "USD", "cik": "0001077428", "fillingDate": "2013-02-21", "acceptedDate": "2013-02-21 12:43:38", "calendarYear": "2012", "period": "FY", "revenue": 419919000, "costOfRevenue": 0, "grossProfit": 419919000, "grossProfitRatio": 1, "researchAndDevelopmentExpenses": 0, "generalAndAdministrativeExpenses": 138182000, "sellingAndMarketingExpenses": 13449000, "sellingGeneralAndAdministrativeExpenses": 151631000, "otherExpenses": 0, "operatingExpenses": 219880999, "costAndExpenses": 219880999, "interestIncome": 398457000, "interestExpense": 21578000, "depreciationAndAmortization": 4782000, "ebitda": 193320000, "ebitdaratio": 0.4603745008, "operatingIncome": 188538000, "operatingIncomeRatio": 0.4489865903, "totalOtherIncomeExpensesNet": 37000, "incomeBeforeTax": 188575000, "incomeBeforeTaxRatio": 0.4490747025, "incomeTaxExpense": 67866000, "netIncome": 120672000, "netIncomeRatio": 0.287369707, "eps": 3.09, "epsdiluted": 3, "weightedAverageShsOut": 39052427, "weightedAverageShsOutDil": 40166000, "link": "https://www.sec.gov/Archives/edgar/data/1077428/000119312513068855/0001193125-13-068855-index.htm", "finalLink": "https://www.sec.gov/Archives/edgar/data/1077428/000119312513068855/d468799d10k.htm", "calculatedOtherExpenses": 79750000, "calculatedOperatingExpenses": 231381000, "calculatedNetInterest": 376879000, "calculatedOtherIncome": -376842000, "calculatedIncomeNonControlling": 37000, "calculatedEbitda": 193320000}, {"date": "2011-12-31", "symbol": "TCBI", "reportedCurrency": "USD", "cik": "0001077428", "fillingDate": "2012-02-23", "acceptedDate": "2012-02-23 13:12:14", "calendarYear": "2011", "period": "FY", "revenue": 335169000, "costOfRevenue": 0, "grossProfit": 335169000, "grossProfitRatio": 1, "researchAndDevelopmentExpenses": 0, "generalAndAdministrativeExpenses": 117686000, "sellingAndMarketingExpenses": 11109000, "sellingGeneralAndAdministrativeExpenses": 128795000, "otherExpenses": 0, "operatingExpenses": 11109000, "costAndExpenses": 11109000, "interestIncome": 321600000, "interestExpense": 18663000, "depreciationAndAmortization": 5364000, "ebitda": 123706000, "ebitdaratio": 0.3690854464, "operatingIncome": 118342000, "operatingIncomeRatio": 0.3530815797, "totalOtherIncomeExpensesNet": 126000, "incomeBeforeTax": 118468000, "incomeBeforeTaxRatio": 0.3534575095, "incomeTaxExpense": 42366000, "netIncome": 75976000, "netIncomeRatio": 0.226679675, "eps": 2.03, "epsdiluted": 1.98, "weightedAverageShsOut": 37334743, "weightedAverageShsOutDil": 38333077, "link": "https://www.sec.gov/Archives/edgar/data/1077428/000119312512074744/0001193125-12-074744-index.htm", "finalLink": "https://www.sec.gov/Archives/edgar/data/1077428/000119312512074744/d305187d10k.htm", "calculatedOtherExpenses": 88032000, "calculatedOperatingExpenses": 216827000, "calculatedNetInterest": 302937000, "calculatedOtherIncome": -302811000, "calculatedIncomeNonControlling": 126000, "calculatedEbitda": 123706000}, {"date": "2010-12-31", "symbol": "TCBI", "reportedCurrency": "USD", "cik": "0001077428", "fillingDate": "2011-02-23", "acceptedDate": "2011-02-23 15:34:38", "calendarYear": "2010", "period": "FY", "revenue": 273937000, "costOfRevenue": 0, "grossProfit": 273937000, "grossProfitRatio": 1, "researchAndDevelopmentExpenses": 0, "generalAndAdministrativeExpenses": 103011000, "sellingAndMarketingExpenses": 5419000, "sellingGeneralAndAdministrativeExpenses": 108430000, "otherExpenses": 0, "operatingExpenses": 5419000, "costAndExpenses": 5419000, "interestIncome": 279810000, "interestExpense": 38136000, "depreciationAndAmortization": 6821000, "ebitda": 63634000, "ebitdaratio": 0.2322942866, "operatingIncome": 56813000, "operatingIncomeRatio": 0.2073944009, "totalOtherIncomeExpensesNet": 136000, "incomeBeforeTax": 56949000, "incomeBeforeTaxRatio": 0.2078908654, "incomeTaxExpense": 19626000, "netIncome": 37187000, "netIncomeRatio": 0.1357501907, "eps": 1.02, "epsdiluted": 1, "weightedAverageShsOut": 36627329, "weightedAverageShsOutDil": 37346028, "link": "https://www.sec.gov/Archives/edgar/data/1077428/000095012311017093/0000950123-11-017093-index.htm", "finalLink": "https://www.sec.gov/Archives/edgar/data/1077428/000095012311017093/d79768e10vk.htm", "calculatedOtherExpenses": 108694000, "calculatedOperatingExpenses": 217124000, "calculatedNetInterest": 241674000, "calculatedOtherIncome": -241538000, "calculatedIncomeNonControlling": 136000, "calculatedEbitda": 63634000}, {"date": "2009-12-31", "symbol": "TCBI", "reportedCurrency": "USD", "cik": "0001077428", "fillingDate": "2010-02-19", "acceptedDate": "2010-02-18 18:19:20", "calendarYear": "2009", "period": "FY", "revenue": 225951000, "costOfRevenue": 0, "grossProfit": 225951000, "grossProfitRatio": 1, "researchAndDevelopmentExpenses": 0, "generalAndAdministrativeExpenses": 77162000, "sellingAndMarketingExpenses": 3034000, "sellingGeneralAndAdministrativeExpenses": 80196000, "otherExpenses": 0, "operatingExpenses": 3034000, "costAndExpenses": 3034000, "interestIncome": 243153000, "interestExpense": 46462000, "depreciationAndAmortization": 4319000, "ebitda": 40993000, "ebitdaratio": 0.1814242911, "operatingIncome": 36674000, "operatingIncomeRatio": 0.1623095273, "totalOtherIncomeExpensesNet": 235000, "incomeBeforeTax": 36909000, "incomeBeforeTaxRatio": 0.1633495758, "incomeTaxExpense": 12522000, "netIncome": 24152000, "netIncomeRatio": 0.106890432, "eps": 0.55, "epsdiluted": 0.55, "weightedAverageShsOut": 34125455, "weightedAverageShsOutDil": 34125455, "link": "https://www.sec.gov/Archives/edgar/data/1077428/000095012310014218/0000950123-10-014218-index.htm", "finalLink": "https://www.sec.gov/Archives/edgar/data/1077428/000095012310014218/d71079e10vk.htm", "calculatedOtherExpenses": 109081000, "calculatedOperatingExpenses": 189277000, "calculatedNetInterest": 196691000, "calculatedOtherIncome": -196456000, "calculatedIncomeNonControlling": 235000, "calculatedEbitda": 40993000}, {"date": "2008-12-31", "symbol": "TCBI", "reportedCurrency": "USD", "cik": "0001077428", "fillingDate": "2009-02-19", "acceptedDate": "2009-02-19 16:54:59", "calendarYear": "2008", "period": "FY", "revenue": 174207000, "costOfRevenue": 0, "grossProfit": 174207000, "grossProfitRatio": 1, "researchAndDevelopmentExpenses": 0, "generalAndAdministrativeExpenses": 64752000, "sellingAndMarketingExpenses": 2729000, "sellingGeneralAndAdministrativeExpenses": 67481000, "otherExpenses": 0, "operatingExpenses": 2729000, "costAndExpenses": 2729000, "interestIncome": 248930000, "interestExpense": 97193000, "depreciationAndAmortization": 7666000, "ebitda": 44856000, "ebitdaratio": 0.257486783, "operatingIncome": 37190000, "operatingIncomeRatio": 0.2134816626, "totalOtherIncomeExpensesNet": 616000, "incomeBeforeTax": 37806000, "incomeBeforeTaxRatio": 0.2170176859, "incomeTaxExpense": 12924000, "netIncome": 24266000, "netIncomeRatio": 0.1392940582, "eps": 0.87, "epsdiluted": 0.87, "weightedAverageShsOut": 27952973, "weightedAverageShsOutDil": 28048463, "link": "https://www.sec.gov/Archives/edgar/data/1077428/000095013409003297/0000950134-09-003297-index.htm", "finalLink": "https://www.sec.gov/Archives/edgar/data/1077428/000095013409003297/d66348e10vk.htm", "calculatedOtherExpenses": 69536000, "calculatedOperatingExpenses": 137017000, "calculatedNetInterest": 151737000, "calculatedOtherIncome": -151121000, "calculatedIncomeNonControlling": 616000, "calculatedEbitda": 44856000}, {"date": "2007-12-31", "symbol": "TCBI", "reportedCurrency": "USD", "cik": "0001077428", "fillingDate": "2008-02-26", "acceptedDate": "2008-02-25 17:37:02", "calendarYear": "2007", "period": "FY", "revenue": 160379000, "costOfRevenue": 0, "grossProfit": 160379000, "grossProfitRatio": 1, "researchAndDevelopmentExpenses": 0, "generalAndAdministrativeExpenses": 56608000, "sellingAndMarketingExpenses": 3004000, "sellingGeneralAndAdministrativeExpenses": 59612000, "otherExpenses": 0, "operatingExpenses": 3004000, "costAndExpenses": 3004000, "interestIncome": 290207000, "interestExpense": 149540000, "depreciationAndAmortization": 7591000, "ebitda": 53433000, "ebitdaratio": 0.3331670605, "operatingIncome": 45842000, "operatingIncomeRatio": 0.2858354273, "totalOtherIncomeExpensesNet": 1931000, "incomeBeforeTax": 47773000, "incomeBeforeTaxRatio": 0.297875657, "incomeTaxExpense": 16420000, "netIncome": 29422000, "netIncomeRatio": 0.1834529458, "eps": 1.12, "epsdiluted": 1.1, "weightedAverageShsOut": 26269643, "weightedAverageShsOutDil": 26747273, "link": "https://www.sec.gov/Archives/edgar/data/1077428/000095013408003348/0000950134-08-003348-index.htm", "finalLink": "https://www.sec.gov/Archives/edgar/data/1077428/000095013408003348/d54237e10vk.htm", "calculatedOtherExpenses": 54925000, "calculatedOperatingExpenses": 114537000, "calculatedNetInterest": 140667000, "calculatedOtherIncome": -138736000, "calculatedIncomeNonControlling": 1931000, "calculatedEbitda": 53433000}, {"date": "2006-12-31", "symbol": "TCBI", "reportedCurrency": "USD", "cik": "0001077428", "fillingDate": "2007-03-02", "acceptedDate": "2007-03-02 10:32:57", "calendarYear": "2006", "period": "FY", "revenue": 138742000, "costOfRevenue": 0, "grossProfit": 138742000, "grossProfitRatio": 1, "researchAndDevelopmentExpenses": 0, "generalAndAdministrativeExpenses": 53130000, "sellingAndMarketingExpenses": 3161000, "sellingGeneralAndAdministrativeExpenses": 56291000, "otherExpenses": 0, "operatingExpenses": 3161000, "costAndExpenses": 3161000, "interestIncome": 237524000, "interestExpense": 119624000, "depreciationAndAmortization": 6803000, "ebitda": 50791000, "ebitdaratio": 0.3660823687, "operatingIncome": 43988000, "operatingIncomeRatio": 0.3170489109, "totalOtherIncomeExpensesNet": 260000, "incomeBeforeTax": 44248000, "incomeBeforeTaxRatio": 0.3189228929, "incomeTaxExpense": 15064000, "netIncome": 28924000, "netIncomeRatio": 0.2084732813, "eps": 1.11, "epsdiluted": 1.09, "weightedAverageShsOut": 26057658, "weightedAverageShsOutDil": 26535780, "link": "https://www.sec.gov/Archives/edgar/data/1077428/000095013407004657/0000950134-07-004657-index.htm", "finalLink": "https://www.sec.gov/Archives/edgar/data/1077428/000095013407004657/d44050e10vk.htm", "calculatedOtherExpenses": 38463000, "calculatedOperatingExpenses": 94754000, "calculatedNetInterest": 117900000, "calculatedOtherIncome": -117640000, "calculatedIncomeNonControlling": 260000, "calculatedEbitda": 50791000}, {"date": "2005-12-31", "symbol": "TCBI", "reportedCurrency": "USD", "cik": "0001077428", "fillingDate": "2006-03-03", "acceptedDate": "2006-03-03 15:16:24", "calendarYear": "2005", "period": "FY", "revenue": 122220000, "costOfRevenue": 0, "grossProfit": 122220000, "grossProfitRatio": 1, "researchAndDevelopmentExpenses": 0, "generalAndAdministrativeExpenses": 50726000, "sellingAndMarketingExpenses": 3336000, "sellingGeneralAndAdministrativeExpenses": 54062000, "otherExpenses": 0, "operatingExpenses": 3336000, "costAndExpenses": 3336000, "interestIncome": 167695000, "interestExpense": 66124000, "depreciationAndAmortization": 1985000, "ebitda": 43176000, "ebitdaratio": 0.3532646048, "operatingIncome": 41191000, "operatingIncomeRatio": 0.3370234004, "totalOtherIncomeExpensesNet": 0, "incomeBeforeTax": 41191000, "incomeBeforeTaxRatio": 0.3370234004, "incomeTaxExpense": 13999000, "netIncome": 27192000, "netIncomeRatio": 0.2224840452, "eps": 1.06, "epsdiluted": 1.02, "weightedAverageShsOut": 25652830, "weightedAverageShsOutDil": 26658824, "link": "https://www.sec.gov/Archives/edgar/data/1077428/000095013406004217/0000950134-06-004217-index.htm", "finalLink": "https://www.sec.gov/Archives/edgar/data/1077428/000095013406004217/d33577e10vk.htm", "calculatedOtherExpenses": 26967000, "calculatedOperatingExpenses": 81029000, "calculatedNetInterest": 101571000, "calculatedOtherIncome": -101571000, "calculatedIncomeNonControlling": 0, "calculatedEbitda": 43176000}, {"date": "2004-12-31", "symbol": "TCBI", "reportedCurrency": "USD", "cik": "0001077428", "fillingDate": "2005-03-15", "acceptedDate": "2005-03-14 18:41:14", "calendarYear": "2004", "period": "FY", "revenue": 88374000, "costOfRevenue": 0, "grossProfit": 88374000, "grossProfitRatio": 1, "researchAndDevelopmentExpenses": 0, "generalAndAdministrativeExpenses": 34794000, "sellingAndMarketingExpenses": 2609000, "sellingGeneralAndAdministrativeExpenses": 37403000, "otherExpenses": 0, "operatingExpenses": 2609000, "costAndExpenses": 2609000, "interestIncome": 110878000, "interestExpense": 36136000, "depreciationAndAmortization": 5948000, "ebitda": 35294000, "ebitdaratio": 0.3993708557, "operatingIncome": 29346000, "operatingIncomeRatio": 0.3320659923, "totalOtherIncomeExpensesNet": 0, "incomeBeforeTax": 29346000, "incomeBeforeTaxRatio": 0.3320659923, "incomeTaxExpense": 9786000, "netIncome": 19560000, "netIncomeRatio": 0.221332066, "eps": 0.81, "epsdiluted": 0.77, "weightedAverageShsOut": 25197531, "weightedAverageShsOutDil": 26506494, "link": "https://www.sec.gov/Archives/edgar/data/1077428/000095013405004950/0000950134-05-004950-index.htm", "finalLink": "https://www.sec.gov/Archives/edgar/data/1077428/000095013405004950/d23223e10vk.htm", "calculatedOtherExpenses": 21625000, "calculatedOperatingExpenses": 59028000, "calculatedNetInterest": 74742000, "calculatedOtherIncome": -74742000, "calculatedIncomeNonControlling": 0, "calculatedEbitda": 35294000}, {"date": "2003-12-31", "symbol": "TCBI", "reportedCurrency": "USD", "cik": "0001077428", "fillingDate": "2004-03-15", "acceptedDate": "2004-03-15 16:53:18", "calendarYear": "2003", "period": "FY", "revenue": 64047000, "costOfRevenue": 0, "grossProfit": 64047000, "grossProfitRatio": 1, "researchAndDevelopmentExpenses": 0, "generalAndAdministrativeExpenses": 23604000, "sellingAndMarketingExpenses": 819000, "sellingGeneralAndAdministrativeExpenses": 24423000, "otherExpenses": -76828000, "operatingExpenses": -52405000, "costAndExpenses": -52405000, "interestIncome": 85484000, "interestExpense": 32329000, "depreciationAndAmortization": 10930000, "ebitda": 22572000, "ebitdaratio": 0.3524286852, "operatingIncome": 11642000, "operatingIncomeRatio": 0.1817727606, "totalOtherIncomeExpensesNet": 0, "incomeBeforeTax": 11642000, "incomeBeforeTaxRatio": 0.1817727606, "incomeTaxExpense": -2192000, "netIncome": 13834000, "netIncomeRatio": 0.2159976267, "eps": 0.62, "epsdiluted": 0.6, "weightedAverageShsOut": 21185484, "weightedAverageShsOutDil": 21891667, "link": "https://www.sec.gov/Archives/edgar/data/1077428/000095013404003518/0000950134-04-003518-index.htm", "finalLink": "https://www.sec.gov/Archives/edgar/data/1077428/000095013404003518/d12553e10vk.htm", "calculatedOtherExpenses": 27982000, "calculatedOperatingExpenses": 52405000, "calculatedNetInterest": 53155000, "calculatedOtherIncome": -53155000, "calculatedIncomeNonControlling": 0, "calculatedEbitda": 22572000}, {"date": "2002-12-31", "symbol": "TCBI", "reportedCurrency": "USD", "cik": "0001077428", "fillingDate": "2003-03-26", "acceptedDate": "2003-03-26 14:48:13", "calendarYear": "2002", "period": "FY", "revenue": 50871000, "costOfRevenue": 0, "grossProfit": 50871000, "grossProfitRatio": 1, "researchAndDevelopmentExpenses": 0, "generalAndAdministrativeExpenses": 16757000, "sellingAndMarketingExpenses": 1236000, "sellingGeneralAndAdministrativeExpenses": 17993000, "otherExpenses": -58992000, "operatingExpenses": -40999000, "costAndExpenses": -40999000, "interestIncome": 70142000, "interestExpense": 27896000, "depreciationAndAmortization": 4417000, "ebitda": 14289000, "ebitdaratio": 0.2808869493, "operatingIncome": 9872000, "operatingIncomeRatio": 0.1940594838, "totalOtherIncomeExpensesNet": 0, "incomeBeforeTax": 9872000, "incomeBeforeTaxRatio": 0.1940594838, "incomeTaxExpense": 2529000, "netIncome": 7343000, "netIncomeRatio": 0.1443455014, "eps": 0.33, "epsdiluted": 0.32, "weightedAverageShsOut": 18927273, "weightedAverageShsOutDil": 19518750, "link": "https://www.sec.gov/Archives/edgar/data/1077428/000095013403004582/0000950134-03-004582-index.htm", "finalLink": "https://www.sec.gov/Archives/edgar/data/1077428/000095013403004582/d03206e10vk.txt", "calculatedOtherExpenses": 23006000, "calculatedOperatingExpenses": 40999000, "calculatedNetInterest": 42246000, "calculatedOtherIncome": -42246000, "calculatedIncomeNonControlling": 0, "calculatedEbitda": 14289000}, {"date": "2001-12-31", "symbol": "TCBI", "reportedCurrency": "USD", "cik": "0001077428", "fillingDate": "2002-03-26", "acceptedDate": "2002-03-26 00:00:00", "calendarYear": "2001", "period": "FY", "revenue": 11745000, "costOfRevenue": 0, "grossProfit": 11745000, "grossProfitRatio": 1, "researchAndDevelopmentExpenses": 0, "generalAndAdministrativeExpenses": 0, "sellingAndMarketingExpenses": 278000, "sellingGeneralAndAdministrativeExpenses": 278000, "otherExpenses": -6179000, "operatingExpenses": -5901000, "costAndExpenses": -5901000, "interestIncome": 70594000, "interestExpense": 35539000, "depreciationAndAmortization": 1922000, "ebitda": 7766000, "ebitdaratio": 0.6612175394, "operatingIncome": 5844000, "operatingIncomeRatio": 0.4975734355, "totalOtherIncomeExpensesNet": 0, "incomeBeforeTax": 5844000, "incomeBeforeTaxRatio": 0.4975734355, "incomeTaxExpense": 0, "netIncome": 5844000, "netIncomeRatio": 0.4975734355, "eps": 0.31, "epsdiluted": 0.3, "weightedAverageShsOut": 18767742, "weightedAverageShsOutDil": 19393333, "link": "https://www.sec.gov/Archives/edgar/data/1077428/000095013402002661/0000950134-02-002661-index.htm", "finalLink": "https://www.sec.gov/Archives/edgar/data/1077428/000095013402002661/d95085e10-k405.txt", "calculatedOtherExpenses": 5623000, "calculatedOperatingExpenses": 5901000, "calculatedNetInterest": 35055000, "calculatedOtherIncome": -35055000, "calculatedIncomeNonControlling": 0, "calculatedEbitda": 7766000}, {"date": "2000-12-31", "symbol": "TCBI", "reportedCurrency": "USD", "cik": "0001077428", "fillingDate": "2001-03-29", "acceptedDate": "2001-03-29 00:00:00", "calendarYear": "2000", "period": "FY", "revenue": 8092000, "costOfRevenue": 0, "grossProfit": 8092000, "grossProfitRatio": 1, "researchAndDevelopmentExpenses": 0, "generalAndAdministrativeExpenses": 0, "sellingAndMarketingExpenses": 4182000, "sellingGeneralAndAdministrativeExpenses": 4182000, "otherExpenses": -28771000, "operatingExpenses": -24589000, "costAndExpenses": -24589000, "interestIncome": 55769000, "interestExpense": 32930000, "depreciationAndAmortization": 1599000, "ebitda": -14898000, "ebitdaratio": -1.8410776075, "operatingIncome": -16497000, "operatingIncomeRatio": -2.038680178, "totalOtherIncomeExpensesNet": 0, "incomeBeforeTax": -16497000, "incomeBeforeTaxRatio": -2.038680178, "incomeTaxExpense": 0, "netIncome": -16497000, "netIncomeRatio": -2.038680178, "eps": -1.89, "epsdiluted": -1.89, "weightedAverageShsOut": 8728571, "weightedAverageShsOutDil": 8728571, "link": "https://www.sec.gov/Archives/edgar/data/1077428/000095013401002834/0000950134-01-002834-index.htm", "finalLink": "https://www.sec.gov/Archives/edgar/data/1077428/000095013401002834/d85459e10-k405.txt", "calculatedOtherExpenses": 20407000, "calculatedOperatingExpenses": 24589000, "calculatedNetInterest": 22839000, "calculatedOtherIncome": -22839000, "calculatedIncomeNonControlling": 0, "calculatedEbitda": -14898000}, {"date": "1999-12-31", "symbol": "TCBI", "reportedCurrency": "USD", "cik": "0001077428", "fillingDate": "1999-12-31", "acceptedDate": "1999-12-30 19:00:00", "calendarYear": "1999", "period": "FY", "revenue": 3045000, "costOfRevenue": 0, "grossProfit": 3045000, "grossProfitRatio": 1, "researchAndDevelopmentExpenses": 0, "generalAndAdministrativeExpenses": 0, "sellingAndMarketingExpenses": 2112000, "sellingGeneralAndAdministrativeExpenses": 2112000, "otherExpenses": -14455000, "operatingExpenses": -12343000, "costAndExpenses": -12343000, "interestIncome": 14414000, "interestExpense": 6166000, "depreciationAndAmortization": 715000, "ebitda": -8583000, "ebitdaratio": -2.8187192118, "operatingIncome": -9298000, "operatingIncomeRatio": -3.0535303777, "totalOtherIncomeExpensesNet": 0, "incomeBeforeTax": -9298000, "incomeBeforeTaxRatio": -3.0535303777, "incomeTaxExpense": 0, "netIncome": -9298000, "netIncomeRatio": -3.0535303777, "eps": -1.23, "epsdiluted": -1.23, "weightedAverageShsOut": 7559350, "weightedAverageShsOutDil": 7559350, "link": null, "finalLink": null, "calculatedOtherExpenses": 10231000, "calculatedOperatingExpenses": 12343000, "calculatedNetInterest": 8248000, "calculatedOtherIncome": -8248000, "calculatedIncomeNonControlling": 0, "calculatedEbitda": -8583000}]}