{"originalCurrency": "USD", "convertedCurrency": "USD", "report": [{"date": "2023-12-31", "symbol": "TDC", "reportedCurrency": "USD", "cik": "0000816761", "fillingDate": "2024-02-23", "acceptedDate": "2024-02-23 11:47:06", "calendarYear": "2023", "period": "FY", "revenue": 1833000000, "costOfRevenue": 717000000, "grossProfit": 1116000000, "grossProfitRatio": 0.6088379705, "researchAndDevelopmentExpenses": 294000000, "generalAndAdministrativeExpenses": 0, "sellingAndMarketingExpenses": 0, "sellingGeneralAndAdministrativeExpenses": 635000000, "otherExpenses": -13000000, "operatingExpenses": 929000000, "costAndExpenses": 1646000000, "interestIncome": 25000000, "interestExpense": 30000000, "depreciationAndAmortization": 116000000, "ebitda": 303000000, "ebitdaratio": 0.1653027823, "operatingIncome": 187000000, "operatingIncomeRatio": 0.1020185488, "totalOtherIncomeExpensesNet": -70000000, "incomeBeforeTax": 117000000, "incomeBeforeTaxRatio": 0.0638297872, "incomeTaxExpense": 55000000, "netIncome": 62000000, "netIncomeRatio": 0.0338243317, "eps": 0.62, "epsdiluted": 0.61, "weightedAverageShsOut": 99800000, "weightedAverageShsOutDil": 102400000, "link": "https://www.sec.gov/Archives/edgar/data/816761/000081676124000023/0000816761-24-000023-index.htm", "finalLink": "https://www.sec.gov/Archives/edgar/data/816761/000081676124000023/tdc-20231231.htm", "calculatedOtherExpenses": 0, "calculatedOperatingExpenses": 929000000, "calculatedNetInterest": -5000000, "calculatedOtherIncome": -65000000, "calculatedIncomeNonControlling": 0, "calculatedEbitda": 303000000}, {"date": "2022-12-31", "symbol": "TDC", "reportedCurrency": "USD", "cik": "0000816761", "fillingDate": "2023-02-24", "acceptedDate": "2023-02-24 12:57:50", "calendarYear": "2022", "period": "FY", "revenue": 1795000000, "costOfRevenue": 714000000, "grossProfit": 1081000000, "grossProfitRatio": 0.6022284123, "researchAndDevelopmentExpenses": 313000000, "generalAndAdministrativeExpenses": 0, "sellingAndMarketingExpenses": 0, "sellingGeneralAndAdministrativeExpenses": 650000000, "otherExpenses": -51000000, "operatingExpenses": 963000000, "costAndExpenses": 1677000000, "interestIncome": 15000000, "interestExpense": 24000000, "depreciationAndAmortization": 134000000, "ebitda": 252000000, "ebitdaratio": 0.1403899721, "operatingIncome": 118000000, "operatingIncomeRatio": 0.0657381616, "totalOtherIncomeExpensesNet": -51000000, "incomeBeforeTax": 67000000, "incomeBeforeTaxRatio": 0.0373259053, "incomeTaxExpense": 34000000, "netIncome": 33000000, "netIncomeRatio": 0.0183844011, "eps": 0.32, "epsdiluted": 0.31, "weightedAverageShsOut": 103200000, "weightedAverageShsOutDil": 105800000, "link": "https://www.sec.gov/Archives/edgar/data/816761/000081676123000008/0000816761-23-000008-index.htm", "finalLink": "https://www.sec.gov/Archives/edgar/data/816761/000081676123000008/tdc-20221231.htm", "calculatedOtherExpenses": 0, "calculatedOperatingExpenses": 963000000, "calculatedNetInterest": -9000000, "calculatedOtherIncome": -42000000, "calculatedIncomeNonControlling": 0, "calculatedEbitda": 252000000}, {"date": "2021-12-31", "symbol": "TDC", "reportedCurrency": "USD", "cik": "0000816761", "fillingDate": "2022-02-25", "acceptedDate": "2022-02-25 14:14:13", "calendarYear": "2021", "period": "FY", "revenue": 1917000000, "costOfRevenue": 731000000, "grossProfit": 1186000000, "grossProfitRatio": 0.618675013, "researchAndDevelopmentExpenses": 309000000, "generalAndAdministrativeExpenses": 0, "sellingAndMarketingExpenses": 0, "sellingGeneralAndAdministrativeExpenses": 646000000, "otherExpenses": -39000000, "operatingExpenses": 955000000, "costAndExpenses": 1686000000, "interestIncome": 6000000, "interestExpense": 26000000, "depreciationAndAmortization": 149000000, "ebitda": 380000000, "ebitdaratio": 0.1982263954, "operatingIncome": 231000000, "operatingIncomeRatio": 0.1205007825, "totalOtherIncomeExpensesNet": -39000000, "incomeBeforeTax": 192000000, "incomeBeforeTaxRatio": 0.1001564945, "incomeTaxExpense": 45000000, "netIncome": 147000000, "netIncomeRatio": 0.0766823161, "eps": 1.35, "epsdiluted": 1.3, "weightedAverageShsOut": 108600000, "weightedAverageShsOutDil": 112900000, "link": "https://www.sec.gov/Archives/edgar/data/816761/000081676122000009/0000816761-22-000009-index.htm", "finalLink": "https://www.sec.gov/Archives/edgar/data/816761/000081676122000009/tdc-20211231.htm", "calculatedOtherExpenses": 0, "calculatedOperatingExpenses": 955000000, "calculatedNetInterest": -20000000, "calculatedOtherIncome": -19000000, "calculatedIncomeNonControlling": 0, "calculatedEbitda": 380000000}, {"date": "2020-12-31", "symbol": "TDC", "reportedCurrency": "USD", "cik": "0000816761", "fillingDate": "2021-02-26", "acceptedDate": "2021-02-26 13:31:55", "calendarYear": "2020", "period": "FY", "revenue": 1836000000, "costOfRevenue": 817000000, "grossProfit": 1019000000, "grossProfitRatio": 0.5550108932, "researchAndDevelopmentExpenses": 334000000, "generalAndAdministrativeExpenses": 0, "sellingAndMarketingExpenses": 0, "sellingGeneralAndAdministrativeExpenses": 669000000, "otherExpenses": -40000000, "operatingExpenses": 1003000000, "costAndExpenses": 1820000000, "interestIncome": 4000000, "interestExpense": 27000000, "depreciationAndAmortization": 172000000, "ebitda": 188000000, "ebitdaratio": 0.1023965142, "operatingIncome": 16000000, "operatingIncomeRatio": 0.0087145969, "totalOtherIncomeExpensesNet": -40000000, "incomeBeforeTax": -24000000, "incomeBeforeTaxRatio": -0.0130718954, "incomeTaxExpense": -153000000, "netIncome": 129000000, "netIncomeRatio": 0.0702614379, "eps": 1.18, "epsdiluted": 1.16, "weightedAverageShsOut": 109300000, "weightedAverageShsOutDil": 111600000, "link": "https://www.sec.gov/Archives/edgar/data/816761/000081676121000009/0000816761-21-000009-index.htm", "finalLink": "https://www.sec.gov/Archives/edgar/data/816761/000081676121000009/tdc-20201231.htm", "calculatedOtherExpenses": 0, "calculatedOperatingExpenses": 1003000000, "calculatedNetInterest": -23000000, "calculatedOtherIncome": -17000000, "calculatedIncomeNonControlling": 0, "calculatedEbitda": 188000000}, {"date": "2019-12-31", "symbol": "TDC", "reportedCurrency": "USD", "cik": "0000816761", "fillingDate": "2020-02-28", "acceptedDate": "2020-02-28 16:05:26", "calendarYear": "2019", "period": "FY", "revenue": 1899000000, "costOfRevenue": 944000000, "grossProfit": 955000000, "grossProfitRatio": 0.5028962612, "researchAndDevelopmentExpenses": 328000000, "generalAndAdministrativeExpenses": 0, "sellingAndMarketingExpenses": 0, "sellingGeneralAndAdministrativeExpenses": 621000000, "otherExpenses": -23000000, "operatingExpenses": 949000000, "costAndExpenses": 1893000000, "interestIncome": 12000000, "interestExpense": 26000000, "depreciationAndAmortization": 150000000, "ebitda": 156000000, "ebitdaratio": 0.0821484992, "operatingIncome": 6000000, "operatingIncomeRatio": 0.0031595577, "totalOtherIncomeExpensesNet": -23000000, "incomeBeforeTax": -17000000, "incomeBeforeTaxRatio": -0.00895208, "incomeTaxExpense": 7000000, "netIncome": -24000000, "netIncomeRatio": -0.0126382306, "eps": -0.21, "epsdiluted": -0.21, "weightedAverageShsOut": 114200000, "weightedAverageShsOutDil": 114200000, "link": "https://www.sec.gov/Archives/edgar/data/816761/000081676120000008/0000816761-20-000008-index.htm", "finalLink": "https://www.sec.gov/Archives/edgar/data/816761/000081676120000008/tdc-12311910xk.htm", "calculatedOtherExpenses": 0, "calculatedOperatingExpenses": 949000000, "calculatedNetInterest": -14000000, "calculatedOtherIncome": -9000000, "calculatedIncomeNonControlling": 0, "calculatedEbitda": 156000000}, {"date": "2018-12-31", "symbol": "TDC", "reportedCurrency": "USD", "cik": "0000816761", "fillingDate": "2019-02-26", "acceptedDate": "2019-02-25 20:54:46", "calendarYear": "2018", "period": "FY", "revenue": 2164000000, "costOfRevenue": 1138000000, "grossProfit": 1026000000, "grossProfitRatio": 0.4741219963, "researchAndDevelopmentExpenses": 317000000, "generalAndAdministrativeExpenses": 0, "sellingAndMarketingExpenses": 0, "sellingGeneralAndAdministrativeExpenses": 666000000, "otherExpenses": -16000000, "operatingExpenses": 983000000, "costAndExpenses": 2121000000, "interestIncome": 14000000, "interestExpense": 22000000, "depreciationAndAmortization": 130000000, "ebitda": 173000000, "ebitdaratio": 0.0799445471, "operatingIncome": 43000000, "operatingIncomeRatio": 0.01987061, "totalOtherIncomeExpensesNet": -16000000, "incomeBeforeTax": 27000000, "incomeBeforeTaxRatio": 0.0124768946, "incomeTaxExpense": -3000000, "netIncome": 30000000, "netIncomeRatio": 0.0138632163, "eps": 0.25, "epsdiluted": 0.25, "weightedAverageShsOut": 119200000, "weightedAverageShsOutDil": 121200000, "link": "https://www.sec.gov/Archives/edgar/data/816761/000081676119000010/0000816761-19-000010-index.htm", "finalLink": "https://www.sec.gov/Archives/edgar/data/816761/000081676119000010/tdc-123118x10k.htm", "calculatedOtherExpenses": 0, "calculatedOperatingExpenses": 983000000, "calculatedNetInterest": -8000000, "calculatedOtherIncome": -8000000, "calculatedIncomeNonControlling": 0, "calculatedEbitda": 173000000}, {"date": "2017-12-31", "symbol": "TDC", "reportedCurrency": "USD", "cik": "0000816761", "fillingDate": "2018-02-23", "acceptedDate": "2018-02-23 13:59:18", "calendarYear": "2017", "period": "FY", "revenue": 2156000000, "costOfRevenue": 1134000000, "grossProfit": 1022000000, "grossProfitRatio": 0.474025974, "researchAndDevelopmentExpenses": 306000000, "generalAndAdministrativeExpenses": 652000000, "sellingAndMarketingExpenses": 0, "sellingGeneralAndAdministrativeExpenses": 652000000, "otherExpenses": -6000000, "operatingExpenses": 958000000, "costAndExpenses": 2092000000, "interestIncome": 0, "interestExpense": 15000000, "depreciationAndAmortization": 138000000, "ebitda": 202000000, "ebitdaratio": 0.0936920223, "operatingIncome": 64000000, "operatingIncomeRatio": 0.0296846011, "totalOtherIncomeExpensesNet": -6000000, "incomeBeforeTax": 58000000, "incomeBeforeTaxRatio": 0.0269016698, "incomeTaxExpense": 125000000, "netIncome": -67000000, "netIncomeRatio": -0.0310760668, "eps": -0.53, "epsdiluted": -0.53, "weightedAverageShsOut": 125800000, "weightedAverageShsOutDil": 125800000, "link": "https://www.sec.gov/Archives/edgar/data/816761/000081676118000007/0000816761-18-000007-index.htm", "finalLink": "https://www.sec.gov/Archives/edgar/data/816761/000081676118000007/tdc-123117x10k.htm", "calculatedOtherExpenses": 0, "calculatedOperatingExpenses": 958000000, "calculatedNetInterest": -15000000, "calculatedOtherIncome": 9000000, "calculatedIncomeNonControlling": 0, "calculatedEbitda": 202000000}, {"date": "2016-12-31", "symbol": "TDC", "reportedCurrency": "USD", "cik": "0000816761", "fillingDate": "2017-02-27", "acceptedDate": "2017-02-27 16:11:07", "calendarYear": "2016", "period": "FY", "revenue": 2322000000, "costOfRevenue": 1134000000, "grossProfit": 1188000000, "grossProfitRatio": 0.511627907, "researchAndDevelopmentExpenses": 212000000, "generalAndAdministrativeExpenses": 664000000, "sellingAndMarketingExpenses": 0, "sellingGeneralAndAdministrativeExpenses": 664000000, "otherExpenses": -11000000, "operatingExpenses": 876000000, "costAndExpenses": 2010000000, "interestIncome": 0, "interestExpense": 12000000, "depreciationAndAmortization": 128000000, "ebitda": 520000000, "ebitdaratio": 0.2239448751, "operatingIncome": 232000000, "operatingIncomeRatio": 0.0999138674, "totalOtherIncomeExpensesNet": -91000000, "incomeBeforeTax": 221000000, "incomeBeforeTaxRatio": 0.0951765719, "incomeTaxExpense": 96000000, "netIncome": 125000000, "netIncomeRatio": 0.0538329027, "eps": 0.96, "epsdiluted": 0.95, "weightedAverageShsOut": 129700000, "weightedAverageShsOutDil": 131500000, "link": "https://www.sec.gov/Archives/edgar/data/816761/000081676117000010/0000816761-17-000010-index.htm", "finalLink": "https://www.sec.gov/Archives/edgar/data/816761/000081676117000010/tdc-123116x10k.htm", "calculatedOtherExpenses": 80000000, "calculatedOperatingExpenses": 956000000, "calculatedNetInterest": -12000000, "calculatedOtherIncome": 1000000, "calculatedIncomeNonControlling": 0, "calculatedEbitda": 360000000}, {"date": "2015-12-31", "symbol": "TDC", "reportedCurrency": "USD", "cik": "0000816761", "fillingDate": "2016-02-26", "acceptedDate": "2016-02-26 11:22:54", "calendarYear": "2015", "period": "FY", "revenue": 2530000000, "costOfRevenue": 1254000000, "grossProfit": 1276000000, "grossProfitRatio": 0.5043478261, "researchAndDevelopmentExpenses": 228000000, "generalAndAdministrativeExpenses": 765000000, "sellingAndMarketingExpenses": 1000000, "sellingGeneralAndAdministrativeExpenses": 766000000, "otherExpenses": 51000000, "operatingExpenses": 994000000, "costAndExpenses": 2248000000, "interestIncome": 5000000, "interestExpense": 9000000, "depreciationAndAmortization": 170000000, "ebitda": 826000000, "ebitdaratio": 0.3264822134, "operatingIncome": -92000000, "operatingIncomeRatio": -0.0363636364, "totalOtherIncomeExpensesNet": -323000000, "incomeBeforeTax": -41000000, "incomeBeforeTaxRatio": -0.0162055336, "incomeTaxExpense": 83000000, "netIncome": -124000000, "netIncomeRatio": -0.0490118577, "eps": -0.89, "epsdiluted": -0.89, "weightedAverageShsOut": 139600000, "weightedAverageShsOutDil": 139600000, "link": "https://www.sec.gov/Archives/edgar/data/816761/000081676116000045/0000816761-16-000045-index.htm", "finalLink": "https://www.sec.gov/Archives/edgar/data/816761/000081676116000045/tdc-123115x10k.htm", "calculatedOtherExpenses": 374000000, "calculatedOperatingExpenses": 1368000000, "calculatedNetInterest": -4000000, "calculatedOtherIncome": 55000000, "calculatedIncomeNonControlling": 0, "calculatedEbitda": 78000000}, {"date": "2014-12-31", "symbol": "TDC", "reportedCurrency": "USD", "cik": "0000816761", "fillingDate": "2015-02-27", "acceptedDate": "2015-02-27 10:27:25", "calendarYear": "2014", "period": "FY", "revenue": 2732000000, "costOfRevenue": 1253000000, "grossProfit": 1479000000, "grossProfitRatio": 0.5413616398, "researchAndDevelopmentExpenses": 206000000, "generalAndAdministrativeExpenses": 770000000, "sellingAndMarketingExpenses": 0, "sellingGeneralAndAdministrativeExpenses": 770000000, "otherExpenses": -9000000, "operatingExpenses": 976000000, "costAndExpenses": 2229000000, "interestIncome": 0, "interestExpense": 0, "depreciationAndAmortization": 169000000, "ebitda": 672000000, "ebitdaratio": 0.2459736457, "operatingIncome": 503000000, "operatingIncomeRatio": 0.184114202, "totalOtherIncomeExpensesNet": -9000000, "incomeBeforeTax": 494000000, "incomeBeforeTaxRatio": 0.1808199122, "incomeTaxExpense": 127000000, "netIncome": 367000000, "netIncomeRatio": 0.1343338214, "eps": 2.36, "epsdiluted": 2.33, "weightedAverageShsOut": 155300000, "weightedAverageShsOutDil": 157800000, "link": "https://www.sec.gov/Archives/edgar/data/816761/000081676115000008/0000816761-15-000008-index.htm", "finalLink": "https://www.sec.gov/Archives/edgar/data/816761/000081676115000008/tdc-123114x10k.htm", "calculatedOtherExpenses": 0, "calculatedOperatingExpenses": 976000000, "calculatedNetInterest": 0, "calculatedOtherIncome": -9000000, "calculatedIncomeNonControlling": 0, "calculatedEbitda": 672000000}, {"date": "2013-12-31", "symbol": "TDC", "reportedCurrency": "USD", "cik": "0000816761", "fillingDate": "2014-02-27", "acceptedDate": "2014-02-27 09:20:28", "calendarYear": "2013", "period": "FY", "revenue": 2692000000, "costOfRevenue": 1219000000, "grossProfit": 1473000000, "grossProfitRatio": 0.5471768202, "researchAndDevelopmentExpenses": 184000000, "generalAndAdministrativeExpenses": 757000000, "sellingAndMarketingExpenses": 0, "sellingGeneralAndAdministrativeExpenses": 757000000, "otherExpenses": -24000000, "operatingExpenses": 941000000, "costAndExpenses": 2160000000, "interestIncome": 0, "interestExpense": 0, "depreciationAndAmortization": 147000000, "ebitda": 679000000, "ebitdaratio": 0.2522288262, "operatingIncome": 532000000, "operatingIncomeRatio": 0.1976225854, "totalOtherIncomeExpensesNet": -24000000, "incomeBeforeTax": 508000000, "incomeBeforeTaxRatio": 0.1887072808, "incomeTaxExpense": 131000000, "netIncome": 377000000, "netIncomeRatio": 0.1400445765, "eps": 2.31, "epsdiluted": 2.27, "weightedAverageShsOut": 163400000, "weightedAverageShsOutDil": 166400000, "link": "https://www.sec.gov/Archives/edgar/data/816761/000119312514071369/0001193125-14-071369-index.htm", "finalLink": "https://www.sec.gov/Archives/edgar/data/816761/000119312514071369/d650130d10k.htm", "calculatedOtherExpenses": 0, "calculatedOperatingExpenses": 941000000, "calculatedNetInterest": 0, "calculatedOtherIncome": -24000000, "calculatedIncomeNonControlling": 0, "calculatedEbitda": 679000000}, {"date": "2012-12-31", "symbol": "TDC", "reportedCurrency": "USD", "cik": "0000816761", "fillingDate": "2013-02-28", "acceptedDate": "2013-02-28 11:20:52", "calendarYear": "2012", "period": "FY", "revenue": 2665000000, "costOfRevenue": 1174000000, "grossProfit": 1491000000, "grossProfitRatio": 0.5594746717, "researchAndDevelopmentExpenses": 183000000, "generalAndAdministrativeExpenses": 728000000, "sellingAndMarketingExpenses": 0, "sellingGeneralAndAdministrativeExpenses": 728000000, "otherExpenses": -2000000, "operatingExpenses": 911000000, "costAndExpenses": 2085000000, "interestIncome": 0, "interestExpense": 0, "depreciationAndAmortization": 126000000, "ebitda": 706000000, "ebitdaratio": 0.2649155722, "operatingIncome": 580000000, "operatingIncomeRatio": 0.2176360225, "totalOtherIncomeExpensesNet": -2000000, "incomeBeforeTax": 578000000, "incomeBeforeTaxRatio": 0.2168855535, "incomeTaxExpense": 159000000, "netIncome": 419000000, "netIncomeRatio": 0.1572232645, "eps": 2.49, "epsdiluted": 2.44, "weightedAverageShsOut": 168200000, "weightedAverageShsOutDil": 171700000, "link": "https://www.sec.gov/Archives/edgar/data/816761/000119312513082775/0001193125-13-082775-index.htm", "finalLink": "https://www.sec.gov/Archives/edgar/data/816761/000119312513082775/d463404d10k.htm", "calculatedOtherExpenses": 0, "calculatedOperatingExpenses": 911000000, "calculatedNetInterest": 0, "calculatedOtherIncome": -2000000, "calculatedIncomeNonControlling": 0, "calculatedEbitda": 706000000}, {"date": "2011-12-31", "symbol": "TDC", "reportedCurrency": "USD", "cik": "0000816761", "fillingDate": "2012-02-29", "acceptedDate": "2012-02-29 09:07:08", "calendarYear": "2011", "period": "FY", "revenue": 2362000000, "costOfRevenue": 1293000000, "grossProfit": 1069000000, "grossProfitRatio": 0.4525825572, "researchAndDevelopmentExpenses": 174000000, "generalAndAdministrativeExpenses": 663000000, "sellingAndMarketingExpenses": 0, "sellingGeneralAndAdministrativeExpenses": 663000000, "otherExpenses": 0, "operatingExpenses": 837000000, "costAndExpenses": 2130000000, "interestIncome": 0, "interestExpense": 0, "depreciationAndAmortization": 102000000, "ebitda": 309000000, "ebitdaratio": 0.1308213378, "operatingIncome": 456000000, "operatingIncomeRatio": 0.1930567316, "totalOtherIncomeExpensesNet": 25000000, "incomeBeforeTax": 481000000, "incomeBeforeTaxRatio": 0.2036409822, "incomeTaxExpense": 128000000, "netIncome": 353000000, "netIncomeRatio": 0.149449619, "eps": 2.1, "epsdiluted": 2.05, "weightedAverageShsOut": 168100000, "weightedAverageShsOutDil": 171900000, "link": "https://www.sec.gov/Archives/edgar/data/816761/000119312512087334/0001193125-12-087334-index.htm", "finalLink": "https://www.sec.gov/Archives/edgar/data/816761/000119312512087334/d257989d10k.htm", "calculatedOtherExpenses": -224000000, "calculatedOperatingExpenses": 613000000, "calculatedNetInterest": 0, "calculatedOtherIncome": 25000000, "calculatedIncomeNonControlling": 0, "calculatedEbitda": 558000000}, {"date": "2010-12-31", "symbol": "TDC", "reportedCurrency": "USD", "cik": "0000816761", "fillingDate": "2011-03-01", "acceptedDate": "2011-03-01 15:34:09", "calendarYear": "2010", "period": "FY", "revenue": 1936000000, "costOfRevenue": 848000000, "grossProfit": 1088000000, "grossProfitRatio": 0.5619834711, "researchAndDevelopmentExpenses": 147000000, "generalAndAdministrativeExpenses": 526000000, "sellingAndMarketingExpenses": 0, "sellingGeneralAndAdministrativeExpenses": 526000000, "otherExpenses": 0, "operatingExpenses": 673000000, "costAndExpenses": 1521000000, "interestIncome": 0, "interestExpense": 0, "depreciationAndAmortization": 60000000, "ebitda": 476000000, "ebitdaratio": 0.2458677686, "operatingIncome": 415000000, "operatingIncomeRatio": 0.2143595041, "totalOtherIncomeExpensesNet": -1000000, "incomeBeforeTax": 414000000, "incomeBeforeTaxRatio": 0.2138429752, "incomeTaxExpense": 113000000, "netIncome": 301000000, "netIncomeRatio": 0.1554752066, "eps": 1.8, "epsdiluted": 1.77, "weightedAverageShsOut": 167400000, "weightedAverageShsOutDil": 170400000, "link": "https://www.sec.gov/Archives/edgar/data/816761/000119312511051934/0001193125-11-051934-index.htm", "finalLink": "https://www.sec.gov/Archives/edgar/data/816761/000119312511051934/d10k.htm", "calculatedOtherExpenses": 0, "calculatedOperatingExpenses": 673000000, "calculatedNetInterest": 0, "calculatedOtherIncome": -1000000, "calculatedIncomeNonControlling": 0, "calculatedEbitda": 475000000}, {"date": "2009-12-31", "symbol": "TDC", "reportedCurrency": "USD", "cik": "0000816761", "fillingDate": "2010-02-26", "acceptedDate": "2010-02-26 16:53:29", "calendarYear": "2009", "period": "FY", "revenue": 1709000000, "costOfRevenue": 771000000, "grossProfit": 938000000, "grossProfitRatio": 0.5488589819, "researchAndDevelopmentExpenses": 117000000, "generalAndAdministrativeExpenses": 483000000, "sellingAndMarketingExpenses": 0, "sellingGeneralAndAdministrativeExpenses": 483000000, "otherExpenses": 0, "operatingExpenses": 600000000, "costAndExpenses": 1371000000, "interestIncome": 0, "interestExpense": 0, "depreciationAndAmortization": 63000000, "ebitda": 405000000, "ebitdaratio": 0.2369806905, "operatingIncome": 338000000, "operatingIncomeRatio": 0.1977764775, "totalOtherIncomeExpensesNet": -4000000, "incomeBeforeTax": 334000000, "incomeBeforeTaxRatio": 0.1954359274, "incomeTaxExpense": 80000000, "netIncome": 254000000, "netIncomeRatio": 0.1486249269, "eps": 1.48, "epsdiluted": 1.46, "weightedAverageShsOut": 171900000, "weightedAverageShsOutDil": 173900000, "link": "https://www.sec.gov/Archives/edgar/data/816761/000119312510043063/0001193125-10-043063-index.htm", "finalLink": "https://www.sec.gov/Archives/edgar/data/816761/000119312510043063/d10k.htm", "calculatedOtherExpenses": 0, "calculatedOperatingExpenses": 600000000, "calculatedNetInterest": 0, "calculatedOtherIncome": -4000000, "calculatedIncomeNonControlling": 0, "calculatedEbitda": 401000000}, {"date": "2008-12-31", "symbol": "TDC", "reportedCurrency": "USD", "cik": "0000816761", "fillingDate": "2009-03-02", "acceptedDate": "2009-03-02 16:29:31", "calendarYear": "2008", "period": "FY", "revenue": 1762000000, "costOfRevenue": 813000000, "grossProfit": 949000000, "grossProfitRatio": 0.5385925085, "researchAndDevelopmentExpenses": 108000000, "generalAndAdministrativeExpenses": 508000000, "sellingAndMarketingExpenses": 0, "sellingGeneralAndAdministrativeExpenses": 508000000, "otherExpenses": 0, "operatingExpenses": 616000000, "costAndExpenses": 1429000000, "interestIncome": 0, "interestExpense": 0, "depreciationAndAmortization": 60000000, "ebitda": 388000000, "ebitdaratio": 0.2202043133, "operatingIncome": 333000000, "operatingIncomeRatio": 0.1889897843, "totalOtherIncomeExpensesNet": 5000000, "incomeBeforeTax": 338000000, "incomeBeforeTaxRatio": 0.1918274688, "incomeTaxExpense": 88000000, "netIncome": 250000000, "netIncomeRatio": 0.1418842225, "eps": 1.4, "epsdiluted": 1.39, "weightedAverageShsOut": 178100000, "weightedAverageShsOutDil": 179800000, "link": "https://www.sec.gov/Archives/edgar/data/816761/000119312509042599/0001193125-09-042599-index.htm", "finalLink": "https://www.sec.gov/Archives/edgar/data/816761/000119312509042599/d10k.htm", "calculatedOtherExpenses": 0, "calculatedOperatingExpenses": 616000000, "calculatedNetInterest": 0, "calculatedOtherIncome": 5000000, "calculatedIncomeNonControlling": 0, "calculatedEbitda": 393000000}, {"date": "2007-12-31", "symbol": "TDC", "reportedCurrency": "USD", "cik": "0000816761", "fillingDate": "2008-03-03", "acceptedDate": "2008-03-03 17:26:31", "calendarYear": "2007", "period": "FY", "revenue": 1702000000, "costOfRevenue": 786000000, "grossProfit": 916000000, "grossProfitRatio": 0.5381903643, "researchAndDevelopmentExpenses": 126000000, "generalAndAdministrativeExpenses": 470000000, "sellingAndMarketingExpenses": 0, "sellingGeneralAndAdministrativeExpenses": 470000000, "otherExpenses": 0, "operatingExpenses": 596000000, "costAndExpenses": 1382000000, "interestIncome": 0, "interestExpense": 0, "depreciationAndAmortization": 68000000, "ebitda": 388000000, "ebitdaratio": 0.2279670975, "operatingIncome": 320000000, "operatingIncomeRatio": 0.1880141011, "totalOtherIncomeExpensesNet": 2000000, "incomeBeforeTax": 322000000, "incomeBeforeTaxRatio": 0.1891891892, "incomeTaxExpense": 122000000, "netIncome": 200000000, "netIncomeRatio": 0.1175088132, "eps": 1.11, "epsdiluted": 1.1, "weightedAverageShsOut": 180800000, "weightedAverageShsOutDil": 181300000, "link": "https://www.sec.gov/Archives/edgar/data/816761/000119312508045270/0001193125-08-045270-index.htm", "finalLink": "https://www.sec.gov/Archives/edgar/data/816761/000119312508045270/d10k.htm", "calculatedOtherExpenses": 0, "calculatedOperatingExpenses": 596000000, "calculatedNetInterest": 0, "calculatedOtherIncome": 2000000, "calculatedIncomeNonControlling": 0, "calculatedEbitda": 388000000}, {"date": "2006-12-31", "symbol": "TDC", "reportedCurrency": "USD", "cik": "0000816761", "fillingDate": "2006-12-31", "acceptedDate": "2006-12-30 19:00:00", "calendarYear": "2006", "period": "FY", "revenue": 1547000000, "costOfRevenue": 718000000, "grossProfit": 829000000, "grossProfitRatio": 0.5358758888, "researchAndDevelopmentExpenses": 117000000, "generalAndAdministrativeExpenses": 0, "sellingAndMarketingExpenses": 0, "sellingGeneralAndAdministrativeExpenses": 410000000, "otherExpenses": 410000000, "operatingExpenses": 527000000, "costAndExpenses": 1245000000, "interestIncome": 0, "interestExpense": 0, "depreciationAndAmortization": 55000000, "ebitda": 357000000, "ebitdaratio": 0.2307692308, "operatingIncome": 302000000, "operatingIncomeRatio": 0.1952165482, "totalOtherIncomeExpensesNet": 0, "incomeBeforeTax": 302000000, "incomeBeforeTaxRatio": 0.1952165482, "incomeTaxExpense": 110000000, "netIncome": 192000000, "netIncomeRatio": 0.1241111829, "eps": 1.06, "epsdiluted": 1.06, "weightedAverageShsOut": 180700000, "weightedAverageShsOutDil": 180700000, "link": "", "finalLink": "", "calculatedOtherExpenses": 0, "calculatedOperatingExpenses": 527000000, "calculatedNetInterest": 0, "calculatedOtherIncome": 0, "calculatedIncomeNonControlling": 0, "calculatedEbitda": 357000000}, {"date": "2005-12-31", "symbol": "TDC", "reportedCurrency": "USD", "cik": "0000816761", "fillingDate": "2005-12-31", "acceptedDate": "2005-12-30 19:00:00", "calendarYear": "2005", "period": "FY", "revenue": 1467000000, "costOfRevenue": 672000000, "grossProfit": 795000000, "grossProfitRatio": 0.5419222904, "researchAndDevelopmentExpenses": 120000000, "generalAndAdministrativeExpenses": 0, "sellingAndMarketingExpenses": 0, "sellingGeneralAndAdministrativeExpenses": 391000000, "otherExpenses": 391000000, "operatingExpenses": 511000000, "costAndExpenses": 1183000000, "interestIncome": 0, "interestExpense": 0, "depreciationAndAmortization": 55000000, "ebitda": 339000000, "ebitdaratio": 0.2310838446, "operatingIncome": 284000000, "operatingIncomeRatio": 0.1935923654, "totalOtherIncomeExpensesNet": 0, "incomeBeforeTax": 284000000, "incomeBeforeTaxRatio": 0.1935923654, "incomeTaxExpense": 78000000, "netIncome": 206000000, "netIncomeRatio": 0.1404226312, "eps": 1.14, "epsdiluted": 1.14, "weightedAverageShsOut": 180700000, "weightedAverageShsOutDil": 180700000, "link": "", "finalLink": "", "calculatedOtherExpenses": 0, "calculatedOperatingExpenses": 511000000, "calculatedNetInterest": 0, "calculatedOtherIncome": 0, "calculatedIncomeNonControlling": 0, "calculatedEbitda": 339000000}, {"date": "2004-12-31", "symbol": "TDC", "reportedCurrency": "USD", "cik": "0000816761", "fillingDate": "2004-12-31", "acceptedDate": "2004-12-30 19:00:00", "calendarYear": "2004", "period": "FY", "revenue": 1349000000, "costOfRevenue": 0, "grossProfit": 1349000000, "grossProfitRatio": 1, "researchAndDevelopmentExpenses": 0, "generalAndAdministrativeExpenses": 0, "sellingAndMarketingExpenses": 0, "sellingGeneralAndAdministrativeExpenses": 0, "otherExpenses": -1150000000, "operatingExpenses": -1150000000, "costAndExpenses": -1150000000, "interestIncome": 0, "interestExpense": 0, "depreciationAndAmortization": 1150000000, "ebitda": 1349000000, "ebitdaratio": 1, "operatingIncome": 199000000, "operatingIncomeRatio": 0.147516679, "totalOtherIncomeExpensesNet": -122000000, "incomeBeforeTax": 77000000, "incomeBeforeTaxRatio": 0.057079318, "incomeTaxExpense": -61000000, "netIncome": 138000000, "netIncomeRatio": 0.1022979985, "eps": 0.76, "epsdiluted": 0.76, "weightedAverageShsOut": 181578947, "weightedAverageShsOutDil": 181578947, "link": "", "finalLink": "", "calculatedOtherExpenses": 1150000000, "calculatedOperatingExpenses": 1150000000, "calculatedNetInterest": 0, "calculatedOtherIncome": -122000000, "calculatedIncomeNonControlling": 0, "calculatedEbitda": 1349000000}, {"date": "2003-12-31", "symbol": "TDC", "reportedCurrency": "USD", "cik": "0000816761", "fillingDate": "2003-12-31", "acceptedDate": "2003-12-30 19:00:00", "calendarYear": "2003", "period": "FY", "revenue": 1203000000, "costOfRevenue": 0, "grossProfit": 1203000000, "grossProfitRatio": 1, "researchAndDevelopmentExpenses": 0, "generalAndAdministrativeExpenses": 0, "sellingAndMarketingExpenses": 0, "sellingGeneralAndAdministrativeExpenses": 0, "otherExpenses": -1079000000, "operatingExpenses": -1079000000, "costAndExpenses": -1079000000, "interestIncome": 0, "interestExpense": 0, "depreciationAndAmortization": 1079000000, "ebitda": 1203000000, "ebitdaratio": 1, "operatingIncome": 124000000, "operatingIncomeRatio": 0.1030756442, "totalOtherIncomeExpensesNet": -68000000, "incomeBeforeTax": 56000000, "incomeBeforeTaxRatio": 0.0465502909, "incomeTaxExpense": -34000000, "netIncome": 90000000, "netIncomeRatio": 0.0748129676, "eps": 0.5, "epsdiluted": 0.5, "weightedAverageShsOut": 180000000, "weightedAverageShsOutDil": 180000000, "link": "", "finalLink": "", "calculatedOtherExpenses": 1079000000, "calculatedOperatingExpenses": 1079000000, "calculatedNetInterest": 0, "calculatedOtherIncome": -68000000, "calculatedIncomeNonControlling": 0, "calculatedEbitda": 1203000000}]}