{"originalCurrency": "USD", "convertedCurrency": "USD", "report": [{"date": "2023-12-31", "symbol": "TDOC", "reportedCurrency": "USD", "cik": "0001477449", "fillingDate": "2024-02-23", "acceptedDate": "2024-02-23 15:10:41", "calendarYear": "2023", "period": "FY", "revenue": 2602415000, "costOfRevenue": 760031000, "grossProfit": 1842384000, "grossProfitRatio": 0.7079516526, "researchAndDevelopmentExpenses": 348521000, "generalAndAdministrativeExpenses": 464659000, "sellingAndMarketingExpenses": 902634000, "sellingGeneralAndAdministrativeExpenses": 1367293000, "otherExpenses": 4445000, "operatingExpenses": 2052885000, "costAndExpenses": 2812916000, "interestIncome": 46782000, "interestExpense": 22282000, "depreciationAndAmortization": 351323000, "ebitda": 192049000, "ebitdaratio": 0.0737964544, "operatingIncome": -248553000, "operatingIncomeRatio": -0.0955085949, "totalOtherIncomeExpensesNet": -33607000, "incomeBeforeTax": -219608000, "incomeBeforeTaxRatio": -0.0843862336, "incomeTaxExpense": 760000, "netIncome": -220368000, "netIncomeRatio": -0.08467827, "eps": -1.34, "epsdiluted": -1.34, "weightedAverageShsOut": 164578219, "weightedAverageShsOutDil": 164578219, "link": "https://www.sec.gov/Archives/edgar/data/1477449/000147744924000023/0001477449-24-000023-index.htm", "finalLink": "https://www.sec.gov/Archives/edgar/data/1477449/000147744924000023/tdoc-20231231.htm", "calculatedOtherExpenses": 375123000, "calculatedOperatingExpenses": 2090937000, "calculatedNetInterest": 24500000, "calculatedOtherIncome": 4445000, "calculatedIncomeNonControlling": 0, "calculatedEbitda": 102770000}, {"date": "2022-12-31", "symbol": "TDOC", "reportedCurrency": "USD", "cik": "0001477449", "fillingDate": "2023-03-01", "acceptedDate": "2023-03-01 16:02:35", "calendarYear": "2022", "period": "FY", "revenue": 2406840000, "costOfRevenue": 743987000, "grossProfit": 1662853000, "grossProfitRatio": 0.6908863905, "researchAndDevelopmentExpenses": 333629000, "generalAndAdministrativeExpenses": 449855000, "sellingAndMarketingExpenses": 850708000, "sellingGeneralAndAdministrativeExpenses": 1300563000, "otherExpenses": 256027000, "operatingExpenses": 1890219000, "costAndExpenses": 2634206000, "interestIncome": 9270000, "interestExpense": 9270000, "depreciationAndAmortization": 270643000, "ebitda": 13469125000, "ebitdaratio": 5.5961862858, "operatingIncome": 13198482000, "operatingIncomeRatio": 5.4837388443, "totalOtherIncomeExpensesNet": -26861825000, "incomeBeforeTax": -13663343000, "incomeBeforeTaxRatio": -5.676880474, "incomeTaxExpense": -3812000, "netIncome": -13659531000, "netIncomeRatio": -5.6752966545, "eps": -84.6, "epsdiluted": -84.6, "weightedAverageShsOut": 161457123, "weightedAverageShsOutDil": 161457123, "link": "https://www.sec.gov/Archives/edgar/data/1477449/000155837023002559/0001558370-23-002559-index.htm", "finalLink": "https://www.sec.gov/Archives/edgar/data/1477449/000155837023002559/tdoc-20221231x10k.htm", "calculatedOtherExpenses": -13169821000, "calculatedOperatingExpenses": -11535629000, "calculatedNetInterest": 0, "calculatedOtherIncome": -26861825000, "calculatedIncomeNonControlling": 0, "calculatedEbitda": 13469125000}, {"date": "2021-12-31", "symbol": "TDOC", "reportedCurrency": "USD", "cik": "0001477449", "fillingDate": "2022-02-28", "acceptedDate": "2022-02-28 09:25:29", "calendarYear": "2021", "period": "FY", "revenue": 2032707000, "costOfRevenue": 650258000, "grossProfit": 1382449000, "grossProfitRatio": 0.6801024447, "researchAndDevelopmentExpenses": 311884000, "generalAndAdministrativeExpenses": 438007000, "sellingAndMarketingExpenses": 667307000, "sellingGeneralAndAdministrativeExpenses": 1105314000, "otherExpenses": 204239000, "operatingExpenses": 1621437000, "costAndExpenses": 2271695000, "interestIncome": 80365000, "interestExpense": 80365000, "depreciationAndAmortization": 224709000, "ebitda": -14279000, "ebitdaratio": -0.0070246228, "operatingIncome": -238988000, "operatingIncomeRatio": -0.1175712978, "totalOtherIncomeExpensesNet": -145668000, "incomeBeforeTax": -384656000, "incomeBeforeTaxRatio": -0.1892333721, "incomeTaxExpense": 44137000, "netIncome": -428793000, "netIncomeRatio": -0.2109467818, "eps": -2.73, "epsdiluted": -2.73, "weightedAverageShsOut": 156939349, "weightedAverageShsOutDil": 156939349, "link": "https://www.sec.gov/Archives/edgar/data/1477449/000155837022002260/0001558370-22-002260-index.htm", "finalLink": "https://www.sec.gov/Archives/edgar/data/1477449/000155837022002260/tdoc-20211231x10k.htm", "calculatedOtherExpenses": 204239000, "calculatedOperatingExpenses": 1621437000, "calculatedNetInterest": 0, "calculatedOtherIncome": -145668000, "calculatedIncomeNonControlling": 0, "calculatedEbitda": -14279000}, {"date": "2020-12-31", "symbol": "TDOC", "reportedCurrency": "USD", "cik": "0001477449", "fillingDate": "2021-03-01", "acceptedDate": "2021-03-01 12:02:45", "calendarYear": "2020", "period": "FY", "revenue": 1093962000, "costOfRevenue": 390829000, "grossProfit": 703133000, "grossProfitRatio": 0.6427398758, "researchAndDevelopmentExpenses": 164941000, "generalAndAdministrativeExpenses": 506684000, "sellingAndMarketingExpenses": 380198000, "sellingGeneralAndAdministrativeExpenses": 886882000, "otherExpenses": 69495000, "operatingExpenses": 1121318000, "costAndExpenses": 1512147000, "interestIncome": 59950000, "interestExpense": 60495000, "depreciationAndAmortization": 78087000, "ebitda": -340098000, "ebitdaratio": -0.3108864842, "operatingIncome": -418185000, "operatingIncomeRatio": -0.3822664773, "totalOtherIncomeExpensesNet": -157808000, "incomeBeforeTax": -575993000, "incomeBeforeTaxRatio": -0.5265201168, "incomeTaxExpense": -90857000, "netIncome": -485136000, "netIncomeRatio": -0.4434669577, "eps": -5.36, "epsdiluted": -5.36, "weightedAverageShsOut": 90509229, "weightedAverageShsOutDil": 90509229, "link": "https://www.sec.gov/Archives/edgar/data/1477449/000155837021002118/0001558370-21-002118-index.htm", "finalLink": "https://www.sec.gov/Archives/edgar/data/1477449/000155837021002118/tdoc-20201231x10k.htm", "calculatedOtherExpenses": 69495000, "calculatedOperatingExpenses": 1121318000, "calculatedNetInterest": -545000, "calculatedOtherIncome": -157263000, "calculatedIncomeNonControlling": 0, "calculatedEbitda": -340098000}, {"date": "2019-12-31", "symbol": "TDOC", "reportedCurrency": "USD", "cik": "0001477449", "fillingDate": "2020-02-26", "acceptedDate": "2020-02-26 16:20:47", "calendarYear": "2019", "period": "FY", "revenue": 553307000, "costOfRevenue": 184465000, "grossProfit": 368842000, "grossProfitRatio": 0.6666136521, "researchAndDevelopmentExpenses": 64644000, "generalAndAdministrativeExpenses": 164456000, "sellingAndMarketingExpenses": 174612000, "sellingGeneralAndAdministrativeExpenses": 339068000, "otherExpenses": 38952000, "operatingExpenses": 442664000, "costAndExpenses": 627129000, "interestIncome": 29355000, "interestExpense": 29013000, "depreciationAndAmortization": 44952000, "ebitda": -28870000, "ebitdaratio": -0.0521771819, "operatingIncome": -73822000, "operatingIncomeRatio": -0.1334196025, "totalOtherIncomeExpensesNet": -35633000, "incomeBeforeTax": -109455000, "incomeBeforeTaxRatio": -0.1978196553, "incomeTaxExpense": -10591000, "netIncome": -98864000, "netIncomeRatio": -0.1786783829, "eps": -1.38, "epsdiluted": -1.38, "weightedAverageShsOut": 71844535, "weightedAverageShsOutDil": 71844535, "link": "https://www.sec.gov/Archives/edgar/data/1477449/000155837020001473/0001558370-20-001473-index.htm", "finalLink": "https://www.sec.gov/Archives/edgar/data/1477449/000155837020001473/tdoc-20181231x10kba26f9.htm", "calculatedOtherExpenses": 38952000, "calculatedOperatingExpenses": 442664000, "calculatedNetInterest": 342000, "calculatedOtherIncome": -35975000, "calculatedIncomeNonControlling": 0, "calculatedEbitda": -28870000}, {"date": "2018-12-31", "symbol": "TDOC", "reportedCurrency": "USD", "cik": "0001477449", "fillingDate": "2019-02-27", "acceptedDate": "2019-02-27 16:56:05", "calendarYear": "2018", "period": "FY", "revenue": 417907000, "costOfRevenue": 128735000, "grossProfit": 289172000, "grossProfitRatio": 0.6919529943, "researchAndDevelopmentExpenses": 54373000, "generalAndAdministrativeExpenses": 118782000, "sellingAndMarketingExpenses": 144263000, "sellingGeneralAndAdministrativeExpenses": 263045000, "otherExpenses": 37717000, "operatingExpenses": 355135000, "costAndExpenses": 483870000, "interestIncome": 0, "interestExpense": 26112000, "depreciationAndAmortization": 35602000, "ebitda": -30361000, "ebitdaratio": -0.0726501351, "operatingIncome": -70854000, "operatingIncomeRatio": -0.1695448987, "totalOtherIncomeExpensesNet": -4891000, "incomeBeforeTax": -96966000, "incomeBeforeTaxRatio": -0.2320276999, "incomeTaxExpense": 118000, "netIncome": -97084000, "netIncomeRatio": -0.2323100594, "eps": -1.47, "epsdiluted": -1.47, "weightedAverageShsOut": 65844908, "weightedAverageShsOutDil": 65844908, "link": "https://www.sec.gov/Archives/edgar/data/1477449/000155837019001204/0001558370-19-001204-index.htm", "finalLink": "https://www.sec.gov/Archives/edgar/data/1477449/000155837019001204/tdoc-20181231x10k.htm", "calculatedOtherExpenses": 42608000, "calculatedOperatingExpenses": 360026000, "calculatedNetInterest": -26112000, "calculatedOtherIncome": 0, "calculatedIncomeNonControlling": 0, "calculatedEbitda": -35252000}, {"date": "2017-12-31", "symbol": "TDOC", "reportedCurrency": "USD", "cik": "0001477449", "fillingDate": "2018-02-27", "acceptedDate": "2018-02-27 16:03:23", "calendarYear": "2017", "period": "FY", "revenue": 233279000, "costOfRevenue": 61623000, "grossProfit": 171656000, "grossProfitRatio": 0.735839917, "researchAndDevelopmentExpenses": 34459000, "generalAndAdministrativeExpenses": 81266000, "sellingAndMarketingExpenses": 95647000, "sellingGeneralAndAdministrativeExpenses": 176913000, "otherExpenses": 22482000, "operatingExpenses": 233854000, "costAndExpenses": 295477000, "interestIncome": 0, "interestExpense": 17491000, "depreciationAndAmortization": 19095000, "ebitda": -43103000, "ebitdaratio": -0.1847701679, "operatingIncome": -75394000, "operatingIncomeRatio": -0.3231924005, "totalOtherIncomeExpensesNet": -27318000, "incomeBeforeTax": -107007000, "incomeBeforeTaxRatio": -0.4587082421, "incomeTaxExpense": -225000, "netIncome": -106782000, "netIncomeRatio": -0.4577437318, "eps": -1.93, "epsdiluted": -1.93, "weightedAverageShsOut": 55427460, "weightedAverageShsOutDil": 55427460, "link": "https://www.sec.gov/Archives/edgar/data/1477449/000155837018001167/0001558370-18-001167-index.htm", "finalLink": "https://www.sec.gov/Archives/edgar/data/1477449/000155837018001167/tdoc-20171231x10k.htm", "calculatedOtherExpenses": 35678000, "calculatedOperatingExpenses": 247050000, "calculatedNetInterest": -17491000, "calculatedOtherIncome": -14122000, "calculatedIncomeNonControlling": 0, "calculatedEbitda": -56299000}, {"date": "2016-12-31", "symbol": "TDOC", "reportedCurrency": "USD", "cik": "0001477449", "fillingDate": "2017-03-01", "acceptedDate": "2017-03-01 16:03:09", "calendarYear": "2016", "period": "FY", "revenue": 123157000, "costOfRevenue": 31971000, "grossProfit": 91186000, "grossProfitRatio": 0.7404045243, "researchAndDevelopmentExpenses": 21815000, "generalAndAdministrativeExpenses": 52685000, "sellingAndMarketingExpenses": 60963000, "sellingGeneralAndAdministrativeExpenses": 113648000, "otherExpenses": 11428000, "operatingExpenses": 146891000, "costAndExpenses": 178862000, "interestIncome": 0, "interestExpense": 2588000, "depreciationAndAmortization": 8270000, "ebitda": -47435000, "ebitdaratio": -0.3851587811, "operatingIncome": -62664000, "operatingIncomeRatio": -0.5088139529, "totalOtherIncomeExpensesNet": -15413000, "incomeBeforeTax": -73706000, "incomeBeforeTaxRatio": -0.5984718692, "incomeTaxExpense": 510000, "netIncome": -74216000, "netIncomeRatio": -0.602612925, "eps": -1.75, "epsdiluted": -1.75, "weightedAverageShsOut": 42330908, "weightedAverageShsOutDil": 42330908, "link": "https://www.sec.gov/Archives/edgar/data/1477449/000155837017001237/0001558370-17-001237-index.htm", "finalLink": "https://www.sec.gov/Archives/edgar/data/1477449/000155837017001237/tdoc-20161231x10k.htm", "calculatedOtherExpenses": 18387000, "calculatedOperatingExpenses": 153850000, "calculatedNetInterest": -2588000, "calculatedOtherIncome": -8454000, "calculatedIncomeNonControlling": 0, "calculatedEbitda": -54394000}, {"date": "2015-12-31", "symbol": "TDOC", "reportedCurrency": "USD", "cik": "0001477449", "fillingDate": "2016-03-03", "acceptedDate": "2016-03-03 09:16:55", "calendarYear": "2015", "period": "FY", "revenue": 77384000, "costOfRevenue": 21041000, "grossProfit": 56343000, "grossProfitRatio": 0.7280962473, "researchAndDevelopmentExpenses": 14210000, "generalAndAdministrativeExpenses": 54843000, "sellingAndMarketingExpenses": 38212000, "sellingGeneralAndAdministrativeExpenses": 93055000, "otherExpenses": 4863000, "operatingExpenses": 112128000, "costAndExpenses": 133169000, "interestIncome": 0, "interestExpense": 2199000, "depreciationAndAmortization": 4863000, "ebitda": -50922000, "ebitdaratio": -0.6580430063, "operatingIncome": -55785000, "operatingIncomeRatio": -0.7208854544, "totalOtherIncomeExpensesNet": -2199000, "incomeBeforeTax": -57984000, "incomeBeforeTaxRatio": -0.7493021813, "incomeTaxExpense": 36000, "netIncome": -58020000, "netIncomeRatio": -0.7497673938, "eps": -2.91, "epsdiluted": -2.91, "weightedAverageShsOut": 19917348, "weightedAverageShsOutDil": 19917348, "link": "https://www.sec.gov/Archives/edgar/data/1477449/000155837016003803/0001558370-16-003803-index.htm", "finalLink": "https://www.sec.gov/Archives/edgar/data/1477449/000155837016003803/tdoc-20151231x10k.htm", "calculatedOtherExpenses": 4863000, "calculatedOperatingExpenses": 112128000, "calculatedNetInterest": -2199000, "calculatedOtherIncome": 0, "calculatedIncomeNonControlling": 0, "calculatedEbitda": -50922000}, {"date": "2014-12-31", "symbol": "TDOC", "reportedCurrency": "USD", "cik": "0001477449", "fillingDate": "2014-12-31", "acceptedDate": "2014-12-30 19:00:00", "calendarYear": "2014", "period": "FY", "revenue": 43528000, "costOfRevenue": 9929000, "grossProfit": 33599000, "grossProfitRatio": 0.7718939533, "researchAndDevelopmentExpenses": 7573000, "generalAndAdministrativeExpenses": 19623000, "sellingAndMarketingExpenses": 19233000, "sellingGeneralAndAdministrativeExpenses": 38856000, "otherExpenses": 2320000, "operatingExpenses": 48749000, "costAndExpenses": 58678000, "interestIncome": 0, "interestExpense": 1499000, "depreciationAndAmortization": 2320000, "ebitda": -12830000, "ebitdaratio": -0.2947528028, "operatingIncome": -15150000, "operatingIncomeRatio": -0.3480518287, "totalOtherIncomeExpensesNet": -1499000, "incomeBeforeTax": -16649000, "incomeBeforeTaxRatio": -0.3824894321, "incomeTaxExpense": 388000, "netIncome": -17037000, "netIncomeRatio": -0.3914032347, "eps": -0.62, "epsdiluted": -0.62, "weightedAverageShsOut": 27612862, "weightedAverageShsOutDil": 27612862, "link": "", "finalLink": "", "calculatedOtherExpenses": 2320000, "calculatedOperatingExpenses": 48749000, "calculatedNetInterest": -1499000, "calculatedOtherIncome": 0, "calculatedIncomeNonControlling": 0, "calculatedEbitda": -12830000}, {"date": "2013-12-31", "symbol": "TDOC", "reportedCurrency": "USD", "cik": "0001477449", "fillingDate": "2013-12-31", "acceptedDate": "2013-12-30 19:00:00", "calendarYear": "2013", "period": "FY", "revenue": 19906000, "costOfRevenue": 4186000, "grossProfit": 15720000, "grossProfitRatio": 0.7897116447, "researchAndDevelopmentExpenses": 3532000, "generalAndAdministrativeExpenses": 8772000, "sellingAndMarketingExpenses": 8531000, "sellingGeneralAndAdministrativeExpenses": 17303000, "otherExpenses": 754000, "operatingExpenses": 21589000, "costAndExpenses": 25775000, "interestIncome": 0, "interestExpense": 56000, "depreciationAndAmortization": 754000, "ebitda": -5115000, "ebitdaratio": -0.2569577012, "operatingIncome": -5869000, "operatingIncomeRatio": -0.2948357279, "totalOtherIncomeExpensesNet": -56000, "incomeBeforeTax": -5925000, "incomeBeforeTaxRatio": -0.2976489501, "incomeTaxExpense": 94000, "netIncome": -6019000, "netIncomeRatio": -0.3023711444, "eps": -0.22, "epsdiluted": -0.22, "weightedAverageShsOut": 27612862, "weightedAverageShsOutDil": 27612862, "link": "", "finalLink": "", "calculatedOtherExpenses": 754000, "calculatedOperatingExpenses": 21589000, "calculatedNetInterest": -56000, "calculatedOtherIncome": 0, "calculatedIncomeNonControlling": 0, "calculatedEbitda": -5115000}]}