{"originalCurrency": "USD", "convertedCurrency": "USD", "report": [{"date": "2023-12-31", "symbol": "TDS", "reportedCurrency": "USD", "cik": "0001051512", "fillingDate": "2024-02-16", "acceptedDate": "2024-02-16 07:54:25", "calendarYear": "2023", "period": "FY", "revenue": 5160000000, "costOfRevenue": 2334000000, "grossProfit": 2826000000, "grossProfitRatio": 0.5476744186, "researchAndDevelopmentExpenses": 0, "generalAndAdministrativeExpenses": 1545000000, "sellingAndMarketingExpenses": 208000000, "sellingGeneralAndAdministrativeExpenses": 1753000000, "otherExpenses": 5574000000, "operatingExpenses": 2668000000, "costAndExpenses": 5002000000, "interestIncome": 20000000, "interestExpense": 244000000, "depreciationAndAmortization": 915000000, "ebitda": 1252000000, "ebitdaratio": 0.2426356589, "operatingIncome": -414000000, "operatingIncomeRatio": -0.0802325581, "totalOtherIncomeExpensesNet": -411000000, "incomeBeforeTax": -477000000, "incomeBeforeTaxRatio": -0.0924418605, "incomeTaxExpense": 10000000, "netIncome": -500000000, "netIncomeRatio": -0.0968992248, "eps": -4.42, "epsdiluted": -4.42, "weightedAverageShsOut": 113000000, "weightedAverageShsOutDil": 113000000, "link": "https://www.sec.gov/Archives/edgar/data/1051512/000105151224000010/0001051512-24-000010-index.htm", "finalLink": "https://www.sec.gov/Archives/edgar/data/1051512/000105151224000010/tds-20231231.htm", "calculatedOtherExpenses": 1487000000, "calculatedOperatingExpenses": 3240000000, "calculatedNetInterest": -224000000, "calculatedOtherIncome": 161000000, "calculatedIncomeNonControlling": 13000000, "calculatedEbitda": 501000000}, {"date": "2022-12-31", "symbol": "TDS", "reportedCurrency": "USD", "cik": "0001051512", "fillingDate": "2023-02-16", "acceptedDate": "2023-02-16 16:39:20", "calendarYear": "2022", "period": "FY", "revenue": 5413000000, "costOfRevenue": 2565000000, "grossProfit": 2848000000, "grossProfitRatio": 0.5261407722, "researchAndDevelopmentExpenses": 0, "generalAndAdministrativeExpenses": 1572000000, "sellingAndMarketingExpenses": 196000000, "sellingGeneralAndAdministrativeExpenses": 1768000000, "otherExpenses": 3494000000, "operatingExpenses": 5262000000, "costAndExpenses": 5262000000, "interestIncome": 17000000, "interestExpense": 174000000, "depreciationAndAmortization": 929000000, "ebitda": 1257000000, "ebitdaratio": 0.2322187327, "operatingIncome": 328000000, "operatingIncomeRatio": 0.0605948642, "totalOtherIncomeExpensesNet": -203000000, "incomeBeforeTax": 125000000, "incomeBeforeTaxRatio": 0.023092555, "incomeTaxExpense": 53000000, "netIncome": 62000000, "netIncomeRatio": 0.0114539073, "eps": -0.0614, "epsdiluted": -0.0702, "weightedAverageShsOut": 114000000, "weightedAverageShsOutDil": 114000000, "link": "https://www.sec.gov/Archives/edgar/data/1051512/000105151223000006/0001051512-23-000006-index.htm", "finalLink": "https://www.sec.gov/Archives/edgar/data/1051512/000105151223000006/tds-20221231.htm", "calculatedOtherExpenses": 752000000, "calculatedOperatingExpenses": 2520000000, "calculatedNetInterest": -157000000, "calculatedOtherIncome": -46000000, "calculatedIncomeNonControlling": 10000000, "calculatedEbitda": 1257000000}, {"date": "2021-12-31", "symbol": "TDS", "reportedCurrency": "USD", "cik": "0001051512", "fillingDate": "2022-02-17", "acceptedDate": "2022-02-17 16:46:57", "calendarYear": "2021", "period": "FY", "revenue": 5329000000, "costOfRevenue": 2472000000, "grossProfit": 2857000000, "grossProfitRatio": 0.5361231, "researchAndDevelopmentExpenses": 0, "generalAndAdministrativeExpenses": 1474000000, "sellingAndMarketingExpenses": 203000000, "sellingGeneralAndAdministrativeExpenses": 1677000000, "otherExpenses": 3367000000, "operatingExpenses": 5044000000, "costAndExpenses": 5044000000, "interestIncome": 11000000, "interestExpense": 232000000, "depreciationAndAmortization": 895000000, "ebitda": 1372000000, "ebitdaratio": 0.2574591856, "operatingIncome": 477000000, "operatingIncomeRatio": 0.0895102271, "totalOtherIncomeExpensesNet": -256000000, "incomeBeforeTax": 221000000, "incomeBeforeTaxRatio": 0.0414711953, "incomeTaxExpense": 33000000, "netIncome": 156000000, "netIncomeRatio": 0.029273785, "eps": 1.02, "epsdiluted": 1, "weightedAverageShsOut": 115000000, "weightedAverageShsOutDil": 116000000, "link": "https://www.sec.gov/Archives/edgar/data/1051512/000105151222000013/0001051512-22-000013-index.htm", "finalLink": "https://www.sec.gov/Archives/edgar/data/1051512/000105151222000013/tds-20211231.htm", "calculatedOtherExpenses": 703000000, "calculatedOperatingExpenses": 2380000000, "calculatedNetInterest": -221000000, "calculatedOtherIncome": -35000000, "calculatedIncomeNonControlling": 32000000, "calculatedEbitda": 1372000000}, {"date": "2020-12-31", "symbol": "TDS", "reportedCurrency": "USD", "cik": "0001051512", "fillingDate": "2021-02-18", "acceptedDate": "2021-02-18 16:56:33", "calendarYear": "2020", "period": "FY", "revenue": 5225000000, "costOfRevenue": 2354000000, "grossProfit": 2871000000, "grossProfitRatio": 0.5494736842, "researchAndDevelopmentExpenses": 0, "generalAndAdministrativeExpenses": 1468000000, "sellingAndMarketingExpenses": 213000000, "sellingGeneralAndAdministrativeExpenses": 1681000000, "otherExpenses": 3263000000, "operatingExpenses": 4944000000, "costAndExpenses": 4944000000, "interestIncome": 15000000, "interestExpense": 168000000, "depreciationAndAmortization": 909000000, "ebitda": 1385000000, "ebitdaratio": 0.2650717703, "operatingIncome": 476000000, "operatingIncomeRatio": 0.0911004785, "totalOtherIncomeExpensesNet": -188000000, "incomeBeforeTax": 288000000, "incomeBeforeTaxRatio": 0.0551196172, "incomeTaxExpense": 19000000, "netIncome": 226000000, "netIncomeRatio": 0.0432535885, "eps": 1.98, "epsdiluted": 1.94, "weightedAverageShsOut": 114000000, "weightedAverageShsOutDil": 115000000, "link": "https://www.sec.gov/Archives/edgar/data/1051512/000105151221000009/0001051512-21-000009-index.htm", "finalLink": "https://www.sec.gov/Archives/edgar/data/1051512/000105151221000009/tds-20201231.htm", "calculatedOtherExpenses": 714000000, "calculatedOperatingExpenses": 2395000000, "calculatedNetInterest": -153000000, "calculatedOtherIncome": -35000000, "calculatedIncomeNonControlling": 43000000, "calculatedEbitda": 1385000000}, {"date": "2019-12-31", "symbol": "TDS", "reportedCurrency": "USD", "cik": "0001051512", "fillingDate": "2020-02-25", "acceptedDate": "2020-02-25 09:18:46", "calendarYear": "2019", "period": "FY", "revenue": 5176000000, "costOfRevenue": 2337000000, "grossProfit": 2839000000, "grossProfitRatio": 0.5484930448, "researchAndDevelopmentExpenses": 0, "generalAndAdministrativeExpenses": 1490000000, "sellingAndMarketingExpenses": 227000000, "sellingGeneralAndAdministrativeExpenses": 1717000000, "otherExpenses": 3269000000, "operatingExpenses": 4986000000, "costAndExpenses": 4986000000, "interestIncome": 29000000, "interestExpense": 165000000, "depreciationAndAmortization": 932000000, "ebitda": 1319000000, "ebitdaratio": 0.2548299845, "operatingIncome": 387000000, "operatingIncomeRatio": 0.0747681607, "totalOtherIncomeExpensesNet": -176000000, "incomeBeforeTax": 211000000, "incomeBeforeTaxRatio": 0.0407650696, "incomeTaxExpense": 64000000, "netIncome": 121000000, "netIncomeRatio": 0.0233771252, "eps": 1.06, "epsdiluted": 1.03, "weightedAverageShsOut": 114000000, "weightedAverageShsOutDil": 116000000, "link": "https://www.sec.gov/Archives/edgar/data/1051512/000105151220000014/0001051512-20-000014-index.htm", "finalLink": "https://www.sec.gov/Archives/edgar/data/1051512/000105151220000014/tds1231201910-k.htm", "calculatedOtherExpenses": 735000000, "calculatedOperatingExpenses": 2452000000, "calculatedNetInterest": -136000000, "calculatedOtherIncome": -40000000, "calculatedIncomeNonControlling": 26000000, "calculatedEbitda": 1319000000}, {"date": "2018-12-31", "symbol": "TDS", "reportedCurrency": "USD", "cik": "0001051512", "fillingDate": "2019-02-22", "acceptedDate": "2019-02-22 10:22:47", "calendarYear": "2018", "period": "FY", "revenue": 5109000000, "costOfRevenue": 2336000000, "grossProfit": 2773000000, "grossProfitRatio": 0.5427676649, "researchAndDevelopmentExpenses": 0, "generalAndAdministrativeExpenses": 1464000000, "sellingAndMarketingExpenses": 230000000, "sellingGeneralAndAdministrativeExpenses": 1694000000, "otherExpenses": 2000000, "operatingExpenses": 4913000000, "costAndExpenses": 4913000000, "interestIncome": 26000000, "interestExpense": 172000000, "depreciationAndAmortization": 883000000, "ebitda": 1267000000, "ebitdaratio": 0.2479937365, "operatingIncome": 205000000, "operatingIncomeRatio": 0.0401252691, "totalOtherIncomeExpensesNet": 171000000, "incomeBeforeTax": 221000000, "incomeBeforeTaxRatio": 0.0432569975, "incomeTaxExpense": 46000000, "netIncome": 135000000, "netIncomeRatio": 0.0264239577, "eps": 1.21, "epsdiluted": 1.18, "weightedAverageShsOut": 112000000, "weightedAverageShsOutDil": 114000000, "link": "https://www.sec.gov/Archives/edgar/data/1051512/000105151219000008/0001051512-19-000008-index.htm", "finalLink": "https://www.sec.gov/Archives/edgar/data/1051512/000105151219000008/tds1231201810-k.htm", "calculatedOtherExpenses": 874000000, "calculatedOperatingExpenses": 2568000000, "calculatedNetInterest": -146000000, "calculatedOtherIncome": 162000000, "calculatedIncomeNonControlling": 40000000, "calculatedEbitda": 1088000000}, {"date": "2017-12-31", "symbol": "TDS", "reportedCurrency": "USD", "cik": "0001051512", "fillingDate": "2018-02-26", "acceptedDate": "2018-02-26 08:57:55", "calendarYear": "2017", "period": "FY", "revenue": 5044000000, "costOfRevenue": 2359000000, "grossProfit": 2685000000, "grossProfitRatio": 0.5323156225, "researchAndDevelopmentExpenses": 0, "generalAndAdministrativeExpenses": 0, "sellingAndMarketingExpenses": 0, "sellingGeneralAndAdministrativeExpenses": 1686000000, "otherExpenses": 1000000, "operatingExpenses": 4889000000, "costAndExpenses": 4889000000, "interestIncome": 15000000, "interestExpense": 170000000, "depreciationAndAmortization": 844000000, "ebitda": 1152000000, "ebitdaratio": 0.2283901665, "operatingIncome": -105000000, "operatingIncomeRatio": -0.0208168121, "totalOtherIncomeExpensesNet": -122000000, "incomeBeforeTax": -122000000, "incomeBeforeTaxRatio": -0.0241871531, "incomeTaxExpense": -279000000, "netIncome": 153000000, "netIncomeRatio": 0.030333069, "eps": 1.38, "epsdiluted": 1.37, "weightedAverageShsOut": 111000000, "weightedAverageShsOutDil": 112000000, "link": "https://www.sec.gov/Archives/edgar/data/1051512/000105151218000009/0001051512-18-000009-index.htm", "finalLink": "https://www.sec.gov/Archives/edgar/data/1051512/000105151218000009/tds10k.htm", "calculatedOtherExpenses": 1104000000, "calculatedOperatingExpenses": 2790000000, "calculatedNetInterest": -155000000, "calculatedOtherIncome": 138000000, "calculatedIncomeNonControlling": 4000000, "calculatedEbitda": 739000000}, {"date": "2016-12-31", "symbol": "TDS", "reportedCurrency": "USD", "cik": "0001051512", "fillingDate": "2017-02-24", "acceptedDate": "2017-02-24 08:49:56", "calendarYear": "2016", "period": "FY", "revenue": 5104000000, "costOfRevenue": 2429000000, "grossProfit": 2675000000, "grossProfitRatio": 0.5240987461, "researchAndDevelopmentExpenses": 0, "generalAndAdministrativeExpenses": 0, "sellingAndMarketingExpenses": 0, "sellingGeneralAndAdministrativeExpenses": 1759000000, "otherExpenses": 850000000, "operatingExpenses": 5037000000, "costAndExpenses": 5037000000, "interestIncome": 62000000, "interestExpense": 170000000, "depreciationAndAmortization": 850000000, "ebitda": 1118000000, "ebitdaratio": 0.2190438871, "operatingIncome": 60000000, "operatingIncomeRatio": 0.0117554859, "totalOtherIncomeExpensesNet": 134000000, "incomeBeforeTax": 92000000, "incomeBeforeTaxRatio": 0.0180250784, "incomeTaxExpense": 40000000, "netIncome": 43000000, "netIncomeRatio": 0.0084247649, "eps": 0.39, "epsdiluted": 0.39, "weightedAverageShsOut": 110000000, "weightedAverageShsOutDil": 111000000, "link": "https://www.sec.gov/Archives/edgar/data/1051512/000105151217000013/0001051512-17-000013-index.htm", "finalLink": "https://www.sec.gov/Archives/edgar/data/1051512/000105151217000013/TDSform10k.htm", "calculatedOtherExpenses": 856000000, "calculatedOperatingExpenses": 2615000000, "calculatedNetInterest": -108000000, "calculatedOtherIncome": 140000000, "calculatedIncomeNonControlling": 9000000, "calculatedEbitda": 910000000}, {"date": "2015-12-31", "symbol": "TDS", "reportedCurrency": "USD", "cik": "0001051512", "fillingDate": "2016-02-24", "acceptedDate": "2016-02-24 09:09:06", "calendarYear": "2015", "period": "FY", "revenue": 5176241000, "costOfRevenue": 2414941000, "grossProfit": 2761300000, "grossProfitRatio": 0.5334566146, "researchAndDevelopmentExpenses": 0, "generalAndAdministrativeExpenses": 0, "sellingAndMarketingExpenses": 0, "sellingGeneralAndAdministrativeExpenses": 1780463000, "otherExpenses": 391000, "operatingExpenses": 5039765000, "costAndExpenses": 5039765000, "interestIncome": 38783000, "interestExpense": 141719000, "depreciationAndAmortization": 844361000, "ebitda": 1160087000, "ebitdaratio": 0.224117656, "operatingIncome": 397071000, "operatingIncomeRatio": 0.0767103, "totalOtherIncomeExpensesNet": 401062000, "incomeBeforeTax": 434602000, "incomeBeforeTaxRatio": 0.0839609284, "incomeTaxExpense": 171992000, "netIncome": 219037000, "netIncomeRatio": 0.0423158427, "eps": 2.02, "epsdiluted": 1.99, "weightedAverageShsOut": 108645000, "weightedAverageShsOutDil": 109910000, "link": "https://www.sec.gov/Archives/edgar/data/1051512/000105151216000077/0001051512-16-000077-index.htm", "finalLink": "https://www.sec.gov/Archives/edgar/data/1051512/000105151216000077/TDSform10k.htm", "calculatedOtherExpenses": 583766000, "calculatedOperatingExpenses": 2364229000, "calculatedNetInterest": -102936000, "calculatedOtherIncome": 140467000, "calculatedIncomeNonControlling": 43573000, "calculatedEbitda": 1241432000}, {"date": "2014-12-31", "symbol": "TDS", "reportedCurrency": "USD", "cik": "0001051512", "fillingDate": "2015-02-25", "acceptedDate": "2015-02-25 09:33:37", "calendarYear": "2014", "period": "FY", "revenue": 5009438000, "costOfRevenue": 2511469000, "grossProfit": 2497969000, "grossProfitRatio": 0.4986525435, "researchAndDevelopmentExpenses": 0, "generalAndAdministrativeExpenses": 0, "sellingAndMarketingExpenses": 0, "sellingGeneralAndAdministrativeExpenses": 1865807000, "otherExpenses": 115000, "operatingExpenses": 5213808000, "costAndExpenses": 5213808000, "interestIncome": 16957000, "interestExpense": 111397000, "depreciationAndAmortization": 836532000, "ebitda": 781199000, "ebitdaratio": 0.1559454374, "operatingIncome": -189864000, "operatingIncomeRatio": -0.0379012576, "totalOtherIncomeExpensesNet": 146586000, "incomeBeforeTax": -152224000, "incomeBeforeTaxRatio": -0.0303874407, "incomeTaxExpense": -4932000, "netIncome": -136355000, "netIncomeRatio": -0.0272196202, "eps": -1.26, "epsdiluted": -1.26, "weightedAverageShsOut": 107936507, "weightedAverageShsOutDil": 108485000, "link": "https://www.sec.gov/Archives/edgar/data/1051512/000105151215000011/0001051512-15-000011-index.htm", "finalLink": "https://www.sec.gov/Archives/edgar/data/1051512/000105151215000011/form10k.htm", "calculatedOtherExpenses": 822026000, "calculatedOperatingExpenses": 2687833000, "calculatedNetInterest": -94440000, "calculatedOtherIncome": 132080000, "calculatedIncomeNonControlling": -10937000, "calculatedEbitda": 646668000}, {"date": "2013-12-31", "symbol": "TDS", "reportedCurrency": "USD", "cik": "0001051512", "fillingDate": "2014-02-28", "acceptedDate": "2014-02-28 09:04:23", "calendarYear": "2013", "period": "FY", "revenue": 4901236000, "costOfRevenue": 2225316000, "grossProfit": 2675920000, "grossProfitRatio": 0.5459684047, "researchAndDevelopmentExpenses": 0, "generalAndAdministrativeExpenses": 0, "sellingAndMarketingExpenses": 0, "sellingGeneralAndAdministrativeExpenses": 1947778000, "otherExpenses": -37000, "operatingExpenses": 5191171000, "costAndExpenses": 5191171000, "interestIncome": 9092000, "interestExpense": 98811000, "depreciationAndAmortization": 1018077000, "ebitda": 869911000, "ebitdaratio": 0.1774880867, "operatingIncome": 235359000, "operatingIncomeRatio": 0.0480203361, "totalOtherIncomeExpensesNet": 672518000, "incomeBeforeTax": 292864000, "incomeBeforeTaxRatio": 0.0597530909, "incomeTaxExpense": 126043000, "netIncome": 141927000, "netIncomeRatio": 0.0289573895, "eps": 1.31, "epsdiluted": 1.3, "weightedAverageShsOut": 108490000, "weightedAverageShsOutDil": 109132000, "link": "https://www.sec.gov/Archives/edgar/data/1051512/000105151214000011/0001051512-14-000011-index.htm", "finalLink": "https://www.sec.gov/Archives/edgar/data/1051512/000105151214000011/form10k.htm", "calculatedOtherExpenses": 492783000, "calculatedOperatingExpenses": 2440561000, "calculatedNetInterest": -89719000, "calculatedOtherIncome": 147224000, "calculatedIncomeNonControlling": 24894000, "calculatedEbitda": 1253436000}, {"date": "2012-12-31", "symbol": "TDS", "reportedCurrency": "USD", "cik": "0001051512", "fillingDate": "2013-02-26", "acceptedDate": "2013-02-26 15:59:28", "calendarYear": "2012", "period": "FY", "revenue": 5345277000, "costOfRevenue": 2272570000, "grossProfit": 3072707000, "grossProfitRatio": 0.5748452325, "researchAndDevelopmentExpenses": 0, "generalAndAdministrativeExpenses": 0, "sellingAndMarketingExpenses": 0, "sellingGeneralAndAdministrativeExpenses": 2033901000, "otherExpenses": 720000, "operatingExpenses": 2847527000, "costAndExpenses": 5120097000, "interestIncome": 9248000, "interestExpense": 86745000, "depreciationAndAmortization": 813626000, "ebitda": 1141641000, "ebitdaratio": 0.2135793898, "operatingIncome": 183863000, "operatingIncomeRatio": 0.0343972819, "totalOtherIncomeExpensesNet": 48552000, "incomeBeforeTax": 196235000, "incomeBeforeTaxRatio": 0.0367118486, "incomeTaxExpense": 73582000, "netIncome": 81861000, "netIncomeRatio": 0.0153146413, "eps": 0.75, "epsdiluted": 0.75, "weightedAverageShsOut": 108671000, "weightedAverageShsOutDil": 108937000, "link": "https://www.sec.gov/Archives/edgar/data/1051512/000104746913001701/0001047469-13-001701-index.htm", "finalLink": "https://www.sec.gov/Archives/edgar/data/1051512/000104746913001701/a2213081z10-k.htm", "calculatedOtherExpenses": 854943000, "calculatedOperatingExpenses": 2888844000, "calculatedNetInterest": -77497000, "calculatedOtherIncome": 89869000, "calculatedIncomeNonControlling": 40792000, "calculatedEbitda": 997489000}, {"date": "2011-12-31", "symbol": "TDS", "reportedCurrency": "USD", "cik": "0001051512", "fillingDate": "2012-02-27", "acceptedDate": "2012-02-24 18:44:55", "calendarYear": "2011", "period": "FY", "revenue": 5180471000, "costOfRevenue": 2041142000, "grossProfit": 3139329000, "grossProfitRatio": 0.6059929686, "researchAndDevelopmentExpenses": 0, "generalAndAdministrativeExpenses": 0, "sellingAndMarketingExpenses": 0, "sellingGeneralAndAdministrativeExpenses": 4053003000, "otherExpenses": 765776000, "operatingExpenses": 4818779000, "costAndExpenses": 4818779000, "interestIncome": 9145000, "interestExpense": 118201000, "depreciationAndAmortization": 765776000, "ebitda": 1219151000, "ebitdaratio": 0.2353359376, "operatingIncome": 362502000, "operatingIncomeRatio": 0.0699747185, "totalOtherIncomeExpensesNet": 111109000, "incomeBeforeTax": 363745000, "incomeBeforeTaxRatio": 0.0702146581, "incomeTaxExpense": 113503000, "netIncome": 200566000, "netIncomeRatio": 0.0387157847, "eps": 1.7, "epsdiluted": 1.69, "weightedAverageShsOut": 118006894, "weightedAverageShsOutDil": 118591700, "link": "https://www.sec.gov/Archives/edgar/data/1051512/000104746912001492/0001047469-12-001492-index.htm", "finalLink": "https://www.sec.gov/Archives/edgar/data/1051512/000104746912001492/a2207445z10-k.htm", "calculatedOtherExpenses": -1276176000, "calculatedOperatingExpenses": 2776827000, "calculatedNetInterest": -109056000, "calculatedOtherIncome": 110299000, "calculatedIncomeNonControlling": 49676000, "calculatedEbitda": 1128278000}, {"date": "2010-12-31", "symbol": "TDS", "reportedCurrency": "USD", "cik": "0001051512", "fillingDate": "2011-02-25", "acceptedDate": "2011-02-25 16:24:33", "calendarYear": "2010", "period": "FY", "revenue": 4986829000, "costOfRevenue": 1911554000, "grossProfit": 3075275000, "grossProfitRatio": 0.616679457, "researchAndDevelopmentExpenses": 0, "generalAndAdministrativeExpenses": 0, "sellingAndMarketingExpenses": 0, "sellingGeneralAndAdministrativeExpenses": 2011772000, "otherExpenses": 761748000, "operatingExpenses": 4696837000, "costAndExpenses": 4696837000, "interestIncome": 10508000, "interestExpense": 115220000, "depreciationAndAmortization": 761748000, "ebitda": 1160322000, "ebitdaratio": 0.2326773186, "operatingIncome": 289992000, "operatingIncomeRatio": 0.0581515829, "totalOtherIncomeExpensesNet": 95985000, "incomeBeforeTax": 281265000, "incomeBeforeTaxRatio": 0.056401573, "incomeTaxExpense": 92283000, "netIncome": 143856000, "netIncomeRatio": 0.0288471893, "eps": 1.26, "epsdiluted": 1.25, "weightedAverageShsOut": 114255657, "weightedAverageShsOutDil": 114685022, "link": "https://www.sec.gov/Archives/edgar/data/1051512/000104746911001407/0001047469-11-001407-index.htm", "finalLink": "https://www.sec.gov/Archives/edgar/data/1051512/000104746911001407/a2202094z10-k.htm", "calculatedOtherExpenses": 773511000, "calculatedOperatingExpenses": 2785283000, "calculatedNetInterest": -104712000, "calculatedOtherIncome": 95985000, "calculatedIncomeNonControlling": 45126000, "calculatedEbitda": 1051740000}, {"date": "2009-12-31", "symbol": "TDS", "reportedCurrency": "USD", "cik": "0001051512", "fillingDate": "2010-02-25", "acceptedDate": "2010-02-25 15:11:44", "calendarYear": "2009", "period": "FY", "revenue": 5020674000, "costOfRevenue": 1864426000, "grossProfit": 3156248000, "grossProfitRatio": 0.6286502569, "researchAndDevelopmentExpenses": 0, "generalAndAdministrativeExpenses": 0, "sellingAndMarketingExpenses": 0, "sellingGeneralAndAdministrativeExpenses": 1966707000, "otherExpenses": 749970000, "operatingExpenses": 2716677000, "costAndExpenses": 4581103000, "interestIncome": 11121000, "interestExpense": 124557000, "depreciationAndAmortization": 749970000, "ebitda": 1291394000, "ebitdaratio": 0.2572152663, "operatingIncome": 407806000, "operatingIncomeRatio": 0.0812253494, "totalOtherIncomeExpensesNet": 60967000, "incomeBeforeTax": 387102000, "incomeBeforeTaxRatio": 0.0771016003, "incomeTaxExpense": 133376000, "netIncome": 193902000, "netIncomeRatio": 0.0386207111, "eps": 1.63, "epsdiluted": 1.63, "weightedAverageShsOut": 118851493, "weightedAverageShsOutDil": 119110199, "link": "https://www.sec.gov/Archives/edgar/data/1051512/000104746910001340/0001047469-10-001340-index.htm", "finalLink": "https://www.sec.gov/Archives/edgar/data/1051512/000104746910001340/a2196626z10-k.htm", "calculatedOtherExpenses": 781735000, "calculatedOperatingExpenses": 2748442000, "calculatedNetInterest": -113436000, "calculatedOtherIncome": 92732000, "calculatedIncomeNonControlling": 59824000, "calculatedEbitda": 1157776000}, {"date": "2008-12-31", "symbol": "TDS", "reportedCurrency": "USD", "cik": "0001051512", "fillingDate": "2009-02-26", "acceptedDate": "2009-02-26 16:13:31", "calendarYear": "2008", "period": "FY", "revenue": 5092019000, "costOfRevenue": 1853686000, "grossProfit": 3238333000, "grossProfitRatio": 0.6359624738, "researchAndDevelopmentExpenses": 0, "generalAndAdministrativeExpenses": 0, "sellingAndMarketingExpenses": 0, "sellingGeneralAndAdministrativeExpenses": 1921430000, "otherExpenses": 750077000, "operatingExpenses": 4549489000, "costAndExpenses": 4549489000, "interestIncome": 39131000, "interestExpense": 137899000, "depreciationAndAmortization": 750077000, "ebitda": 1331738000, "ebitdaratio": 0.2615343737, "operatingIncome": 128154000, "operatingIncomeRatio": 0.0251676202, "totalOtherIncomeExpensesNet": -290756000, "incomeBeforeTax": 153006000, "incomeBeforeTaxRatio": 0.030048199, "incomeTaxExpense": 30093000, "netIncome": 93541000, "netIncomeRatio": 0.01837012, "eps": 0.74, "epsdiluted": 0.74, "weightedAverageShsOut": 125893079, "weightedAverageShsOutDil": 126369185, "link": "https://www.sec.gov/Archives/edgar/data/1051512/000104746909001884/0001047469-09-001884-index.htm", "finalLink": "https://www.sec.gov/Archives/edgar/data/1051512/000104746909001884/a2190848z10-k.htm", "calculatedOtherExpenses": 1188749000, "calculatedOperatingExpenses": 3110179000, "calculatedNetInterest": -98768000, "calculatedOtherIncome": 123620000, "calculatedIncomeNonControlling": 29372000, "calculatedEbitda": 878231000}, {"date": "2007-12-31", "symbol": "TDS", "reportedCurrency": "USD", "cik": "0001051512", "fillingDate": "2008-02-29", "acceptedDate": "2008-02-29 15:20:30", "calendarYear": "2007", "period": "FY", "revenue": 4828984000, "costOfRevenue": 1696459000, "grossProfit": 3132525000, "grossProfitRatio": 0.6486923543, "researchAndDevelopmentExpenses": 0, "generalAndAdministrativeExpenses": 0, "sellingAndMarketingExpenses": 0, "sellingGeneralAndAdministrativeExpenses": 1797551000, "otherExpenses": 807076000, "operatingExpenses": 2604627000, "costAndExpenses": 4301086000, "interestIncome": 0, "interestExpense": 0, "depreciationAndAmortization": 752219000, "ebitda": 1259952000, "ebitdaratio": 0.2609145112, "operatingIncome": 527898000, "operatingIncomeRatio": 0.1093186476, "totalOtherIncomeExpensesNet": 111996000, "incomeBeforeTax": 685450000, "incomeBeforeTaxRatio": 0.1419449723, "incomeTaxExpense": 269054000, "netIncome": 386112000, "netIncomeRatio": 0.0799571918, "eps": 3.02, "epsdiluted": 2.98, "weightedAverageShsOut": 127857288, "weightedAverageShsOutDil": 129489962, "link": "https://www.sec.gov/Archives/edgar/data/1051512/000104746908002048/0001047469-08-002048-index.htm", "finalLink": "https://www.sec.gov/Archives/edgar/data/1051512/000104746908002048/a2182847z10-k.htm", "calculatedOtherExpenses": 807076000, "calculatedOperatingExpenses": 2604627000, "calculatedNetInterest": 0, "calculatedOtherIncome": 157552000, "calculatedIncomeNonControlling": 30284000, "calculatedEbitda": 1280117000}, {"date": "2006-12-31", "symbol": "TDS", "reportedCurrency": "USD", "cik": "0001051512", "fillingDate": "2007-06-19", "acceptedDate": "2007-06-19 15:19:18", "calendarYear": "2006", "period": "FY", "revenue": 4364518000, "costOfRevenue": 1541541000, "grossProfit": 2822977000, "grossProfitRatio": 0.6468015483, "researchAndDevelopmentExpenses": 0, "generalAndAdministrativeExpenses": 0, "sellingAndMarketingExpenses": 0, "sellingGeneralAndAdministrativeExpenses": 1672722000, "otherExpenses": 737478000, "operatingExpenses": 2410200000, "costAndExpenses": 3951741000, "interestIncome": 0, "interestExpense": 0, "depreciationAndAmortization": 737478000, "ebitda": 1294965000, "ebitdaratio": 0.2967028662, "operatingIncome": 412777000, "operatingIncomeRatio": 0.094575621, "totalOtherIncomeExpensesNet": -49540000, "incomeBeforeTax": 278218000, "incomeBeforeTaxRatio": 0.0637454124, "incomeTaxExpense": 116459000, "netIncome": 161759000, "netIncomeRatio": 0.0370622827, "eps": 1.28, "epsdiluted": 1.27, "weightedAverageShsOut": 125987648, "weightedAverageShsOutDil": 127009428, "link": "https://www.sec.gov/Archives/edgar/data/1051512/000110465907048530/0001104659-07-048530-index.htm", "finalLink": "https://www.sec.gov/Archives/edgar/data/1051512/000110465907048530/a07-16206_110k.htm", "calculatedOtherExpenses": 737478000, "calculatedOperatingExpenses": 2410200000, "calculatedNetInterest": 0, "calculatedOtherIncome": -134559000, "calculatedIncomeNonControlling": 0, "calculatedEbitda": 1150255000}, {"date": "2005-12-31", "symbol": "TDS", "reportedCurrency": "USD", "cik": "0001051512", "fillingDate": "2006-07-28", "acceptedDate": "2006-07-28 13:03:45", "calendarYear": "2005", "period": "FY", "revenue": 3960069000, "costOfRevenue": 1420315000, "grossProfit": 2539754000, "grossProfitRatio": 0.6413408453, "researchAndDevelopmentExpenses": 0, "generalAndAdministrativeExpenses": 0, "sellingAndMarketingExpenses": 0, "sellingGeneralAndAdministrativeExpenses": 1508964000, "otherExpenses": 632783000, "operatingExpenses": 2141747000, "costAndExpenses": 3562062000, "interestIncome": 0, "interestExpense": 0, "depreciationAndAmortization": 677443000, "ebitda": 974836000, "ebitdaratio": 0.2461664178, "operatingIncome": 398007000, "operatingIncomeRatio": 0.100505067, "totalOtherIncomeExpensesNet": 100614000, "incomeBeforeTax": 396139000, "incomeBeforeTaxRatio": 0.100033358, "incomeTaxExpense": 140572000, "netIncome": 222544000, "netIncomeRatio": 0.0561970006, "eps": 1.78, "epsdiluted": 1.76, "weightedAverageShsOut": 125326752, "weightedAverageShsOutDil": 126180047, "link": "https://www.sec.gov/Archives/edgar/data/1051512/000110465906049532/0001104659-06-049532-index.htm", "finalLink": "https://www.sec.gov/Archives/edgar/data/1051512/000110465906049532/a06-12108_210k.htm", "calculatedOtherExpenses": 632783000, "calculatedOperatingExpenses": 2141747000, "calculatedNetInterest": 0, "calculatedOtherIncome": -1868000, "calculatedIncomeNonControlling": 33023000, "calculatedEbitda": 1075450000}, {"date": "2004-12-31", "symbol": "TDS", "reportedCurrency": "USD", "cik": "0001051512", "fillingDate": "2005-03-11", "acceptedDate": "2005-03-11 14:41:05", "calendarYear": "2004", "period": "FY", "revenue": 3720389000, "costOfRevenue": 1304171000, "grossProfit": 2416218000, "grossProfitRatio": 0.6494530545, "researchAndDevelopmentExpenses": 0, "generalAndAdministrativeExpenses": 0, "sellingAndMarketingExpenses": 0, "sellingGeneralAndAdministrativeExpenses": 1420967000, "otherExpenses": 774500000, "operatingExpenses": 2195467000, "costAndExpenses": 3499638000, "interestIncome": 0, "interestExpense": 0, "depreciationAndAmortization": 667956000, "ebitda": 895705000, "ebitdaratio": 0.2407557382, "operatingIncome": 220751000, "operatingIncomeRatio": 0.059335462, "totalOtherIncomeExpensesNet": -6998000, "incomeBeforeTax": 149346000, "incomeBeforeTaxRatio": 0.0401425765, "incomeTaxExpense": 78651000, "netIncome": 49004000, "netIncomeRatio": 0.0131717409, "eps": 0.39, "epsdiluted": 0.39, "weightedAverageShsOut": 124561504, "weightedAverageShsOutDil": 125150658, "link": "https://www.sec.gov/Archives/edgar/data/1051512/000104746905006188/0001047469-05-006188-index.htm", "finalLink": "https://www.sec.gov/Archives/edgar/data/1051512/000104746905006188/a2152933z10-k.htm", "calculatedOtherExpenses": 774500000, "calculatedOperatingExpenses": 2195467000, "calculatedNetInterest": 0, "calculatedOtherIncome": -71405000, "calculatedIncomeNonControlling": 21691000, "calculatedEbitda": 888707000}, {"date": "2003-12-31", "symbol": "TDS", "reportedCurrency": "USD", "cik": "0001051512", "fillingDate": "2004-03-12", "acceptedDate": "2004-03-11 20:40:34", "calendarYear": "2003", "period": "FY", "revenue": 3445216000, "costOfRevenue": 1182885000, "grossProfit": 2262331000, "grossProfitRatio": 0.6566586826, "researchAndDevelopmentExpenses": 0, "generalAndAdministrativeExpenses": 0, "sellingAndMarketingExpenses": 0, "sellingGeneralAndAdministrativeExpenses": 1298294000, "otherExpenses": 648493000, "operatingExpenses": 1946787000, "costAndExpenses": 3129672000, "interestIncome": 0, "interestExpense": 92048000, "depreciationAndAmortization": 595732000, "ebitda": 956650000, "ebitdaratio": 0.2776748976, "operatingIncome": 315544000, "operatingIncomeRatio": 0.0915890324, "totalOtherIncomeExpensesNet": -45374000, "incomeBeforeTax": 178392000, "incomeBeforeTaxRatio": 0.0517796272, "incomeTaxExpense": 79892000, "netIncome": 61490000, "netIncomeRatio": 0.0178479375, "eps": 0.49, "epsdiluted": 0.49, "weightedAverageShsOut": 125485454, "weightedAverageShsOutDil": 125485454, "link": "https://www.sec.gov/Archives/edgar/data/1051512/000104746904007560/0001047469-04-007560-index.htm", "finalLink": "https://www.sec.gov/Archives/edgar/data/1051512/000104746904007560/a2129467z10-k.htm", "calculatedOtherExpenses": 648493000, "calculatedOperatingExpenses": 1946787000, "calculatedNetInterest": -92048000, "calculatedOtherIncome": -45104000, "calculatedIncomeNonControlling": 37010000, "calculatedEbitda": 911276000}, {"date": "2002-12-31", "symbol": "TDS", "reportedCurrency": "USD", "cik": "0001051512", "fillingDate": "2003-03-20", "acceptedDate": "2003-03-20 16:44:28", "calendarYear": "2002", "period": "FY", "revenue": 2985366000, "costOfRevenue": 2599011000, "grossProfit": 386355000, "grossProfitRatio": 0.1294162927, "researchAndDevelopmentExpenses": 0, "generalAndAdministrativeExpenses": 0, "sellingAndMarketingExpenses": 0, "sellingGeneralAndAdministrativeExpenses": 0, "otherExpenses": 0, "operatingExpenses": 984951000, "costAndExpenses": 2599011000, "interestIncome": 0, "interestExpense": 101062000, "depreciationAndAmortization": 510445000, "ebitda": 2739120000, "ebitdaratio": 0.9175156413, "operatingIncome": 386355000, "operatingIncomeRatio": 0.1294162927, "totalOtherIncomeExpensesNet": -1842320000, "incomeBeforeTax": -1555669000, "incomeBeforeTaxRatio": -0.5210982506, "incomeTaxExpense": -577000000, "netIncome": -984371000, "netIncomeRatio": -0.3297320998, "eps": -7.72, "epsdiluted": -7.72, "weightedAverageShsOut": 127492056, "weightedAverageShsOutDil": 127492056, "link": "https://www.sec.gov/Archives/edgar/data/1051512/000104746903009440/0001047469-03-009440-index.htm", "finalLink": "https://www.sec.gov/Archives/edgar/data/1051512/000104746903009440/a2103557z10-k.htm", "calculatedOtherExpenses": 0, "calculatedOperatingExpenses": 0, "calculatedNetInterest": -101062000, "calculatedOtherIncome": -1840962000, "calculatedIncomeNonControlling": 5702000, "calculatedEbitda": 896800000}, {"date": "2001-12-31", "symbol": "TDS", "reportedCurrency": "USD", "cik": "0001051512", "fillingDate": "2002-03-27", "acceptedDate": "2002-03-27 00:00:00", "calendarYear": "2001", "period": "FY", "revenue": 2588542000, "costOfRevenue": 2152387000, "grossProfit": 436155000, "grossProfitRatio": 0.1684944652, "researchAndDevelopmentExpenses": 0, "generalAndAdministrativeExpenses": 0, "sellingAndMarketingExpenses": 0, "sellingGeneralAndAdministrativeExpenses": 0, "otherExpenses": 1263000, "operatingExpenses": 1263000, "costAndExpenses": 2153650000, "interestIncome": 0, "interestExpense": 93334000, "depreciationAndAmortization": 450019000, "ebitda": 1418685000, "ebitdaratio": 0.5480633499, "operatingIncome": 434892000, "operatingIncomeRatio": 0.1680065458, "totalOtherIncomeExpensesNet": -533774000, "incomeBeforeTax": -172000000, "incomeBeforeTaxRatio": -0.0664466715, "incomeTaxExpense": -44908000, "netIncome": -198055000, "netIncomeRatio": -0.0765121833, "eps": -1.55, "epsdiluted": -1.55, "weightedAverageShsOut": 127527927, "weightedAverageShsOutDil": 127527927, "link": "https://www.sec.gov/Archives/edgar/data/1051512/000091205702011942/0000912057-02-011942-index.htm", "finalLink": "https://www.sec.gov/Archives/edgar/data/1051512/000091205702011942/a2072500z10-k405.htm", "calculatedOtherExpenses": 1263000, "calculatedOperatingExpenses": 1263000, "calculatedNetInterest": -93334000, "calculatedOtherIncome": -513558000, "calculatedIncomeNonControlling": 70963000, "calculatedEbitda": 884911000}, {"date": "2000-12-31", "symbol": "TDS", "reportedCurrency": "USD", "cik": "0001051512", "fillingDate": "2001-03-28", "acceptedDate": "2001-03-28 00:00:00", "calendarYear": "2000", "period": "FY", "revenue": 2326856000, "costOfRevenue": 1507647000, "grossProfit": 819209000, "grossProfitRatio": 0.3520669092, "researchAndDevelopmentExpenses": 0, "generalAndAdministrativeExpenses": 0, "sellingAndMarketingExpenses": 0, "sellingGeneralAndAdministrativeExpenses": 0, "otherExpenses": 399143000, "operatingExpenses": 399143000, "costAndExpenses": 1906790000, "interestIncome": 0, "interestExpense": 100736000, "depreciationAndAmortization": 399143000, "ebitda": 834534000, "ebitdaratio": 0.3586530494, "operatingIncome": 420066000, "operatingIncomeRatio": 0.1805294354, "totalOtherIncomeExpensesNet": -15325000, "incomeBeforeTax": 295008000, "incomeBeforeTaxRatio": 0.1267839523, "incomeTaxExpense": 149481000, "netIncome": 2237002000, "netIncomeRatio": 0.9613839447, "eps": 17.17, "epsdiluted": 16.97, "weightedAverageShsOut": 130270428, "weightedAverageShsOutDil": 131822664, "link": "https://www.sec.gov/Archives/edgar/data/1051512/000091205701008587/0000912057-01-008587-index.htm", "finalLink": "https://www.sec.gov/Archives/edgar/data/1051512/000091205701008587/a2040614z10-k.htm", "calculatedOtherExpenses": 399143000, "calculatedOperatingExpenses": 399143000, "calculatedNetInterest": -100736000, "calculatedOtherIncome": -24322000, "calculatedIncomeNonControlling": -2091475000, "calculatedEbitda": 819209000}, {"date": "1999-12-31", "symbol": "TDS", "reportedCurrency": "USD", "cik": "0001051512", "fillingDate": "2000-03-30", "acceptedDate": "2000-03-30 00:00:00", "calendarYear": "1999", "period": "FY", "revenue": 1963100000, "costOfRevenue": 1252300000, "grossProfit": 710800000, "grossProfitRatio": 0.3620803831, "researchAndDevelopmentExpenses": 0, "generalAndAdministrativeExpenses": 0, "sellingAndMarketingExpenses": 0, "sellingGeneralAndAdministrativeExpenses": 0, "otherExpenses": 353300000, "operatingExpenses": 353300000, "costAndExpenses": 1605600000, "interestIncome": 0, "interestExpense": 0, "depreciationAndAmortization": 353300000, "ebitda": 409900000, "ebitdaratio": 0.2088024044, "operatingIncome": 357500000, "operatingIncomeRatio": 0.1821099282, "totalOtherIncomeExpensesNet": 300900000, "incomeBeforeTax": 542400000, "incomeBeforeTaxRatio": 0.2762976924, "incomeTaxExpense": 228200000, "netIncome": 230000000, "netIncomeRatio": 0.1171616321, "eps": 2.2, "epsdiluted": 2.17, "weightedAverageShsOut": 104433817, "weightedAverageShsOutDil": 105856621, "link": "https://www.sec.gov/Archives/edgar/data/1051512/000091205700014576/0000912057-00-014576-index.html", "finalLink": "https://www.sec.gov/Archives/edgar/data/1051512/000091205700014576/", "calculatedOtherExpenses": 353300000, "calculatedOperatingExpenses": 353300000, "calculatedNetInterest": 0, "calculatedOtherIncome": 184900000, "calculatedIncomeNonControlling": 84200000, "calculatedEbitda": 710800000}, {"date": "1998-12-31", "symbol": "TDS", "reportedCurrency": "USD", "cik": "0001051512", "fillingDate": "1999-03-31", "acceptedDate": "1999-03-31 00:00:00", "calendarYear": "1998", "period": "FY", "revenue": 1805700000, "costOfRevenue": 1417100000, "grossProfit": 388600000, "grossProfitRatio": 0.2152073988, "researchAndDevelopmentExpenses": 0, "generalAndAdministrativeExpenses": 0, "sellingAndMarketingExpenses": 0, "sellingGeneralAndAdministrativeExpenses": 0, "otherExpenses": 409500000, "operatingExpenses": 409500000, "costAndExpenses": 1826600000, "interestIncome": 0, "interestExpense": 0, "depreciationAndAmortization": 409500000, "ebitda": 84100000, "ebitdaratio": 0.0465747356, "operatingIncome": -20900000, "operatingIncomeRatio": -0.0115744587, "totalOtherIncomeExpensesNet": 304500000, "incomeBeforeTax": 133700000, "incomeBeforeTaxRatio": 0.0740433073, "incomeTaxExpense": 69300000, "netIncome": 64400000, "netIncomeRatio": 0.0356648391, "eps": 0.4, "epsdiluted": 0.39, "weightedAverageShsOut": 161466990, "weightedAverageShsOutDil": 164664356, "link": "https://www.sec.gov/Archives/edgar/data/1051512/000104746999012604/0001047469-99-012604-index.html", "finalLink": "https://www.sec.gov/Archives/edgar/data/1051512/", "calculatedOtherExpenses": 409500000, "calculatedOperatingExpenses": 409500000, "calculatedNetInterest": 0, "calculatedOtherIncome": 154600000, "calculatedIncomeNonControlling": 0, "calculatedEbitda": 388600000}, {"date": "1997-12-31", "symbol": "TDS", "reportedCurrency": "USD", "cik": "0001051512", "fillingDate": "1997-12-31", "acceptedDate": "1997-12-30 19:00:00", "calendarYear": "1997", "period": "FY", "revenue": 1471500000, "costOfRevenue": 1173600000, "grossProfit": 297900000, "grossProfitRatio": 0.2024464832, "researchAndDevelopmentExpenses": 0, "generalAndAdministrativeExpenses": 0, "sellingAndMarketingExpenses": 0, "sellingGeneralAndAdministrativeExpenses": 0, "otherExpenses": 301600000, "operatingExpenses": 301600000, "costAndExpenses": 1475200000, "interestIncome": 0, "interestExpense": 0, "depreciationAndAmortization": 301600000, "ebitda": 183900000, "ebitdaratio": 0.1249745158, "operatingIncome": -3700000, "operatingIncomeRatio": -0.002514441, "totalOtherIncomeExpensesNet": 114000000, "incomeBeforeTax": 19100000, "incomeBeforeTaxRatio": 0.0129799524, "incomeTaxExpense": 28600000, "netIncome": -9500000, "netIncomeRatio": -0.0064559973, "eps": -0.0722, "epsdiluted": -0.0722, "weightedAverageShsOut": 131584211, "weightedAverageShsOutDil": 131584211, "link": "", "finalLink": "", "calculatedOtherExpenses": 301600000, "calculatedOperatingExpenses": 301600000, "calculatedNetInterest": 0, "calculatedOtherIncome": 22800000, "calculatedIncomeNonControlling": 0, "calculatedEbitda": 297900000}, {"date": "1996-12-31", "symbol": "TDS", "reportedCurrency": "USD", "cik": "0001051512", "fillingDate": "1996-12-31", "acceptedDate": "1996-12-30 19:00:00", "calendarYear": "1996", "period": "FY", "revenue": 1214600000, "costOfRevenue": 828900000, "grossProfit": 385700000, "grossProfitRatio": 0.3175531039, "researchAndDevelopmentExpenses": 0, "generalAndAdministrativeExpenses": 0, "sellingAndMarketingExpenses": 0, "sellingGeneralAndAdministrativeExpenses": 0, "otherExpenses": 231600000, "operatingExpenses": 231600000, "costAndExpenses": 1060500000, "interestIncome": 0, "interestExpense": 0, "depreciationAndAmortization": 231600000, "ebitda": 218500000, "ebitdaratio": 0.1798946155, "operatingIncome": 154100000, "operatingIncomeRatio": 0.1268730446, "totalOtherIncomeExpensesNet": 167200000, "incomeBeforeTax": 251700000, "incomeBeforeTaxRatio": 0.2072287173, "incomeTaxExpense": 123600000, "netIncome": 128100000, "netIncomeRatio": 0.1054668204, "eps": 0.98, "epsdiluted": 0.97, "weightedAverageShsOut": 131168134, "weightedAverageShsOutDil": 132435459, "link": "", "finalLink": "", "calculatedOtherExpenses": 231600000, "calculatedOperatingExpenses": 231600000, "calculatedNetInterest": 0, "calculatedOtherIncome": 97600000, "calculatedIncomeNonControlling": 0, "calculatedEbitda": 385700000}, {"date": "1995-12-31", "symbol": "TDS", "reportedCurrency": "USD", "cik": "0001051512", "fillingDate": "1995-12-31", "acceptedDate": "1995-12-30 19:00:00", "calendarYear": "1995", "period": "FY", "revenue": 954400000, "costOfRevenue": 621300000, "grossProfit": 333100000, "grossProfitRatio": 0.349015088, "researchAndDevelopmentExpenses": 0, "generalAndAdministrativeExpenses": 0, "sellingAndMarketingExpenses": 0, "sellingGeneralAndAdministrativeExpenses": 0, "otherExpenses": 201100000, "operatingExpenses": 201100000, "costAndExpenses": 822400000, "interestIncome": 0, "interestExpense": 0, "depreciationAndAmortization": 201100000, "ebitda": 203400000, "ebitdaratio": 0.2131181894, "operatingIncome": 132000000, "operatingIncomeRatio": 0.1383067896, "totalOtherIncomeExpensesNet": 129700000, "incomeBeforeTax": 185000000, "incomeBeforeTaxRatio": 0.1938390612, "incomeTaxExpense": 81000000, "netIncome": 104000000, "netIncomeRatio": 0.1089689858, "eps": 0.82, "epsdiluted": 0.82, "weightedAverageShsOut": 126816667, "weightedAverageShsOutDil": 126816667, "link": "", "finalLink": "", "calculatedOtherExpenses": 201100000, "calculatedOperatingExpenses": 201100000, "calculatedNetInterest": 0, "calculatedOtherIncome": 53000000, "calculatedIncomeNonControlling": 0, "calculatedEbitda": 333100000}, {"date": "1994-12-31", "symbol": "TDS", "reportedCurrency": "USD", "cik": "0001051512", "fillingDate": "1994-12-31", "acceptedDate": "1994-12-30 19:00:00", "calendarYear": "1994", "period": "FY", "revenue": 730800000, "costOfRevenue": 460200000, "grossProfit": 270600000, "grossProfitRatio": 0.3702791461, "researchAndDevelopmentExpenses": 0, "generalAndAdministrativeExpenses": 0, "sellingAndMarketingExpenses": 0, "sellingGeneralAndAdministrativeExpenses": 0, "otherExpenses": 161800000, "operatingExpenses": 161800000, "costAndExpenses": 622000000, "interestIncome": 0, "interestExpense": 0, "depreciationAndAmortization": 161800000, "ebitda": 227800000, "ebitdaratio": 0.311713191, "operatingIncome": 108800000, "operatingIncomeRatio": 0.148877942, "totalOtherIncomeExpensesNet": 42800000, "incomeBeforeTax": 101200000, "incomeBeforeTaxRatio": 0.1384783799, "incomeTaxExpense": 40700000, "netIncome": 59800000, "netIncomeRatio": 0.0818281336, "eps": 0.5, "epsdiluted": 0.5, "weightedAverageShsOut": 118954717, "weightedAverageShsOutDil": 118954717, "link": "", "finalLink": "", "calculatedOtherExpenses": 161800000, "calculatedOperatingExpenses": 161800000, "calculatedNetInterest": 0, "calculatedOtherIncome": -7600000, "calculatedIncomeNonControlling": 700000, "calculatedEbitda": 270600000}, {"date": "1993-12-31", "symbol": "TDS", "reportedCurrency": "USD", "cik": "0001051512", "fillingDate": "1993-12-31", "acceptedDate": "1993-12-30 19:00:00", "calendarYear": "1993", "period": "FY", "revenue": 590700000, "costOfRevenue": 393500000, "grossProfit": 197200000, "grossProfitRatio": 0.3338412053, "researchAndDevelopmentExpenses": 0, "generalAndAdministrativeExpenses": 0, "sellingAndMarketingExpenses": 0, "sellingGeneralAndAdministrativeExpenses": 0, "otherExpenses": 127500000, "operatingExpenses": 127500000, "costAndExpenses": 521000000, "interestIncome": 0, "interestExpense": 0, "depreciationAndAmortization": 127500000, "ebitda": 168600000, "ebitdaratio": 0.2854240731, "operatingIncome": 69700000, "operatingIncomeRatio": 0.1179955984, "totalOtherIncomeExpensesNet": 28600000, "incomeBeforeTax": 60400000, "incomeBeforeTaxRatio": 0.1022515659, "incomeTaxExpense": 26500000, "netIncome": 33900000, "netIncomeRatio": 0.0573895378, "eps": 0.33, "epsdiluted": 0.33, "weightedAverageShsOut": 102210448, "weightedAverageShsOutDil": 102210448, "link": "", "finalLink": "", "calculatedOtherExpenses": 127500000, "calculatedOperatingExpenses": 127500000, "calculatedNetInterest": 0, "calculatedOtherIncome": -9300000, "calculatedIncomeNonControlling": 0, "calculatedEbitda": 197200000}, {"date": "1992-12-31", "symbol": "TDS", "reportedCurrency": "USD", "cik": "0001051512", "fillingDate": "1992-12-31", "acceptedDate": "1992-12-30 19:00:00", "calendarYear": "1992", "period": "FY", "revenue": 456100000, "costOfRevenue": 303100000, "grossProfit": 153000000, "grossProfitRatio": 0.3354527516, "researchAndDevelopmentExpenses": 0, "generalAndAdministrativeExpenses": 0, "sellingAndMarketingExpenses": 0, "sellingGeneralAndAdministrativeExpenses": 0, "otherExpenses": 99000000, "operatingExpenses": 99000000, "costAndExpenses": 402100000, "interestIncome": 0, "interestExpense": 0, "depreciationAndAmortization": 99000000, "ebitda": 102500000, "ebitdaratio": 0.2247314185, "operatingIncome": 54000000, "operatingIncomeRatio": 0.1183950888, "totalOtherIncomeExpensesNet": 50500000, "incomeBeforeTax": 68300000, "incomeBeforeTaxRatio": 0.1497478623, "incomeTaxExpense": 29800000, "netIncome": 30800000, "netIncomeRatio": 0.0675290506, "eps": 0.36, "epsdiluted": 0.36, "weightedAverageShsOut": 86356111, "weightedAverageShsOutDil": 86356111, "link": "", "finalLink": "", "calculatedOtherExpenses": 99000000, "calculatedOperatingExpenses": 99000000, "calculatedNetInterest": 0, "calculatedOtherIncome": 14300000, "calculatedIncomeNonControlling": 7700000, "calculatedEbitda": 153000000}, {"date": "1991-12-31", "symbol": "TDS", "reportedCurrency": "USD", "cik": "0001051512", "fillingDate": "1991-12-31", "acceptedDate": "1991-12-30 19:00:00", "calendarYear": "1991", "period": "FY", "revenue": 354000000, "costOfRevenue": 236700000, "grossProfit": 117300000, "grossProfitRatio": 0.3313559322, "researchAndDevelopmentExpenses": 0, "generalAndAdministrativeExpenses": 0, "sellingAndMarketingExpenses": 0, "sellingGeneralAndAdministrativeExpenses": 0, "otherExpenses": 76800000, "operatingExpenses": 76800000, "costAndExpenses": 313500000, "interestIncome": 0, "interestExpense": 0, "depreciationAndAmortization": 76800000, "ebitda": 92700000, "ebitdaratio": 0.2618644068, "operatingIncome": 40500000, "operatingIncomeRatio": 0.1144067797, "totalOtherIncomeExpensesNet": 24600000, "incomeBeforeTax": 36000000, "incomeBeforeTaxRatio": 0.1016949153, "incomeTaxExpense": 14900000, "netIncome": 21100000, "netIncomeRatio": 0.0596045198, "eps": 0.3, "epsdiluted": 0.3, "weightedAverageShsOut": 71484068, "weightedAverageShsOutDil": 71484068, "link": "", "finalLink": "", "calculatedOtherExpenses": 76800000, "calculatedOperatingExpenses": 76800000, "calculatedNetInterest": 0, "calculatedOtherIncome": -4500000, "calculatedIncomeNonControlling": 0, "calculatedEbitda": 117300000}, {"date": "1990-12-31", "symbol": "TDS", "reportedCurrency": "USD", "cik": "0001051512", "fillingDate": "1990-12-31", "acceptedDate": "1990-12-30 19:00:00", "calendarYear": "1990", "period": "FY", "revenue": 294600000, "costOfRevenue": 184600000, "grossProfit": 110000000, "grossProfitRatio": 0.3733876443, "researchAndDevelopmentExpenses": 0, "generalAndAdministrativeExpenses": 0, "sellingAndMarketingExpenses": 0, "sellingGeneralAndAdministrativeExpenses": 0, "otherExpenses": 62900000, "operatingExpenses": 62900000, "costAndExpenses": 247500000, "interestIncome": 0, "interestExpense": 0, "depreciationAndAmortization": 62900000, "ebitda": 93300000, "ebitdaratio": 0.316700611, "operatingIncome": 47100000, "operatingIncomeRatio": 0.1598778004, "totalOtherIncomeExpensesNet": 16700000, "incomeBeforeTax": 43600000, "incomeBeforeTaxRatio": 0.1479972845, "incomeTaxExpense": 16400000, "netIncome": 27200000, "netIncomeRatio": 0.0923285811, "eps": 0.41, "epsdiluted": 0.41, "weightedAverageShsOut": 65725581, "weightedAverageShsOutDil": 65725581, "link": "", "finalLink": "", "calculatedOtherExpenses": 62900000, "calculatedOperatingExpenses": 62900000, "calculatedNetInterest": 0, "calculatedOtherIncome": -3500000, "calculatedIncomeNonControlling": 0, "calculatedEbitda": 110000000}, {"date": "1989-12-31", "symbol": "TDS", "reportedCurrency": "USD", "cik": "0001051512", "fillingDate": "1989-12-31", "acceptedDate": "1989-12-30 19:00:00", "calendarYear": "1989", "period": "FY", "revenue": 239700000, "costOfRevenue": 158300000, "grossProfit": 81400000, "grossProfitRatio": 0.3395911556, "researchAndDevelopmentExpenses": 0, "generalAndAdministrativeExpenses": 0, "sellingAndMarketingExpenses": 0, "sellingGeneralAndAdministrativeExpenses": 0, "otherExpenses": 53300000, "operatingExpenses": 53300000, "costAndExpenses": 211600000, "interestIncome": 0, "interestExpense": 0, "depreciationAndAmortization": 53300000, "ebitda": 73300000, "ebitdaratio": 0.3057989153, "operatingIncome": 28100000, "operatingIncomeRatio": 0.1172298707, "totalOtherIncomeExpensesNet": 8100000, "incomeBeforeTax": 19000000, "incomeBeforeTaxRatio": 0.0792657489, "incomeTaxExpense": 7900000, "netIncome": 11100000, "netIncomeRatio": 0.0463078849, "eps": 0.18, "epsdiluted": 0.18, "weightedAverageShsOut": 60872000, "weightedAverageShsOutDil": 60872000, "link": "", "finalLink": "", "calculatedOtherExpenses": 53300000, "calculatedOperatingExpenses": 53300000, "calculatedNetInterest": 0, "calculatedOtherIncome": -9100000, "calculatedIncomeNonControlling": 0, "calculatedEbitda": 81400000}, {"date": "1988-12-31", "symbol": "TDS", "reportedCurrency": "USD", "cik": "0001051512", "fillingDate": "1988-12-31", "acceptedDate": "1988-12-30 19:00:00", "calendarYear": "1988", "period": "FY", "revenue": 196300000, "costOfRevenue": 122200000, "grossProfit": 74100000, "grossProfitRatio": 0.3774834437, "researchAndDevelopmentExpenses": 0, "generalAndAdministrativeExpenses": 0, "sellingAndMarketingExpenses": 0, "sellingGeneralAndAdministrativeExpenses": 0, "otherExpenses": 44100000, "operatingExpenses": 44100000, "costAndExpenses": 166300000, "interestIncome": 0, "interestExpense": 0, "depreciationAndAmortization": 44100000, "ebitda": 64900000, "ebitdaratio": 0.3306164035, "operatingIncome": 30000000, "operatingIncomeRatio": 0.1528273051, "totalOtherIncomeExpensesNet": 9200000, "incomeBeforeTax": 17900000, "incomeBeforeTaxRatio": 0.0911869587, "incomeTaxExpense": 7300000, "netIncome": 11300000, "netIncomeRatio": 0.0575649516, "eps": 0.21, "epsdiluted": 0.21, "weightedAverageShsOut": 52580465, "weightedAverageShsOutDil": 52580465, "link": "", "finalLink": "", "calculatedOtherExpenses": 44100000, "calculatedOperatingExpenses": 44100000, "calculatedNetInterest": 0, "calculatedOtherIncome": -12100000, "calculatedIncomeNonControlling": -700000, "calculatedEbitda": 74100000}, {"date": "1987-12-31", "symbol": "TDS", "reportedCurrency": "USD", "cik": "0001051512", "fillingDate": "1987-12-31", "acceptedDate": "1987-12-30 19:00:00", "calendarYear": "1987", "period": "FY", "revenue": 174600000, "costOfRevenue": 52700000, "grossProfit": 121900000, "grossProfitRatio": 0.6981672394, "researchAndDevelopmentExpenses": 0, "generalAndAdministrativeExpenses": 0, "sellingAndMarketingExpenses": 0, "sellingGeneralAndAdministrativeExpenses": 45700000, "otherExpenses": 45500000, "operatingExpenses": 91200000, "costAndExpenses": 143900000, "interestIncome": 0, "interestExpense": 0, "depreciationAndAmortization": 38600000, "ebitda": 60800000, "ebitdaratio": 0.3482245132, "operatingIncome": 30700000, "operatingIncomeRatio": 0.1758304696, "totalOtherIncomeExpensesNet": 8500000, "incomeBeforeTax": 19500000, "incomeBeforeTaxRatio": 0.1116838488, "incomeTaxExpense": 8200000, "netIncome": 12500000, "netIncomeRatio": 0.0715922108, "eps": 0.26, "epsdiluted": 0.26, "weightedAverageShsOut": 48496923, "weightedAverageShsOutDil": 48496923, "link": "", "finalLink": "", "calculatedOtherExpenses": 45500000, "calculatedOperatingExpenses": 91200000, "calculatedNetInterest": 0, "calculatedOtherIncome": -11200000, "calculatedIncomeNonControlling": -1200000, "calculatedEbitda": 69300000}, {"date": "1986-12-31", "symbol": "TDS", "reportedCurrency": "USD", "cik": "0001051512", "fillingDate": "1986-12-31", "acceptedDate": "1986-12-30 19:00:00", "calendarYear": "1986", "period": "FY", "revenue": 155000000, "costOfRevenue": 50500000, "grossProfit": 104500000, "grossProfitRatio": 0.6741935484, "researchAndDevelopmentExpenses": 0, "generalAndAdministrativeExpenses": 0, "sellingAndMarketingExpenses": 0, "sellingGeneralAndAdministrativeExpenses": 36200000, "otherExpenses": 41300000, "operatingExpenses": 77500000, "costAndExpenses": 128000000, "interestIncome": 0, "interestExpense": 0, "depreciationAndAmortization": 34000000, "ebitda": 55700000, "ebitdaratio": 0.3593548387, "operatingIncome": 27000000, "operatingIncomeRatio": 0.1741935484, "totalOtherIncomeExpensesNet": 5300000, "incomeBeforeTax": 13700000, "incomeBeforeTaxRatio": 0.0883870968, "incomeTaxExpense": 3900000, "netIncome": 14500000, "netIncomeRatio": 0.0935483871, "eps": 0.31, "epsdiluted": 0.31, "weightedAverageShsOut": 46197500, "weightedAverageShsOutDil": 46197500, "link": "", "finalLink": "", "calculatedOtherExpenses": 41300000, "calculatedOperatingExpenses": 77500000, "calculatedNetInterest": 0, "calculatedOtherIncome": -13300000, "calculatedIncomeNonControlling": -4700000, "calculatedEbitda": 61000000}, {"date": "1985-12-31", "symbol": "TDS", "reportedCurrency": "USD", "cik": "0001051512", "fillingDate": "1985-12-31", "acceptedDate": "1985-12-30 19:00:00", "calendarYear": "1985", "period": "FY", "revenue": 119100000, "costOfRevenue": 34000000, "grossProfit": 85100000, "grossProfitRatio": 0.7145256087, "researchAndDevelopmentExpenses": 0, "generalAndAdministrativeExpenses": 0, "sellingAndMarketingExpenses": 0, "sellingGeneralAndAdministrativeExpenses": 39100000, "otherExpenses": 20800000, "operatingExpenses": 59900000, "costAndExpenses": 93900000, "interestIncome": 0, "interestExpense": 0, "depreciationAndAmortization": 20800000, "ebitda": 40700000, "ebitdaratio": 0.341729639, "operatingIncome": 25200000, "operatingIncomeRatio": 0.2115869018, "totalOtherIncomeExpensesNet": 5300000, "incomeBeforeTax": 12800000, "incomeBeforeTaxRatio": 0.107472712, "incomeTaxExpense": 3500000, "netIncome": 8600000, "netIncomeRatio": 0.0722082284, "eps": 0.17, "epsdiluted": 0.17, "weightedAverageShsOut": 49201053, "weightedAverageShsOutDil": 49201053, "link": "", "finalLink": "", "calculatedOtherExpenses": 20800000, "calculatedOperatingExpenses": 59900000, "calculatedNetInterest": 0, "calculatedOtherIncome": -12400000, "calculatedIncomeNonControlling": 700000, "calculatedEbitda": 46000000}]}