{"originalCurrency": "USD", "convertedCurrency": "USD", "report": [{"date": "2023-12-31", "symbol": "TDW", "reportedCurrency": "USD", "cik": "0000098222", "fillingDate": "2024-02-29", "acceptedDate": "2024-02-29 16:30:03", "calendarYear": "2023", "period": "FY", "revenue": 1009985000, "costOfRevenue": 741188000, "grossProfit": 268797000, "grossProfitRatio": 0.2661395961, "researchAndDevelopmentExpenses": 0, "generalAndAdministrativeExpenses": 94193000, "sellingAndMarketingExpenses": 0, "sellingGeneralAndAdministrativeExpenses": 94193000, "otherExpenses": 171630000, "operatingExpenses": 94193000, "costAndExpenses": 835381000, "interestIncome": 6517000, "interestExpense": 48472000, "depreciationAndAmortization": 180331000, "ebitda": 354935000, "ebitdaratio": 0.3514260113, "operatingIncome": 174604000, "operatingIncomeRatio": 0.172877815, "totalOtherIncomeExpensesNet": -35675000, "incomeBeforeTax": 138929000, "incomeBeforeTaxRatio": 0.1375555083, "incomeTaxExpense": 43308000, "netIncome": 97185000, "netIncomeRatio": 0.0962242013, "eps": 1.88, "epsdiluted": 1.84, "weightedAverageShsOut": 51591000, "weightedAverageShsOutDil": 52937000, "link": "https://www.sec.gov/Archives/edgar/data/98222/000143774924006108/0001437749-24-006108-index.htm", "finalLink": "https://www.sec.gov/Archives/edgar/data/98222/000143774924006108/tdw20231231_10k.htm", "calculatedOtherExpenses": 0, "calculatedOperatingExpenses": 94193000, "calculatedNetInterest": -41955000, "calculatedOtherIncome": 6280000, "calculatedIncomeNonControlling": -1564000, "calculatedEbitda": 354935000}, {"date": "2022-12-31", "symbol": "TDW", "reportedCurrency": "USD", "cik": "0000098222", "fillingDate": "2023-02-28", "acceptedDate": "2023-02-27 19:35:30", "calendarYear": "2022", "period": "FY", "revenue": 647684000, "costOfRevenue": 518591000, "grossProfit": 129093000, "grossProfitRatio": 0.1993147893, "researchAndDevelopmentExpenses": 0, "generalAndAdministrativeExpenses": 99896000, "sellingAndMarketingExpenses": 0, "sellingGeneralAndAdministrativeExpenses": 99896000, "otherExpenses": 0, "operatingExpenses": 99896000, "costAndExpenses": 618487000, "interestIncome": 5397000, "interestExpense": 17189000, "depreciationAndAmortization": 83522000, "ebitda": 117895000, "ebitdaratio": 0.1820254939, "operatingIncome": 26708000, "operatingIncomeRatio": 0.0412361584, "totalOtherIncomeExpensesNet": -19712000, "incomeBeforeTax": -2307000, "incomeBeforeTaxRatio": -0.0035619222, "incomeTaxExpense": 19886000, "netIncome": -21749000, "netIncomeRatio": -0.0335796469, "eps": -0.49, "epsdiluted": -0.49, "weightedAverageShsOut": 44132000, "weightedAverageShsOutDil": 44132000, "link": "https://www.sec.gov/Archives/edgar/data/98222/000143774923004829/0001437749-23-004829-index.htm", "finalLink": "https://www.sec.gov/Archives/edgar/data/98222/000143774923004829/tdw20221231b_10k.htm", "calculatedOtherExpenses": 2489000, "calculatedOperatingExpenses": 102385000, "calculatedNetInterest": -11792000, "calculatedOtherIncome": -17223000, "calculatedIncomeNonControlling": -444000, "calculatedEbitda": 110230000}, {"date": "2021-12-31", "symbol": "TDW", "reportedCurrency": "USD", "cik": "0000098222", "fillingDate": "2022-03-09", "acceptedDate": "2022-03-09 17:24:01", "calendarYear": "2021", "period": "FY", "revenue": 371033000, "costOfRevenue": 378589000, "grossProfit": -7556000, "grossProfitRatio": -0.0203647654, "researchAndDevelopmentExpenses": 0, "generalAndAdministrativeExpenses": 68171000, "sellingAndMarketingExpenses": 0, "sellingGeneralAndAdministrativeExpenses": 68171000, "otherExpenses": 0, "operatingExpenses": 68171000, "costAndExpenses": 446760000, "interestIncome": 1605000, "interestExpense": 15583000, "depreciationAndAmortization": 73223000, "ebitda": -4221000, "ebitdaratio": -0.0113763466, "operatingIncome": -95016000, "operatingIncomeRatio": -0.2560850383, "totalOtherIncomeExpensesNet": -34080000, "incomeBeforeTax": -123785000, "incomeBeforeTaxRatio": -0.3336226158, "incomeTaxExpense": 5875000, "netIncome": -128969000, "netIncomeRatio": -0.3475944188, "eps": -3.14, "epsdiluted": -3.14, "weightedAverageShsOut": 41008907, "weightedAverageShsOutDil": 41008907, "link": "https://www.sec.gov/Archives/edgar/data/98222/000143774922005725/0001437749-22-005725-index.htm", "finalLink": "https://www.sec.gov/Archives/edgar/data/98222/000143774922005725/tdw20211231_10k.htm", "calculatedOtherExpenses": 19289000, "calculatedOperatingExpenses": 87460000, "calculatedNetInterest": -13978000, "calculatedOtherIncome": -14791000, "calculatedIncomeNonControlling": -691000, "calculatedEbitda": -21793000}, {"date": "2020-12-31", "symbol": "TDW", "reportedCurrency": "USD", "cik": "0000098222", "fillingDate": "2021-03-04", "acceptedDate": "2021-03-04 17:26:56", "calendarYear": "2020", "period": "FY", "revenue": 397038000, "costOfRevenue": 388894000, "grossProfit": 8144000, "grossProfitRatio": 0.0205118905, "researchAndDevelopmentExpenses": 0, "generalAndAdministrativeExpenses": 71940000, "sellingAndMarketingExpenses": 0, "sellingGeneralAndAdministrativeExpenses": 71940000, "otherExpenses": -2000000, "operatingExpenses": 71940000, "costAndExpenses": 460834000, "interestIncome": 1228000, "interestExpense": 24156000, "depreciationAndAmortization": 73030000, "ebitda": 8626000, "ebitdaratio": 0.0217258801, "operatingIncome": -186802000, "operatingIncomeRatio": -0.4704889708, "totalOtherIncomeExpensesNet": -110937000, "incomeBeforeTax": -197661000, "incomeBeforeTaxRatio": -0.4978389978, "incomeTaxExpense": -965000, "netIncome": -196242000, "netIncomeRatio": -0.4942650326, "eps": -4.86, "epsdiluted": -4.86, "weightedAverageShsOut": 40354638, "weightedAverageShsOutDil": 40354638, "link": "https://www.sec.gov/Archives/edgar/data/98222/000143774921005037/0001437749-21-005037-index.htm", "finalLink": "https://www.sec.gov/Archives/edgar/data/98222/000143774921005037/tdw20201231_10k.htm", "calculatedOtherExpenses": 123006000, "calculatedOperatingExpenses": 194946000, "calculatedNetInterest": -22928000, "calculatedOtherIncome": 12069000, "calculatedIncomeNonControlling": -454000, "calculatedEbitda": -113772000}, {"date": "2019-12-31", "symbol": "TDW", "reportedCurrency": "USD", "cik": "0000098222", "fillingDate": "2020-03-02", "acceptedDate": "2020-03-02 16:59:16", "calendarYear": "2019", "period": "FY", "revenue": 486549000, "costOfRevenue": 433927000, "grossProfit": 52622000, "grossProfitRatio": 0.1081535467, "researchAndDevelopmentExpenses": 0, "generalAndAdministrativeExpenses": 103716000, "sellingAndMarketingExpenses": 0, "sellingGeneralAndAdministrativeExpenses": 103716000, "otherExpenses": 0, "operatingExpenses": 103716000, "costAndExpenses": 537643000, "interestIncome": 6598000, "interestExpense": 29068000, "depreciationAndAmortization": 77045000, "ebitda": 29397000, "ebitdaratio": 0.0604194028, "operatingIncome": -86604000, "operatingIncomeRatio": -0.1779964608, "totalOtherIncomeExpensesNet": -39931000, "incomeBeforeTax": -113495000, "incomeBeforeTaxRatio": -0.2332653032, "incomeTaxExpense": 27724000, "netIncome": -141743000, "netIncomeRatio": -0.2913231761, "eps": -3.71, "epsdiluted": -3.71, "weightedAverageShsOut": 38204934, "weightedAverageShsOutDil": 38204934, "link": "https://www.sec.gov/Archives/edgar/data/98222/000156459020008191/0001564590-20-008191-index.htm", "finalLink": "https://www.sec.gov/Archives/edgar/data/98222/000156459020008191/tdw-10k_20191231.htm", "calculatedOtherExpenses": 35510000, "calculatedOperatingExpenses": 139226000, "calculatedNetInterest": -22470000, "calculatedOtherIncome": -4421000, "calculatedIncomeNonControlling": 524000, "calculatedEbitda": -9559000}, {"date": "2018-12-31", "symbol": "TDW", "reportedCurrency": "USD", "cik": "0000098222", "fillingDate": "2019-02-28", "acceptedDate": "2019-02-28 17:30:52", "calendarYear": "2018", "period": "FY", "revenue": 406520000, "costOfRevenue": 333403000, "grossProfit": 73117000, "grossProfitRatio": 0.1798607695, "researchAndDevelopmentExpenses": 0, "generalAndAdministrativeExpenses": 110023000, "sellingAndMarketingExpenses": 3002000, "sellingGeneralAndAdministrativeExpenses": 110023000, "otherExpenses": 0, "operatingExpenses": 110023000, "costAndExpenses": 443426000, "interestIncome": 11294000, "interestExpense": 30439000, "depreciationAndAmortization": 51332000, "ebitda": 6856000, "ebitdaratio": 0.0168650989, "operatingIncome": -107497000, "operatingIncomeRatio": -0.2644322543, "totalOtherIncomeExpensesNet": -97468000, "incomeBeforeTax": -153519000, "incomeBeforeTaxRatio": -0.3776419364, "incomeTaxExpense": 18252000, "netIncome": -171517000, "netIncomeRatio": -0.4219152809, "eps": -6.45, "epsdiluted": -6.45, "weightedAverageShsOut": 26589883, "weightedAverageShsOutDil": 26589883, "link": "https://www.sec.gov/Archives/edgar/data/98222/000156459019005545/0001564590-19-005545-index.htm", "finalLink": "https://www.sec.gov/Archives/edgar/data/98222/000156459019005545/tdw-10k_20181231.htm", "calculatedOtherExpenses": 70591000, "calculatedOperatingExpenses": 180614000, "calculatedNetInterest": -19145000, "calculatedOtherIncome": -26877000, "calculatedIncomeNonControlling": -254000, "calculatedEbitda": -56165000}, {"date": "2017-12-31", "symbol": "TDW", "reportedCurrency": "USD", "cik": "0000098222", "fillingDate": "2017-12-31", "acceptedDate": "2017-12-30 19:00:00", "calendarYear": "2017", "period": "FY", "revenue": 0, "costOfRevenue": 0, "grossProfit": 0, "grossProfitRatio": 0, "researchAndDevelopmentExpenses": 0, "generalAndAdministrativeExpenses": 0, "sellingAndMarketingExpenses": 0, "sellingGeneralAndAdministrativeExpenses": 0, "otherExpenses": 0, "operatingExpenses": 0, "costAndExpenses": 0, "interestIncome": 0, "interestExpense": 0, "depreciationAndAmortization": 0, "ebitda": 0, "ebitdaratio": 0, "operatingIncome": 0, "operatingIncomeRatio": 0, "totalOtherIncomeExpensesNet": 0, "incomeBeforeTax": 0, "incomeBeforeTaxRatio": 0, "incomeTaxExpense": 0, "netIncome": 0, "netIncomeRatio": 0, "eps": 0, "epsdiluted": 0, "weightedAverageShsOut": 0, "weightedAverageShsOutDil": 0, "link": null, "finalLink": null, "calculatedOtherExpenses": 0, "calculatedOperatingExpenses": 0, "calculatedNetInterest": 0, "calculatedOtherIncome": 0, "calculatedIncomeNonControlling": 0, "calculatedEbitda": 0}, {"date": "2016-12-31", "symbol": "TDW", "reportedCurrency": "USD", "cik": "0000098222", "fillingDate": "2017-06-13", "acceptedDate": "2017-06-12 21:53:18", "calendarYear": "2016", "period": "FY", "revenue": 601611000, "costOfRevenue": 539191000, "grossProfit": 62420000, "grossProfitRatio": 0.1037547518, "researchAndDevelopmentExpenses": 0, "generalAndAdministrativeExpenses": 179645000, "sellingAndMarketingExpenses": 3801000, "sellingGeneralAndAdministrativeExpenses": 179645000, "otherExpenses": 0, "operatingExpenses": 179645000, "costAndExpenses": 718836000, "interestIncome": 5193000, "interestExpense": 75026000, "depreciationAndAmortization": 167291000, "ebitda": 60969000, "ebitdaratio": 0.1013428943, "operatingIncome": -577853000, "operatingIncomeRatio": -0.9605093657, "totalOtherIncomeExpensesNet": -456556000, "incomeBeforeTax": -643614000, "incomeBeforeTaxRatio": -1.0698175399, "incomeTaxExpense": 6397000, "netIncome": -660118000, "netIncomeRatio": -1.0972505489, "eps": -35.77, "epsdiluted": -35.77, "weightedAverageShsOut": 18456186, "weightedAverageShsOutDil": 18456186, "link": "https://www.sec.gov/Archives/edgar/data/98222/000156459017012484/0001564590-17-012484-index.htm", "finalLink": "https://www.sec.gov/Archives/edgar/data/98222/000156459017012484/tdw-10k_20170331.htm", "calculatedOtherExpenses": 460628000, "calculatedOperatingExpenses": 640273000, "calculatedNetInterest": -69833000, "calculatedOtherIncome": 4072000, "calculatedIncomeNonControlling": 10107000, "calculatedEbitda": -410562000}, {"date": "2015-12-31", "symbol": "TDW", "reportedCurrency": "USD", "cik": "0000098222", "fillingDate": "2016-05-26", "acceptedDate": "2016-05-26 15:25:09", "calendarYear": "2015", "period": "FY", "revenue": 979062000, "costOfRevenue": 762253000, "grossProfit": 216809000, "grossProfitRatio": 0.2214456286, "researchAndDevelopmentExpenses": 0, "generalAndAdministrativeExpenses": 181191000, "sellingAndMarketingExpenses": 6282000, "sellingGeneralAndAdministrativeExpenses": 187473000, "otherExpenses": 0, "operatingExpenses": 187473000, "costAndExpenses": 949726000, "interestIncome": 2703000, "interestExpense": 53752000, "depreciationAndAmortization": 182309000, "ebitda": 200767000, "ebitdaratio": 0.205060558, "operatingIncome": -69524000, "operatingIncomeRatio": -0.0710108246, "totalOtherIncomeExpensesNet": -117844000, "incomeBeforeTax": -139557000, "incomeBeforeTaxRatio": -0.1425415347, "incomeTaxExpense": 20819000, "netIncome": -160183000, "netIncomeRatio": -0.1636086377, "eps": -8.68, "epsdiluted": -8.68, "weightedAverageShsOut": 18456186, "weightedAverageShsOutDil": 18456186, "link": "https://www.sec.gov/Archives/edgar/data/98222/000156459016019999/0001564590-16-019999-index.htm", "finalLink": "https://www.sec.gov/Archives/edgar/data/98222/000156459016019999/tdw-10k_20160331.htm", "calculatedOtherExpenses": 98860000, "calculatedOperatingExpenses": 286333000, "calculatedNetInterest": -51049000, "calculatedOtherIncome": -18984000, "calculatedIncomeNonControlling": -193000, "calculatedEbitda": 112785000}, {"date": "2014-12-31", "symbol": "TDW", "reportedCurrency": "USD", "cik": "0000098222", "fillingDate": "2015-05-28", "acceptedDate": "2015-05-28 16:32:55", "calendarYear": "2014", "period": "FY", "revenue": 1495517000, "costOfRevenue": 1036077000, "grossProfit": 459440000, "grossProfitRatio": 0.3072114861, "researchAndDevelopmentExpenses": 0, "generalAndAdministrativeExpenses": 206302000, "sellingAndMarketingExpenses": 11839000, "sellingGeneralAndAdministrativeExpenses": 218141000, "otherExpenses": 0, "operatingExpenses": 218141000, "costAndExpenses": 1254218000, "interestIncome": 1927000, "interestExpense": 50029000, "depreciationAndAmortization": 175204000, "ebitda": 428609000, "ebitdaratio": 0.2865958729, "operatingIncome": -37181000, "operatingIncomeRatio": -0.0248616365, "totalOtherIncomeExpensesNet": -259623000, "incomeBeforeTax": -66426000, "incomeBeforeTaxRatio": -0.0444167469, "incomeTaxExpense": -1077000, "netIncome": -65190000, "netIncomeRatio": -0.0435902768, "eps": -3.53, "epsdiluted": -3.53, "weightedAverageShsOut": 18456186, "weightedAverageShsOutDil": 18456186, "link": "https://www.sec.gov/Archives/edgar/data/98222/000119312515204166/0001193125-15-204166-index.htm", "finalLink": "https://www.sec.gov/Archives/edgar/data/98222/000119312515204166/d861989d10k.htm", "calculatedOtherExpenses": 278480000, "calculatedOperatingExpenses": 496621000, "calculatedNetInterest": -48102000, "calculatedOtherIncome": 18857000, "calculatedIncomeNonControlling": -159000, "calculatedEbitda": 138023000}, {"date": "2013-12-31", "symbol": "TDW", "reportedCurrency": "USD", "cik": "0000098222", "fillingDate": "2014-05-21", "acceptedDate": "2014-05-21 16:18:27", "calendarYear": "2013", "period": "FY", "revenue": 1435103000, "costOfRevenue": 979115000, "grossProfit": 455988000, "grossProfitRatio": 0.3177388661, "researchAndDevelopmentExpenses": 0, "generalAndAdministrativeExpenses": 198241000, "sellingAndMarketingExpenses": 11645000, "sellingGeneralAndAdministrativeExpenses": 209886000, "otherExpenses": 0, "operatingExpenses": 209886000, "costAndExpenses": 1189001000, "interestIncome": 2123000, "interestExpense": 43814000, "depreciationAndAmortization": 167480000, "ebitda": 431506000, "ebitdaratio": 0.3006794634, "operatingIncome": 201541000, "operatingIncomeRatio": 0.1404366098, "totalOtherIncomeExpensesNet": -31363000, "incomeBeforeTax": 173048000, "incomeBeforeTaxRatio": 0.1205822857, "incomeTaxExpense": 32793000, "netIncome": 140255000, "netIncomeRatio": 0.0977316611, "eps": 7.6, "epsdiluted": 7.6, "weightedAverageShsOut": 18456186, "weightedAverageShsOutDil": 18456186, "link": "https://www.sec.gov/Archives/edgar/data/98222/000119312514208163/0001193125-14-208163-index.htm", "finalLink": "https://www.sec.gov/Archives/edgar/data/98222/000119312514208163/d700909d10k.htm", "calculatedOtherExpenses": 44561000, "calculatedOperatingExpenses": 254447000, "calculatedNetInterest": -41691000, "calculatedOtherIncome": 13198000, "calculatedIncomeNonControlling": 0, "calculatedEbitda": 369021000}, {"date": "2012-12-31", "symbol": "TDW", "reportedCurrency": "USD", "cik": "0000098222", "fillingDate": "2013-05-21", "acceptedDate": "2013-05-21 15:34:14", "calendarYear": "2012", "period": "FY", "revenue": 1244165000, "costOfRevenue": 852096000, "grossProfit": 392069000, "grossProfitRatio": 0.3151262091, "researchAndDevelopmentExpenses": 0, "generalAndAdministrativeExpenses": 182627000, "sellingAndMarketingExpenses": 9819000, "sellingGeneralAndAdministrativeExpenses": 192446000, "otherExpenses": 0, "operatingExpenses": 192446000, "costAndExpenses": 1044542000, "interestIncome": 3476000, "interestExpense": 29745000, "depreciationAndAmortization": 147299000, "ebitda": 362587000, "ebitdaratio": 0.2914299952, "operatingIncome": 206232000, "operatingIncomeRatio": 0.1657593647, "totalOtherIncomeExpensesNet": 21809000, "incomeBeforeTax": 195163000, "incomeBeforeTaxRatio": 0.1568626348, "incomeTaxExpense": 44413000, "netIncome": 150750000, "netIncomeRatio": 0.121165601, "eps": 8.17, "epsdiluted": 8.17, "weightedAverageShsOut": 18456186, "weightedAverageShsOutDil": 18456186, "link": "https://www.sec.gov/Archives/edgar/data/98222/000119312513229622/0001193125-13-229622-index.htm", "finalLink": "https://www.sec.gov/Archives/edgar/data/98222/000119312513229622/d499227d10k.htm", "calculatedOtherExpenses": -6609000, "calculatedOperatingExpenses": 185837000, "calculatedNetInterest": -26269000, "calculatedOtherIncome": 15200000, "calculatedIncomeNonControlling": 0, "calculatedEbitda": 353531000}, {"date": "2011-12-31", "symbol": "TDW", "reportedCurrency": "USD", "cik": "0000098222", "fillingDate": "2012-05-21", "acceptedDate": "2012-05-21 16:11:31", "calendarYear": "2011", "period": "FY", "revenue": 1067007000, "costOfRevenue": 765641000, "grossProfit": 301366000, "grossProfitRatio": 0.2824405088, "researchAndDevelopmentExpenses": 0, "generalAndAdministrativeExpenses": 165130000, "sellingAndMarketingExpenses": 9407000, "sellingGeneralAndAdministrativeExpenses": 174537000, "otherExpenses": 0, "operatingExpenses": 174537000, "costAndExpenses": 940178000, "interestIncome": 3440000, "interestExpense": 22308000, "depreciationAndAmortization": 138356000, "ebitda": 281666000, "ebitdaratio": 0.2639776496, "operatingIncome": 113554000, "operatingIncomeRatio": 0.1064229194, "totalOtherIncomeExpensesNet": 3075000, "incomeBeforeTax": 111036000, "incomeBeforeTaxRatio": 0.1040630474, "incomeTaxExpense": 23625000, "netIncome": 87411000, "netIncomeRatio": 0.0819216744, "eps": 4.74, "epsdiluted": 4.74, "weightedAverageShsOut": 18456186, "weightedAverageShsOutDil": 18456186, "link": "https://www.sec.gov/Archives/edgar/data/98222/000119312512241756/0001193125-12-241756-index.htm", "finalLink": "https://www.sec.gov/Archives/edgar/data/98222/000119312512241756/d266388d10k.htm", "calculatedOtherExpenses": 13275000, "calculatedOperatingExpenses": 187812000, "calculatedNetInterest": -18868000, "calculatedOtherIncome": 16350000, "calculatedIncomeNonControlling": 0, "calculatedEbitda": 251910000}, {"date": "2010-12-31", "symbol": "TDW", "reportedCurrency": "USD", "cik": "0000098222", "fillingDate": "2011-05-19", "acceptedDate": "2011-05-19 16:54:47", "calendarYear": "2010", "period": "FY", "revenue": 1055388000, "costOfRevenue": 783826000, "grossProfit": 271562000, "grossProfitRatio": 0.2573101078, "researchAndDevelopmentExpenses": 0, "generalAndAdministrativeExpenses": 136996000, "sellingAndMarketingExpenses": 8458000, "sellingGeneralAndAdministrativeExpenses": 145454000, "otherExpenses": 0, "operatingExpenses": 145454000, "costAndExpenses": 929280000, "interestIncome": 5065000, "interestExpense": 10769000, "depreciationAndAmortization": 140576000, "ebitda": 283934000, "ebitdaratio": 0.2690328107, "operatingIncome": 139336000, "operatingIncomeRatio": 0.1320234833, "totalOtherIncomeExpensesNet": 27691000, "incomeBeforeTax": 148095000, "incomeBeforeTaxRatio": 0.1403228007, "incomeTaxExpense": 42479000, "netIncome": 105616000, "netIncomeRatio": 0.1000731485, "eps": 5.72, "epsdiluted": 5.72, "weightedAverageShsOut": 18456186, "weightedAverageShsOutDil": 18456186, "link": "https://www.sec.gov/Archives/edgar/data/98222/000119312511145426/0001193125-11-145426-index.htm", "finalLink": "https://www.sec.gov/Archives/edgar/data/98222/000119312511145426/d10k.htm", "calculatedOtherExpenses": -13228000, "calculatedOperatingExpenses": 132226000, "calculatedNetInterest": -5704000, "calculatedOtherIncome": 14463000, "calculatedIncomeNonControlling": 0, "calculatedEbitda": 279912000}]}