{"originalCurrency": "USD", "convertedCurrency": "USD", "report": [{"date": "2023-12-31", "symbol": "TELZ", "reportedCurrency": "USD", "cik": "0000061398", "fillingDate": "2024-02-23", "acceptedDate": "2024-02-23 07:20:31", "calendarYear": "2023", "period": "FY", "revenue": 166128000, "costOfRevenue": 176612000, "grossProfit": -10484000, "grossProfitRatio": -0.0631079649, "researchAndDevelopmentExpenses": 35616000, "generalAndAdministrativeExpenses": 102562000, "sellingAndMarketingExpenses": -660000, "sellingGeneralAndAdministrativeExpenses": 101902000, "otherExpenses": 0, "operatingExpenses": 137518000, "costAndExpenses": 314130000, "interestIncome": 0, "interestExpense": 18047000, "depreciationAndAmortization": 98426000, "ebitda": -49576000, "ebitdaratio": -0.298420495, "operatingIncome": -148002000, "operatingIncomeRatio": -0.8908913609, "totalOtherIncomeExpensesNet": -18175000, "incomeBeforeTax": -166177000, "incomeBeforeTaxRatio": -1.0002949533, "incomeTaxExpense": 0, "netIncome": -166177000, "netIncomeRatio": -1.0002949533, "eps": -0.29, "epsdiluted": -0.29, "weightedAverageShsOut": 565678000, "weightedAverageShsOutDil": 565678000, "link": "https://www.sec.gov/Archives/edgar/data/61398/000006139824000009/0000061398-24-000009-index.htm", "finalLink": "https://www.sec.gov/Archives/edgar/data/61398/000006139824000009/tell-20231231.htm", "calculatedOtherExpenses": 0, "calculatedOperatingExpenses": 137518000, "calculatedNetInterest": -18047000, "calculatedOtherIncome": -128000, "calculatedIncomeNonControlling": 0, "calculatedEbitda": -49576000}, {"date": "2022-12-31", "symbol": "TELZ", "reportedCurrency": "USD", "cik": "0000061398", "fillingDate": "2023-02-22", "acceptedDate": "2023-02-22 07:12:58", "calendarYear": "2022", "period": "FY", "revenue": 391926000, "costOfRevenue": 213906000, "grossProfit": 178020000, "grossProfitRatio": 0.4542183984, "researchAndDevelopmentExpenses": 68782000, "generalAndAdministrativeExpenses": 127011000, "sellingAndMarketingExpenses": -625000, "sellingGeneralAndAdministrativeExpenses": 126386000, "otherExpenses": 0, "operatingExpenses": 195168000, "costAndExpenses": 409074000, "interestIncome": 0, "interestExpense": 13860000, "depreciationAndAmortization": 44357000, "ebitda": 27209000, "ebitdaratio": 0.0694238198, "operatingIncome": -17148000, "operatingIncomeRatio": -0.0437531575, "totalOtherIncomeExpensesNet": -32662000, "incomeBeforeTax": -49810000, "incomeBeforeTaxRatio": -0.1270903181, "incomeTaxExpense": 13860000, "netIncome": -49810000, "netIncomeRatio": -0.1270903181, "eps": -0.0945, "epsdiluted": -0.0945, "weightedAverageShsOut": 526946000, "weightedAverageShsOutDil": 526946000, "link": "https://www.sec.gov/Archives/edgar/data/61398/000006139823000011/0000061398-23-000011-index.htm", "finalLink": "https://www.sec.gov/Archives/edgar/data/61398/000006139823000011/tell-20221231.htm", "calculatedOtherExpenses": 0, "calculatedOperatingExpenses": 195168000, "calculatedNetInterest": -13860000, "calculatedOtherIncome": -18802000, "calculatedIncomeNonControlling": -13860000, "calculatedEbitda": 27209000}, {"date": "2021-12-31", "symbol": "TELZ", "reportedCurrency": "USD", "cik": "0000061398", "fillingDate": "2022-02-23", "acceptedDate": "2022-02-23 07:35:44", "calendarYear": "2021", "period": "FY", "revenue": 71275000, "costOfRevenue": 47919000, "grossProfit": 23356000, "grossProfitRatio": 0.3276885303, "researchAndDevelopmentExpenses": 50186000, "generalAndAdministrativeExpenses": 85903000, "sellingAndMarketingExpenses": 0, "sellingGeneralAndAdministrativeExpenses": 85903000, "otherExpenses": 98105000, "operatingExpenses": 136089000, "costAndExpenses": 184008000, "interestIncome": 0, "interestExpense": 9378000, "depreciationAndAmortization": 11481000, "ebitda": -101252000, "ebitdaratio": -1.4205822518, "operatingIncome": -112733000, "operatingIncomeRatio": -1.5816625745, "totalOtherIncomeExpensesNet": -2005000, "incomeBeforeTax": -114738000, "incomeBeforeTaxRatio": -1.6097930551, "incomeTaxExpense": -9378000, "netIncome": -114738000, "netIncomeRatio": -1.6097930551, "eps": -0.28, "epsdiluted": -0.28, "weightedAverageShsOut": 407615000, "weightedAverageShsOutDil": 407615000, "link": "https://www.sec.gov/Archives/edgar/data/61398/000006139822000021/0000061398-22-000021-index.htm", "finalLink": "https://www.sec.gov/Archives/edgar/data/61398/000006139822000021/tell-20211231.htm", "calculatedOtherExpenses": 0, "calculatedOperatingExpenses": 136089000, "calculatedNetInterest": -9378000, "calculatedOtherIncome": 7373000, "calculatedIncomeNonControlling": 9378000, "calculatedEbitda": -101252000}, {"date": "2020-12-31", "symbol": "TELZ", "reportedCurrency": "USD", "cik": "0000061398", "fillingDate": "2021-02-24", "acceptedDate": "2021-02-24 07:29:10", "calendarYear": "2020", "period": "FY", "revenue": 37434000, "costOfRevenue": 34451000, "grossProfit": 2983000, "grossProfitRatio": 0.0796869156, "researchAndDevelopmentExpenses": 27492000, "generalAndAdministrativeExpenses": 54706000, "sellingAndMarketingExpenses": -7357000, "sellingGeneralAndAdministrativeExpenses": 47349000, "otherExpenses": 139501000, "operatingExpenses": 74841000, "costAndExpenses": 109292000, "interestIncome": 0, "interestExpense": 43445000, "depreciationAndAmortization": 17228000, "ebitda": -54630000, "ebitdaratio": -1.4593684885, "operatingIncome": -71858000, "operatingIncomeRatio": -1.9195918149, "totalOtherIncomeExpensesNet": -138838000, "incomeBeforeTax": -210696000, "incomeBeforeTaxRatio": -5.6284661003, "incomeTaxExpense": 0, "netIncome": -210696000, "netIncomeRatio": -5.6284661003, "eps": -0.79, "epsdiluted": -0.79, "weightedAverageShsOut": 267615000, "weightedAverageShsOutDil": 267615000, "link": "https://www.sec.gov/Archives/edgar/data/61398/000006139821000010/0000061398-21-000010-index.htm", "finalLink": "https://www.sec.gov/Archives/edgar/data/61398/000006139821000010/tell-20201231.htm", "calculatedOtherExpenses": 0, "calculatedOperatingExpenses": 74841000, "calculatedNetInterest": -43445000, "calculatedOtherIncome": -95393000, "calculatedIncomeNonControlling": 0, "calculatedEbitda": -54630000}, {"date": "2019-12-31", "symbol": "TELZ", "reportedCurrency": "USD", "cik": "0000061398", "fillingDate": "2020-02-24", "acceptedDate": "2020-02-24 07:00:44", "calendarYear": "2019", "period": "FY", "revenue": 28774000, "costOfRevenue": 27517000, "grossProfit": 1257000, "grossProfitRatio": 0.0436852714, "researchAndDevelopmentExpenses": 59629000, "generalAndAdministrativeExpenses": 87487000, "sellingAndMarketingExpenses": 0, "sellingGeneralAndAdministrativeExpenses": 87487000, "otherExpenses": 80075000, "operatingExpenses": 147116000, "costAndExpenses": 174633000, "interestIncome": 0, "interestExpense": 16355000, "depreciationAndAmortization": 20446000, "ebitda": -125413000, "ebitdaratio": -4.3585528602, "operatingIncome": -145859000, "operatingIncomeRatio": -5.0691249044, "totalOtherIncomeExpensesNet": -5908000, "incomeBeforeTax": -151767000, "incomeBeforeTaxRatio": -5.2744491555, "incomeTaxExpense": 0, "netIncome": -151767000, "netIncomeRatio": -5.2744491555, "eps": -0.69, "epsdiluted": -0.69, "weightedAverageShsOut": 218548000, "weightedAverageShsOutDil": 218548000, "link": "https://www.sec.gov/Archives/edgar/data/61398/000006139820000002/0000061398-20-000002-index.htm", "finalLink": "https://www.sec.gov/Archives/edgar/data/61398/000006139820000002/tell12311910-k.htm", "calculatedOtherExpenses": 0, "calculatedOperatingExpenses": 147116000, "calculatedNetInterest": -16355000, "calculatedOtherIncome": 10447000, "calculatedIncomeNonControlling": 0, "calculatedEbitda": -125413000}, {"date": "2018-12-31", "symbol": "TELZ", "reportedCurrency": "USD", "cik": "0000061398", "fillingDate": "2019-02-27", "acceptedDate": "2019-02-27 07:34:50", "calendarYear": "2018", "period": "FY", "revenue": 10286000, "costOfRevenue": 7682000, "grossProfit": 2604000, "grossProfitRatio": 0.2531596345, "researchAndDevelopmentExpenses": 44034000, "generalAndAdministrativeExpenses": 81777000, "sellingAndMarketingExpenses": 0, "sellingGeneralAndAdministrativeExpenses": 81777000, "otherExpenses": 50114000, "operatingExpenses": 125811000, "costAndExpenses": 133493000, "interestIncome": 0, "interestExpense": 0, "depreciationAndAmortization": 1567000, "ebitda": -121640000, "ebitdaratio": -11.8257826171, "operatingIncome": -123207000, "operatingIncomeRatio": -11.9781256076, "totalOtherIncomeExpensesNet": -2728000, "incomeBeforeTax": -125935000, "incomeBeforeTaxRatio": -12.2433404628, "incomeTaxExpense": -190000, "netIncome": -125745000, "netIncomeRatio": -12.2248687536, "eps": -0.59, "epsdiluted": -0.59, "weightedAverageShsOut": 211574000, "weightedAverageShsOutDil": 211574000, "link": "https://www.sec.gov/Archives/edgar/data/61398/000006139819000009/0000061398-19-000009-index.htm", "finalLink": "https://www.sec.gov/Archives/edgar/data/61398/000006139819000009/tell12311810-k.htm", "calculatedOtherExpenses": 0, "calculatedOperatingExpenses": 125811000, "calculatedNetInterest": 0, "calculatedOtherIncome": -2728000, "calculatedIncomeNonControlling": 0, "calculatedEbitda": -121640000}, {"date": "2017-12-31", "symbol": "TELZ", "reportedCurrency": "USD", "cik": "0000061398", "fillingDate": "2018-03-15", "acceptedDate": "2018-03-15 07:48:54", "calendarYear": "2017", "period": "FY", "revenue": 5441000, "costOfRevenue": 8044000, "grossProfit": -2603000, "grossProfitRatio": -0.478404705, "researchAndDevelopmentExpenses": 59498000, "generalAndAdministrativeExpenses": 93074000, "sellingAndMarketingExpenses": 5800000, "sellingGeneralAndAdministrativeExpenses": 98874000, "otherExpenses": 137569000, "operatingExpenses": 158372000, "costAndExpenses": 166416000, "interestIncome": 0, "interestExpense": 0, "depreciationAndAmortization": 479000, "ebitda": -160496000, "ebitdaratio": -29.4975188384, "operatingIncome": -160975000, "operatingIncomeRatio": -29.5855541261, "totalOtherIncomeExpensesNet": -70299000, "incomeBeforeTax": -231274000, "incomeBeforeTaxRatio": -42.505789377, "incomeTaxExpense": 185000, "netIncome": -231459000, "netIncomeRatio": -42.5397904797, "eps": -1.23, "epsdiluted": -1.23, "weightedAverageShsOut": 188536000, "weightedAverageShsOutDil": 188536000, "link": "https://www.sec.gov/Archives/edgar/data/61398/000006139818000003/0000061398-18-000003-index.htm", "finalLink": "https://www.sec.gov/Archives/edgar/data/61398/000006139818000003/tell12311710-k.htm", "calculatedOtherExpenses": 0, "calculatedOperatingExpenses": 158372000, "calculatedNetInterest": 0, "calculatedOtherIncome": -70299000, "calculatedIncomeNonControlling": 0, "calculatedEbitda": -160496000}, {"date": "2016-12-31", "symbol": "TELZ", "reportedCurrency": "USD", "cik": "0000061398", "fillingDate": "2016-12-31", "acceptedDate": "2016-12-30 19:00:00", "calendarYear": "2016", "period": "FY", "revenue": 31000, "costOfRevenue": 47190000, "grossProfit": -47159000, "grossProfitRatio": -1521.2580645161, "researchAndDevelopmentExpenses": 0, "generalAndAdministrativeExpenses": 47132000, "sellingAndMarketingExpenses": 0, "sellingGeneralAndAdministrativeExpenses": 47132000, "otherExpenses": 0, "operatingExpenses": 50300000, "costAndExpenses": 97490000, "interestIncome": 0, "interestExpense": 0, "depreciationAndAmortization": 77000, "ebitda": -94291000, "ebitdaratio": -3041.6451612903, "operatingIncome": -94368000, "operatingIncomeRatio": -3044.1290322581, "totalOtherIncomeExpensesNet": -3091000, "incomeBeforeTax": -97459000, "incomeBeforeTaxRatio": -3143.8387096774, "incomeTaxExpense": 166000, "netIncome": -96655000, "netIncomeRatio": -3117.9032258065, "eps": -1.01, "epsdiluted": -1.01, "weightedAverageShsOut": 95795047, "weightedAverageShsOutDil": 95795000, "link": null, "finalLink": null, "calculatedOtherExpenses": 77000, "calculatedOperatingExpenses": 47209000, "calculatedNetInterest": 0, "calculatedOtherIncome": -3091000, "calculatedIncomeNonControlling": -970000, "calculatedEbitda": -94291000}, {"date": "2016-06-30", "symbol": "TELZ", "reportedCurrency": "USD", "cik": "0000061398", "fillingDate": "2016-09-14", "acceptedDate": "2016-09-14 06:06:21", "calendarYear": "2015", "period": "FY", "revenue": 1686000, "costOfRevenue": 69000, "grossProfit": 1617000, "grossProfitRatio": 0.9590747331, "researchAndDevelopmentExpenses": 47146000, "generalAndAdministrativeExpenses": 1216000, "sellingAndMarketingExpenses": 45299000, "sellingGeneralAndAdministrativeExpenses": 46515000, "otherExpenses": 125000, "operatingExpenses": 93661000, "costAndExpenses": 93730000, "interestIncome": 0, "interestExpense": -4000, "depreciationAndAmortization": 69000, "ebitda": -93661000, "ebitdaratio": -55.5521945433, "operatingIncome": -93730000, "operatingIncomeRatio": -55.5931198102, "totalOtherIncomeExpensesNet": -3091000, "incomeBeforeTax": -96821000, "incomeBeforeTaxRatio": -57.4264531435, "incomeTaxExpense": -166000, "netIncome": -96655000, "netIncomeRatio": -57.327995255, "eps": -1.01, "epsdiluted": -1.01, "weightedAverageShsOut": 95795000, "weightedAverageShsOutDil": 95795000, "link": "https://www.sec.gov/Archives/edgar/data/61398/000006139816000098/0000061398-16-000098-index.htm", "finalLink": "https://www.sec.gov/Archives/edgar/data/61398/000006139816000098/mpet2016-06x30doc10k.htm", "calculatedOtherExpenses": 1686000, "calculatedOperatingExpenses": 95347000, "calculatedNetInterest": 4000, "calculatedOtherIncome": -3095000, "calculatedIncomeNonControlling": 0, "calculatedEbitda": -93661000}, {"date": "2015-06-30", "symbol": "TELZ", "reportedCurrency": "USD", "cik": "0000061398", "fillingDate": "2015-10-13", "acceptedDate": "2015-10-13 17:32:19", "calendarYear": "2014", "period": "FY", "revenue": 1460000, "costOfRevenue": 148000, "grossProfit": 1312000, "grossProfitRatio": 0.898630137, "researchAndDevelopmentExpenses": 0, "generalAndAdministrativeExpenses": 700000, "sellingAndMarketingExpenses": 6850000, "sellingGeneralAndAdministrativeExpenses": 7550000, "otherExpenses": 3702000, "operatingExpenses": 7550000, "costAndExpenses": 7698000, "interestIncome": 0, "interestExpense": -83000, "depreciationAndAmortization": 148000, "ebitda": -7550000, "ebitdaratio": -5.1712328767, "operatingIncome": -7698000, "operatingIncomeRatio": -5.2726027397, "totalOtherIncomeExpensesNet": -13898000, "incomeBeforeTax": -21596000, "incomeBeforeTaxRatio": -14.7917808219, "incomeTaxExpense": 21404000, "netIncome": -43000000, "netIncomeRatio": -29.4520547945, "eps": -60.24, "epsdiluted": -60.24, "weightedAverageShsOut": 713786, "weightedAverageShsOutDil": 713786, "link": "https://www.sec.gov/Archives/edgar/data/61398/000006139815000033/0000061398-15-000033-index.htm", "finalLink": "https://www.sec.gov/Archives/edgar/data/61398/000006139815000033/mpet2015-06x30doc10k.htm", "calculatedOtherExpenses": 1460000, "calculatedOperatingExpenses": 9010000, "calculatedNetInterest": 83000, "calculatedOtherIncome": -13981000, "calculatedIncomeNonControlling": 0, "calculatedEbitda": -7550000}, {"date": "2014-06-30", "symbol": "TELZ", "reportedCurrency": "USD", "cik": "0000061398", "fillingDate": "2014-09-18", "acceptedDate": "2014-09-18 06:05:05", "calendarYear": "2013", "period": "FY", "revenue": 0, "costOfRevenue": 6257000, "grossProfit": -6257000, "grossProfitRatio": 0, "researchAndDevelopmentExpenses": 0, "generalAndAdministrativeExpenses": 9085000, "sellingAndMarketingExpenses": 0, "sellingGeneralAndAdministrativeExpenses": 9085000, "otherExpenses": 4607000, "operatingExpenses": 13692000, "costAndExpenses": 19949000, "interestIncome": 0, "interestExpense": -243000, "depreciationAndAmortization": 1123000, "ebitda": -11225000, "ebitdaratio": 0, "operatingIncome": -12348000, "operatingIncomeRatio": 0, "totalOtherIncomeExpensesNet": 12348300, "incomeBeforeTax": 300, "incomeBeforeTaxRatio": 0, "incomeTaxExpense": 0, "netIncome": 300, "netIncomeRatio": 0, "eps": 0, "epsdiluted": 0, "weightedAverageShsOut": 45348840000, "weightedAverageShsOutDil": 45348840000, "link": "https://www.sec.gov/Archives/edgar/data/61398/000006139814000039/0000061398-14-000039-index.htm", "finalLink": "https://www.sec.gov/Archives/edgar/data/61398/000006139814000039/mpet2014-06x30doc10k.htm", "calculatedOtherExpenses": -2994000, "calculatedOperatingExpenses": 6091000, "calculatedNetInterest": 243000, "calculatedOtherIncome": 12105300, "calculatedIncomeNonControlling": 0, "calculatedEbitda": -11225000}, {"date": "2013-06-30", "symbol": "TELZ", "reportedCurrency": "USD", "cik": "0000061398", "fillingDate": "2013-09-16", "acceptedDate": "2013-09-13 18:54:18", "calendarYear": "2012", "period": "FY", "revenue": 7070000, "costOfRevenue": 7037000, "grossProfit": 33000, "grossProfitRatio": 0.0046676096, "researchAndDevelopmentExpenses": 0, "generalAndAdministrativeExpenses": 11829000, "sellingAndMarketingExpenses": 0, "sellingGeneralAndAdministrativeExpenses": 11829000, "otherExpenses": 10691000, "operatingExpenses": 22520000, "costAndExpenses": 29557000, "interestIncome": 0, "interestExpense": 0, "depreciationAndAmortization": 1534000, "ebitda": -19499000, "ebitdaratio": -2.7579915134, "operatingIncome": -22487000, "operatingIncomeRatio": -3.1806223479, "totalOtherIncomeExpensesNet": 1454000, "incomeBeforeTax": -21033000, "incomeBeforeTaxRatio": -2.9749646393, "incomeTaxExpense": -544000, "netIncome": -20489000, "netIncomeRatio": -2.898019802, "eps": -0.0004, "epsdiluted": -0.0004, "weightedAverageShsOut": 49642083000, "weightedAverageShsOutDil": 49642083000, "link": "https://www.sec.gov/Archives/edgar/data/61398/000006139813000062/0000061398-13-000062-index.htm", "finalLink": "https://www.sec.gov/Archives/edgar/data/61398/000006139813000062/mpet2013-06x30doc10k.htm", "calculatedOtherExpenses": 10691000, "calculatedOperatingExpenses": 22520000, "calculatedNetInterest": 0, "calculatedOtherIncome": 1454000, "calculatedIncomeNonControlling": 0, "calculatedEbitda": -20953000}, {"date": "2012-06-30", "symbol": "TELZ", "reportedCurrency": "USD", "cik": "0000061398", "fillingDate": "2012-09-24", "acceptedDate": "2012-09-24 06:30:46", "calendarYear": "2011", "period": "FY", "revenue": 13712000, "costOfRevenue": 12897000, "grossProfit": 815000, "grossProfitRatio": 0.0594369895, "researchAndDevelopmentExpenses": 0, "generalAndAdministrativeExpenses": 13091000, "sellingAndMarketingExpenses": 0, "sellingGeneralAndAdministrativeExpenses": 13091000, "otherExpenses": 0, "operatingExpenses": 13091000, "costAndExpenses": 25988000, "interestIncome": 0, "interestExpense": 0, "depreciationAndAmortization": 1744000, "ebitda": 34193000, "ebitdaratio": 2.4936551925, "operatingIncome": 19774000, "operatingIncomeRatio": 1.4420945158, "totalOtherIncomeExpensesNet": 758000, "incomeBeforeTax": 20532000, "incomeBeforeTaxRatio": 1.4973745624, "incomeTaxExpense": 5951000, "netIncome": 26498000, "netIncomeRatio": 1.9324679113, "eps": 0.0005, "epsdiluted": 0.0005, "weightedAverageShsOut": 53592958000, "weightedAverageShsOutDil": 54041227000, "link": "https://www.sec.gov/Archives/edgar/data/61398/000006139812000037/0000061398-12-000037-index.htm", "finalLink": "https://www.sec.gov/Archives/edgar/data/61398/000006139812000037/mpet2012-06x3010k.htm", "calculatedOtherExpenses": -32050000, "calculatedOperatingExpenses": -18959000, "calculatedNetInterest": 0, "calculatedOtherIncome": 758000, "calculatedIncomeNonControlling": -11917000, "calculatedEbitda": 21518000}, {"date": "2011-06-30", "symbol": "TELZ", "reportedCurrency": "USD", "cik": "0000061398", "fillingDate": "2011-09-20", "acceptedDate": "2011-09-20 17:17:36", "calendarYear": "2010", "period": "FY", "revenue": 18176877000, "costOfRevenue": 5079503000, "grossProfit": 13097374000, "grossProfitRatio": 0.7205513906, "researchAndDevelopmentExpenses": 0, "generalAndAdministrativeExpenses": 0, "sellingAndMarketingExpenses": 0, "sellingGeneralAndAdministrativeExpenses": 0, "otherExpenses": 41316660000, "operatingExpenses": 41316660000, "costAndExpenses": 46396163000, "interestIncome": 0, "interestExpense": 0, "depreciationAndAmortization": 2326817000, "ebitda": -24965060000, "ebitdaratio": -1.3734515561, "operatingIncome": -28219286000, "operatingIncomeRatio": -1.5524826404, "totalOtherIncomeExpensesNet": 922774000, "incomeBeforeTax": -27296512000, "incomeBeforeTaxRatio": -1.5017162739, "incomeTaxExpense": 5141187000, "netIncome": -32433064000, "netIncomeRatio": -1.7843034312, "eps": -0.62, "epsdiluted": -0.62, "weightedAverageShsOut": 52398936000, "weightedAverageShsOutDil": 52398936000, "link": "https://www.sec.gov/Archives/edgar/data/61398/000119312511252439/0001193125-11-252439-index.htm", "finalLink": "https://www.sec.gov/Archives/edgar/data/61398/000119312511252439/d224666d10k.htm", "calculatedOtherExpenses": 41316660000, "calculatedOperatingExpenses": 41316660000, "calculatedNetInterest": 0, "calculatedOtherIncome": 922774000, "calculatedIncomeNonControlling": -4635000, "calculatedEbitda": -25892469000}, {"date": "2010-06-30", "symbol": "TELZ", "reportedCurrency": "USD", "cik": "0000061398", "fillingDate": "2010-09-28", "acceptedDate": "2010-09-28 17:28:30", "calendarYear": "2009", "period": "FY", "revenue": 28524557000, "costOfRevenue": 2000954000, "grossProfit": 26523603000, "grossProfitRatio": 0.9298515311, "researchAndDevelopmentExpenses": 0, "generalAndAdministrativeExpenses": 0, "sellingAndMarketingExpenses": 0, "sellingGeneralAndAdministrativeExpenses": 0, "otherExpenses": 24072238000, "operatingExpenses": 24072238000, "costAndExpenses": 26073192000, "interestIncome": 0, "interestExpense": 0, "depreciationAndAmortization": 4680240000, "ebitda": 5878731000, "ebitdaratio": 0.2060936827, "operatingIncome": 2451365000, "operatingIncomeRatio": 0.085938758, "totalOtherIncomeExpensesNet": -1263640000, "incomeBeforeTax": 1187725000, "incomeBeforeTaxRatio": 0.0416386835, "incomeTaxExpense": 2645763000, "netIncome": -1447272000, "netIncomeRatio": -0.0507377555, "eps": -0.0282, "epsdiluted": -0.0282, "weightedAverageShsOut": 51410596000, "weightedAverageShsOutDil": 51410596000, "link": "https://www.sec.gov/Archives/edgar/data/61398/000119312510218768/0001193125-10-218768-index.htm", "finalLink": "https://www.sec.gov/Archives/edgar/data/61398/000119312510218768/d10k.htm", "calculatedOtherExpenses": 24072238000, "calculatedOperatingExpenses": 24072238000, "calculatedNetInterest": 0, "calculatedOtherIncome": -1263640000, "calculatedIncomeNonControlling": -10766000, "calculatedEbitda": 7131605000}, {"date": "2009-06-30", "symbol": "TELZ", "reportedCurrency": "USD", "cik": "0000061398", "fillingDate": "2009-10-02", "acceptedDate": "2009-10-02 14:05:15", "calendarYear": "2008", "period": "FY", "revenue": 28190577000, "costOfRevenue": 1721069000, "grossProfit": 26469508000, "grossProfitRatio": 0.9389487842, "researchAndDevelopmentExpenses": 0, "generalAndAdministrativeExpenses": 0, "sellingAndMarketingExpenses": 0, "sellingGeneralAndAdministrativeExpenses": 0, "otherExpenses": 25189576000, "operatingExpenses": 25189576000, "costAndExpenses": 26910645000, "interestIncome": 1583065000, "interestExpense": 0, "depreciationAndAmortization": 6785952000, "ebitda": 9648949000, "ebitdaratio": 0.3422756831, "operatingIncome": 1279932000, "operatingIncomeRatio": 0.0454028309, "totalOtherIncomeExpensesNet": 1583065000, "incomeBeforeTax": 2862997000, "incomeBeforeTaxRatio": 0.101558652, "incomeTaxExpense": 2198422000, "netIncome": 664575000, "netIncomeRatio": 0.0235743667, "eps": 0, "epsdiluted": 0, "weightedAverageShsOut": 0, "weightedAverageShsOutDil": 0, "link": "https://www.sec.gov/Archives/edgar/data/61398/000119312509202633/0001193125-09-202633-index.htm", "finalLink": "https://www.sec.gov/Archives/edgar/data/61398/000119312509202633/d10k.htm", "calculatedOtherExpenses": 25189576000, "calculatedOperatingExpenses": 25189576000, "calculatedNetInterest": 1583065000, "calculatedOtherIncome": 0, "calculatedIncomeNonControlling": 0, "calculatedEbitda": 8065884000}, {"date": "2008-06-30", "symbol": "TELZ", "reportedCurrency": "USD", "cik": "0000061398", "fillingDate": "2008-09-25", "acceptedDate": "2008-09-25 16:50:25", "calendarYear": "2007", "period": "FY", "revenue": 40894810000, "costOfRevenue": 1570106000, "grossProfit": 39324704000, "grossProfitRatio": 0.9616062283, "researchAndDevelopmentExpenses": 0, "generalAndAdministrativeExpenses": 0, "sellingAndMarketingExpenses": 0, "sellingGeneralAndAdministrativeExpenses": 0, "otherExpenses": 36008690000, "operatingExpenses": 36008690000, "costAndExpenses": 37578796000, "interestIncome": 2122642000, "interestExpense": 0, "depreciationAndAmortization": 18021236000, "ebitda": 23459892000, "ebitdaratio": 0.5736642865, "operatingIncome": 3316014000, "operatingIncomeRatio": 0.0810864264, "totalOtherIncomeExpensesNet": 2122642000, "incomeBeforeTax": 5438656000, "incomeBeforeTaxRatio": 0.1329913502, "incomeTaxExpense": 14330301000, "netIncome": -8891645000, "netIncomeRatio": -0.2174272237, "eps": 0, "epsdiluted": 0, "weightedAverageShsOut": 0, "weightedAverageShsOutDil": 0, "link": "https://www.sec.gov/Archives/edgar/data/61398/000095012308011411/0000950123-08-011411-index.htm", "finalLink": "https://www.sec.gov/Archives/edgar/data/61398/000095012308011411/y71494e10vk.htm", "calculatedOtherExpenses": 36008690000, "calculatedOperatingExpenses": 36008690000, "calculatedNetInterest": 2122642000, "calculatedOtherIncome": 0, "calculatedIncomeNonControlling": 0, "calculatedEbitda": 21337250000}, {"date": "2007-06-30", "symbol": "TELZ", "reportedCurrency": "USD", "cik": "0000061398", "fillingDate": "2007-10-09", "acceptedDate": "2007-10-05 20:48:20", "calendarYear": "2006", "period": "FY", "revenue": 30675225000, "costOfRevenue": 1538931000, "grossProfit": 29136294000, "grossProfitRatio": 0.9498314682, "researchAndDevelopmentExpenses": 0, "generalAndAdministrativeExpenses": 0, "sellingAndMarketingExpenses": 0, "sellingGeneralAndAdministrativeExpenses": 0, "otherExpenses": 29360688000, "operatingExpenses": 29360688000, "costAndExpenses": 30899619000, "interestIncome": 1669798000, "interestExpense": 0, "depreciationAndAmortization": 10693415000, "ebitda": 12138819000, "ebitdaratio": 0.3957206182, "operatingIncome": -224394000, "operatingIncomeRatio": -0.0073151542, "totalOtherIncomeExpensesNet": 1669798000, "incomeBeforeTax": 1445404000, "incomeBeforeTaxRatio": 0.0471195892, "incomeTaxExpense": 998565000, "netIncome": 446839000, "netIncomeRatio": 0.0145667717, "eps": 0, "epsdiluted": 0, "weightedAverageShsOut": 0, "weightedAverageShsOutDil": 0, "link": "https://www.sec.gov/Archives/edgar/data/61398/000095012307013563/0000950123-07-013563-index.htm", "finalLink": "https://www.sec.gov/Archives/edgar/data/61398/000095012307013563/y40156e10vk.htm", "calculatedOtherExpenses": 29360688000, "calculatedOperatingExpenses": 29360688000, "calculatedNetInterest": 1669798000, "calculatedOtherIncome": 0, "calculatedIncomeNonControlling": 0, "calculatedEbitda": 10469021000}, {"date": "2006-06-30", "symbol": "TELZ", "reportedCurrency": "USD", "cik": "0000061398", "fillingDate": "2006-09-28", "acceptedDate": "2006-09-28 11:47:23", "calendarYear": "2005", "period": "FY", "revenue": 26562435000, "costOfRevenue": 2589727000, "grossProfit": 23972708000, "grossProfitRatio": 0.9025041567, "researchAndDevelopmentExpenses": 0, "generalAndAdministrativeExpenses": 0, "sellingAndMarketingExpenses": 0, "sellingGeneralAndAdministrativeExpenses": 0, "otherExpenses": 21045572000, "operatingExpenses": 21045572000, "costAndExpenses": 23635299000, "interestIncome": 1268641000, "interestExpense": 0, "depreciationAndAmortization": 6314049000, "ebitda": 8741803000, "ebitdaratio": 0.3291039771, "operatingIncome": 2927136000, "operatingIncomeRatio": 0.1101983308, "totalOtherIncomeExpensesNet": -499382000, "incomeBeforeTax": 2427754000, "incomeBeforeTaxRatio": 0.0913980213, "incomeTaxExpense": 1678980000, "netIncome": 748774000, "netIncomeRatio": 0.0281892078, "eps": 0, "epsdiluted": 0, "weightedAverageShsOut": 0, "weightedAverageShsOutDil": 0, "link": "https://www.sec.gov/Archives/edgar/data/61398/000095012306012065/0000950123-06-012065-index.htm", "finalLink": "https://www.sec.gov/Archives/edgar/data/61398/000095012306012065/y25454e10vk.htm", "calculatedOtherExpenses": 21045572000, "calculatedOperatingExpenses": 21045572000, "calculatedNetInterest": 1268641000, "calculatedOtherIncome": -1768023000, "calculatedIncomeNonControlling": 0, "calculatedEbitda": 9241185000}, {"date": "2005-06-30", "symbol": "TELZ", "reportedCurrency": "USD", "cik": "0000061398", "fillingDate": "2005-09-28", "acceptedDate": "2005-09-28 13:46:28", "calendarYear": "2004", "period": "FY", "revenue": 21870786000, "costOfRevenue": 2726341000, "grossProfit": 19144445000, "grossProfitRatio": 0.8753432547, "researchAndDevelopmentExpenses": 0, "generalAndAdministrativeExpenses": 0, "sellingAndMarketingExpenses": 0, "sellingGeneralAndAdministrativeExpenses": 0, "otherExpenses": 19171770000, "operatingExpenses": 19171770000, "costAndExpenses": 21898111000, "interestIncome": 1141802000, "interestExpense": 0, "depreciationAndAmortization": 6994253000, "ebitda": 6966928000, "ebitdaratio": 0.3185495025, "operatingIncome": -27325000, "operatingIncomeRatio": -0.0012493835, "totalOtherIncomeExpensesNet": 114285000, "incomeBeforeTax": 86960000, "incomeBeforeTaxRatio": 0.0039760802, "incomeTaxExpense": 0, "netIncome": 86960000, "netIncomeRatio": 0.0039760802, "eps": 0, "epsdiluted": 0, "weightedAverageShsOut": 0, "weightedAverageShsOutDil": 0, "link": "https://www.sec.gov/Archives/edgar/data/61398/000095012305011586/0000950123-05-011586-index.htm", "finalLink": "https://www.sec.gov/Archives/edgar/data/61398/000095012305011586/y13074e10vk.htm", "calculatedOtherExpenses": 19171770000, "calculatedOperatingExpenses": 19171770000, "calculatedNetInterest": 1141802000, "calculatedOtherIncome": -1027517000, "calculatedIncomeNonControlling": 0, "calculatedEbitda": 6966928000}]}