{"originalCurrency": "USD", "convertedCurrency": "USD", "report": [{"date": "2023-12-31", "symbol": "TENB", "reportedCurrency": "USD", "cik": "0001660280", "fillingDate": "2024-02-28", "acceptedDate": "2024-02-28 16:37:44", "calendarYear": "2023", "period": "FY", "revenue": 798710000, "costOfRevenue": 183577000, "grossProfit": 615133000, "grossProfitRatio": 0.77015813, "researchAndDevelopmentExpenses": 150283000, "generalAndAdministrativeExpenses": 116181000, "sellingAndMarketingExpenses": 393450000, "sellingGeneralAndAdministrativeExpenses": 503039000, "otherExpenses": -8602000, "operatingExpenses": 653322000, "costAndExpenses": 836899000, "interestIncome": 24700000, "interestExpense": 31339000, "depreciationAndAmortization": 27108000, "ebitda": -11081000, "ebitdaratio": -0.0138736212, "operatingIncome": -38189000, "operatingIncomeRatio": -0.047813349, "totalOtherIncomeExpensesNet": -29212000, "incomeBeforeTax": -67401000, "incomeBeforeTaxRatio": -0.0843873246, "incomeTaxExpense": 10883000, "netIncome": -78284000, "netIncomeRatio": -0.098013046, "eps": -0.68, "epsdiluted": -0.68, "weightedAverageShsOut": 115408000, "weightedAverageShsOutDil": 115408000, "link": "https://www.sec.gov/Archives/edgar/data/1660280/000166028024000033/0001660280-24-000033-index.htm", "finalLink": "https://www.sec.gov/Archives/edgar/data/1660280/000166028024000033/tenb-20231231.htm", "calculatedOtherExpenses": 0, "calculatedOperatingExpenses": 653322000, "calculatedNetInterest": -6639000, "calculatedOtherIncome": -22573000, "calculatedIncomeNonControlling": 0, "calculatedEbitda": -11081000}, {"date": "2022-12-31", "symbol": "TENB", "reportedCurrency": "USD", "cik": "0001660280", "fillingDate": "2023-02-24", "acceptedDate": "2023-02-24 17:18:03", "calendarYear": "2022", "period": "FY", "revenue": 683191000, "costOfRevenue": 154789000, "grossProfit": 528402000, "grossProfitRatio": 0.7734323198, "researchAndDevelopmentExpenses": 143560000, "generalAndAdministrativeExpenses": 103227000, "sellingAndMarketingExpenses": 349430000, "sellingGeneralAndAdministrativeExpenses": 452657000, "otherExpenses": -4757000, "operatingExpenses": 596217000, "costAndExpenses": 751006000, "interestIncome": 6284000, "interestExpense": 19001000, "depreciationAndAmortization": 23721000, "ebitda": -44094000, "ebitdaratio": -0.0645412483, "operatingIncome": -67815000, "operatingIncomeRatio": -0.099262139, "totalOtherIncomeExpensesNet": -17474000, "incomeBeforeTax": -85289000, "incomeBeforeTaxRatio": -0.1248391738, "incomeTaxExpense": 6933000, "netIncome": -92222000, "netIncomeRatio": -0.1349871412, "eps": -0.83, "epsdiluted": -0.83, "weightedAverageShsOut": 111321000, "weightedAverageShsOutDil": 111321000, "link": "https://www.sec.gov/Archives/edgar/data/1660280/000166028023000032/0001660280-23-000032-index.htm", "finalLink": "https://www.sec.gov/Archives/edgar/data/1660280/000166028023000032/tenb-20221231.htm", "calculatedOtherExpenses": 0, "calculatedOperatingExpenses": 596217000, "calculatedNetInterest": -12717000, "calculatedOtherIncome": -4757000, "calculatedIncomeNonControlling": 0, "calculatedEbitda": -44094000}, {"date": "2021-12-31", "symbol": "TENB", "reportedCurrency": "USD", "cik": "0001660280", "fillingDate": "2022-02-25", "acceptedDate": "2022-02-25 16:54:04", "calendarYear": "2021", "period": "FY", "revenue": 541130000, "costOfRevenue": 106396000, "grossProfit": 434734000, "grossProfitRatio": 0.8033818121, "researchAndDevelopmentExpenses": 116432000, "generalAndAdministrativeExpenses": 89912000, "sellingAndMarketingExpenses": 270158000, "sellingGeneralAndAdministrativeExpenses": 360070000, "otherExpenses": -1965000, "operatingExpenses": 476502000, "costAndExpenses": 582898000, "interestIncome": 606000, "interestExpense": -6896000, "depreciationAndAmortization": 16170000, "ebitda": -25598000, "ebitdaratio": -0.0473047142, "operatingIncome": -41768000, "operatingIncomeRatio": -0.077186628, "totalOtherIncomeExpensesNet": -8861000, "incomeBeforeTax": -50629000, "incomeBeforeTaxRatio": -0.0935616211, "incomeTaxExpense": -3952000, "netIncome": -46677000, "netIncomeRatio": -0.0862583852, "eps": -0.44, "epsdiluted": -0.44, "weightedAverageShsOut": 106387000, "weightedAverageShsOutDil": 106387000, "link": "https://www.sec.gov/Archives/edgar/data/1660280/000166028022000035/0001660280-22-000035-index.htm", "finalLink": "https://www.sec.gov/Archives/edgar/data/1660280/000166028022000035/tenb-20211231.htm", "calculatedOtherExpenses": 0, "calculatedOperatingExpenses": 476502000, "calculatedNetInterest": 7502000, "calculatedOtherIncome": -16363000, "calculatedIncomeNonControlling": 0, "calculatedEbitda": -25598000}, {"date": "2020-12-31", "symbol": "TENB", "reportedCurrency": "USD", "cik": "0001660280", "fillingDate": "2021-02-23", "acceptedDate": "2021-02-22 19:43:02", "calendarYear": "2020", "period": "FY", "revenue": 440221000, "costOfRevenue": 77554000, "grossProfit": 362667000, "grossProfitRatio": 0.8238293948, "researchAndDevelopmentExpenses": 101687000, "generalAndAdministrativeExpenses": 73136000, "sellingAndMarketingExpenses": 224277000, "sellingGeneralAndAdministrativeExpenses": 297413000, "otherExpenses": -1885000, "operatingExpenses": 399100000, "costAndExpenses": 476654000, "interestIncome": 1244000, "interestExpense": 1244000, "depreciationAndAmortization": 10633000, "ebitda": -25800000, "ebitdaratio": -0.058606927, "operatingIncome": -36433000, "operatingIncomeRatio": -0.0827607043, "totalOtherIncomeExpensesNet": -641000, "incomeBeforeTax": -37074000, "incomeBeforeTaxRatio": -0.0842167911, "incomeTaxExpense": 5657000, "netIncome": -42731000, "netIncomeRatio": -0.0970671549, "eps": -0.42, "epsdiluted": -0.42, "weightedAverageShsOut": 101009000, "weightedAverageShsOutDil": 101009000, "link": "https://www.sec.gov/Archives/edgar/data/1660280/000166028021000027/0001660280-21-000027-index.htm", "finalLink": "https://www.sec.gov/Archives/edgar/data/1660280/000166028021000027/tenb-20201231.htm", "calculatedOtherExpenses": 0, "calculatedOperatingExpenses": 399100000, "calculatedNetInterest": 0, "calculatedOtherIncome": -641000, "calculatedIncomeNonControlling": 0, "calculatedEbitda": -25800000}, {"date": "2019-12-31", "symbol": "TENB", "reportedCurrency": "USD", "cik": "0001660280", "fillingDate": "2020-02-28", "acceptedDate": "2020-02-28 16:10:27", "calendarYear": "2019", "period": "FY", "revenue": 354586000, "costOfRevenue": 60818000, "grossProfit": 293768000, "grossProfitRatio": 0.8284816659, "researchAndDevelopmentExpenses": 87064000, "generalAndAdministrativeExpenses": 69468000, "sellingAndMarketingExpenses": 228035000, "sellingGeneralAndAdministrativeExpenses": 297503000, "otherExpenses": -680000, "operatingExpenses": 384567000, "costAndExpenses": 445385000, "interestIncome": 5830000, "interestExpense": 5830000, "depreciationAndAmortization": 6880000, "ebitda": -83919000, "ebitdaratio": -0.2366675503, "operatingIncome": -90799000, "operatingIncomeRatio": -0.2560704596, "totalOtherIncomeExpensesNet": 5150000, "incomeBeforeTax": -85649000, "incomeBeforeTaxRatio": -0.2415464796, "incomeTaxExpense": 13364000, "netIncome": -99013000, "netIncomeRatio": -0.2792355028, "eps": -1.03, "epsdiluted": -1.03, "weightedAverageShsOut": 96014000, "weightedAverageShsOutDil": 96014000, "link": "https://www.sec.gov/Archives/edgar/data/1660280/000166028020000012/0001660280-20-000012-index.htm", "finalLink": "https://www.sec.gov/Archives/edgar/data/1660280/000166028020000012/q42019tenablefinancial.htm", "calculatedOtherExpenses": 0, "calculatedOperatingExpenses": 384567000, "calculatedNetInterest": 0, "calculatedOtherIncome": 5150000, "calculatedIncomeNonControlling": 0, "calculatedEbitda": -83919000}, {"date": "2018-12-31", "symbol": "TENB", "reportedCurrency": "USD", "cik": "0001660280", "fillingDate": "2019-03-01", "acceptedDate": "2019-03-01 17:22:59", "calendarYear": "2018", "period": "FY", "revenue": 267360000, "costOfRevenue": 43167000, "grossProfit": 224193000, "grossProfitRatio": 0.8385435368, "researchAndDevelopmentExpenses": 76698000, "generalAndAdministrativeExpenses": 46732000, "sellingAndMarketingExpenses": 173344000, "sellingGeneralAndAdministrativeExpenses": 220076000, "otherExpenses": 1424000, "operatingExpenses": 296774000, "costAndExpenses": 339941000, "interestIncome": 0, "interestExpense": 0, "depreciationAndAmortization": 6192000, "ebitda": -66389000, "ebitdaratio": -0.2483131358, "operatingIncome": -72581000, "operatingIncomeRatio": -0.2714729204, "totalOtherIncomeExpensesNet": 1424000, "incomeBeforeTax": -71157000, "incomeBeforeTaxRatio": -0.2661467684, "incomeTaxExpense": 2364000, "netIncome": -73521000, "netIncomeRatio": -0.2749887792, "eps": -1.37, "epsdiluted": -1.37, "weightedAverageShsOut": 53590579, "weightedAverageShsOutDil": 53669000, "link": "https://www.sec.gov/Archives/edgar/data/1660280/000166028019000012/0001660280-19-000012-index.htm", "finalLink": "https://www.sec.gov/Archives/edgar/data/1660280/000166028019000012/q42018tenablefinancial.htm", "calculatedOtherExpenses": 0, "calculatedOperatingExpenses": 296774000, "calculatedNetInterest": 0, "calculatedOtherIncome": 1424000, "calculatedIncomeNonControlling": 0, "calculatedEbitda": -66389000}, {"date": "2017-12-31", "symbol": "TENB", "reportedCurrency": "USD", "cik": "0001660280", "fillingDate": "2017-12-31", "acceptedDate": "2017-12-30 19:00:00", "calendarYear": "2017", "period": "FY", "revenue": 187727000, "costOfRevenue": 25588000, "grossProfit": 162139000, "grossProfitRatio": 0.8636956858, "researchAndDevelopmentExpenses": 57673000, "generalAndAdministrativeExpenses": 28927000, "sellingAndMarketingExpenses": 116299000, "sellingGeneralAndAdministrativeExpenses": 145226000, "otherExpenses": -91000, "operatingExpenses": 202899000, "costAndExpenses": 228487000, "interestIncome": 0, "interestExpense": 0, "depreciationAndAmortization": 4692000, "ebitda": -36068000, "ebitdaratio": -0.1921300612, "operatingIncome": -40760000, "operatingIncomeRatio": -0.2171238021, "totalOtherIncomeExpensesNet": -91000, "incomeBeforeTax": -40851000, "incomeBeforeTaxRatio": -0.2176085486, "incomeTaxExpense": 171000, "netIncome": -41022000, "netIncomeRatio": -0.2185194458, "eps": -0.52, "epsdiluted": -0.52, "weightedAverageShsOut": 78881000, "weightedAverageShsOutDil": 78881000, "link": "", "finalLink": "", "calculatedOtherExpenses": 0, "calculatedOperatingExpenses": 202899000, "calculatedNetInterest": 0, "calculatedOtherIncome": -91000, "calculatedIncomeNonControlling": 0, "calculatedEbitda": -36068000}, {"date": "2016-12-31", "symbol": "TENB", "reportedCurrency": "USD", "cik": "0001660280", "fillingDate": "2016-12-31", "acceptedDate": "2016-12-30 19:00:00", "calendarYear": "2016", "period": "FY", "revenue": 124371000, "costOfRevenue": 14219000, "grossProfit": 110152000, "grossProfitRatio": 0.8856727051, "researchAndDevelopmentExpenses": 40085000, "generalAndAdministrativeExpenses": 20164000, "sellingAndMarketingExpenses": 85736000, "sellingGeneralAndAdministrativeExpenses": 105900000, "otherExpenses": -532000, "operatingExpenses": 145985000, "costAndExpenses": 160204000, "interestIncome": 0, "interestExpense": 0, "depreciationAndAmortization": 3060000, "ebitda": -32773000, "ebitdaratio": -0.2635099822, "operatingIncome": -35833000, "operatingIncomeRatio": -0.2881137886, "totalOtherIncomeExpensesNet": -532000, "incomeBeforeTax": -36365000, "incomeBeforeTaxRatio": -0.2923913131, "incomeTaxExpense": 843000, "netIncome": -37208000, "netIncomeRatio": -0.2991694205, "eps": -0.47, "epsdiluted": -0.47, "weightedAverageShsOut": 78881000, "weightedAverageShsOutDil": 78881000, "link": "", "finalLink": "", "calculatedOtherExpenses": 0, "calculatedOperatingExpenses": 145985000, "calculatedNetInterest": 0, "calculatedOtherIncome": -532000, "calculatedIncomeNonControlling": 0, "calculatedEbitda": -32773000}]}