{"originalCurrency": "USD", "convertedCurrency": "USD", "report": [{"date": "2023-12-31", "symbol": "TER", "reportedCurrency": "USD", "cik": "0000097210", "fillingDate": "2024-02-22", "acceptedDate": "2024-02-22 15:34:26", "calendarYear": "2023", "period": "FY", "revenue": 2676298000, "costOfRevenue": 1135352000, "grossProfit": 1540946000, "grossProfitRatio": 0.5757751939, "researchAndDevelopmentExpenses": 418089000, "generalAndAdministrativeExpenses": 0, "sellingAndMarketingExpenses": 0, "sellingGeneralAndAdministrativeExpenses": 577315000, "otherExpenses": 1035680000000, "operatingExpenses": 1018601000, "costAndExpenses": 2153953000, "interestIncome": -27348000, "interestExpense": 3806000, "depreciationAndAmortization": 111117000, "ebitda": 633462000, "ebitdaratio": 0.2366933727, "operatingIncome": 522345000, "operatingIncomeRatio": 0.1951744537, "totalOtherIncomeExpensesNet": 3227000, "incomeBeforeTax": 525572000, "incomeBeforeTaxRatio": 0.1963802237, "incomeTaxExpense": 76820000, "netIncome": 448752000, "netIncomeRatio": 0.1676763948, "eps": 2.91, "epsdiluted": 2.73, "weightedAverageShsOut": 154310000, "weightedAverageShsOutDil": 164304000, "link": "https://www.sec.gov/Archives/edgar/data/97210/000095017024018701/0000950170-24-018701-index.htm", "finalLink": "https://www.sec.gov/Archives/edgar/data/97210/000095017024018701/ter-20231231.htm", "calculatedOtherExpenses": 23197000, "calculatedOperatingExpenses": 1018601000, "calculatedNetInterest": -31154000, "calculatedOtherIncome": 34381000, "calculatedIncomeNonControlling": 0, "calculatedEbitda": 633462000}, {"date": "2022-12-31", "symbol": "TER", "reportedCurrency": "USD", "cik": "0000097210", "fillingDate": "2023-02-22", "acceptedDate": "2023-02-22 15:12:27", "calendarYear": "2022", "period": "FY", "revenue": 3155045000, "costOfRevenue": 1287894000, "grossProfit": 1867151000, "grossProfitRatio": 0.5917985322, "researchAndDevelopmentExpenses": 440591000, "generalAndAdministrativeExpenses": 0, "sellingAndMarketingExpenses": 0, "sellingGeneralAndAdministrativeExpenses": 558103000, "otherExpenses": 19333000, "operatingExpenses": 1018027000, "costAndExpenses": 2305921000, "interestIncome": 8446000, "interestExpense": 3719000, "depreciationAndAmortization": 145060000, "ebitda": 976999000, "ebitdaratio": 0.3096624612, "operatingIncome": 831939000, "operatingIncomeRatio": 0.263685304, "totalOtherIncomeExpensesNet": 8446000, "incomeBeforeTax": 840385000, "incomeBeforeTaxRatio": 0.2663622864, "incomeTaxExpense": 124884000, "netIncome": 715501000, "netIncomeRatio": 0.2267799667, "eps": 4.52, "epsdiluted": 4.22, "weightedAverageShsOut": 158434000, "weightedAverageShsOutDil": 169734000, "link": "https://www.sec.gov/Archives/edgar/data/97210/000119312523044711/0001193125-23-044711-index.htm", "finalLink": "https://www.sec.gov/Archives/edgar/data/97210/000119312523044711/d414778d10k.htm", "calculatedOtherExpenses": 36518000, "calculatedOperatingExpenses": 1035212000, "calculatedNetInterest": 4727000, "calculatedOtherIncome": 3719000, "calculatedIncomeNonControlling": 0, "calculatedEbitda": 976999000}, {"date": "2021-12-31", "symbol": "TER", "reportedCurrency": "USD", "cik": "0000097210", "fillingDate": "2022-02-23", "acceptedDate": "2022-02-23 15:19:17", "calendarYear": "2021", "period": "FY", "revenue": 3702881000, "costOfRevenue": 1496225000, "grossProfit": 2206656000, "grossProfitRatio": 0.5959294938, "researchAndDevelopmentExpenses": 427609000, "generalAndAdministrativeExpenses": 0, "sellingAndMarketingExpenses": 0, "sellingGeneralAndAdministrativeExpenses": 547559000, "otherExpenses": 21456000, "operatingExpenses": 996624000, "costAndExpenses": 2492849000, "interestIncome": 2627000, "interestExpense": 39765000, "depreciationAndAmortization": 126797000, "ebitda": 1335517000, "ebitdaratio": 0.3606697056, "operatingIncome": 1208720000, "operatingIncomeRatio": 0.3264269092, "totalOtherIncomeExpensesNet": -39765000, "incomeBeforeTax": 1168955000, "incomeBeforeTaxRatio": 0.3156879738, "incomeTaxExpense": 148122000, "netIncome": 1014589000, "netIncomeRatio": 0.2739998936, "eps": 6.15, "epsdiluted": 5.53, "weightedAverageShsOut": 164960000, "weightedAverageShsOutDil": 183625000, "link": "https://www.sec.gov/Archives/edgar/data/97210/000119312522049828/0001193125-22-049828-index.htm", "finalLink": "https://www.sec.gov/Archives/edgar/data/97210/000119312522049828/d213661d10k.htm", "calculatedOtherExpenses": 22768000, "calculatedOperatingExpenses": 997936000, "calculatedNetInterest": -37138000, "calculatedOtherIncome": -2627000, "calculatedIncomeNonControlling": 6244000, "calculatedEbitda": 1335517000}, {"date": "2020-12-31", "symbol": "TER", "reportedCurrency": "USD", "cik": "0000097210", "fillingDate": "2021-02-22", "acceptedDate": "2021-02-22 16:04:39", "calendarYear": "2020", "period": "FY", "revenue": 3121469000, "costOfRevenue": 1335728000, "grossProfit": 1785741000, "grossProfitRatio": 0.5720835286, "researchAndDevelopmentExpenses": 374964000, "generalAndAdministrativeExpenses": 0, "sellingAndMarketingExpenses": 0, "sellingGeneralAndAdministrativeExpenses": 464769000, "otherExpenses": 30803000, "operatingExpenses": 870536000, "costAndExpenses": 2206264000, "interestIncome": 5982000, "interestExpense": 27392000, "depreciationAndAmortization": 113541000, "ebitda": 1041948000, "ebitdaratio": 0.3338005279, "operatingIncome": 928407000, "operatingIncomeRatio": 0.2974263079, "totalOtherIncomeExpensesNet": -27392000, "incomeBeforeTax": 901015000, "incomeBeforeTaxRatio": 0.2886509525, "incomeTaxExpense": 116868000, "netIncome": 784147000, "netIncomeRatio": 0.2512108882, "eps": 4.72, "epsdiluted": 4.28, "weightedAverageShsOut": 166120000, "weightedAverageShsOutDil": 183042000, "link": "https://www.sec.gov/Archives/edgar/data/97210/000119312521050735/0001193125-21-050735-index.htm", "finalLink": "https://www.sec.gov/Archives/edgar/data/97210/000119312521050735/d69963d10k.htm", "calculatedOtherExpenses": 17601000, "calculatedOperatingExpenses": 857334000, "calculatedNetInterest": -21410000, "calculatedOtherIncome": -5982000, "calculatedIncomeNonControlling": 0, "calculatedEbitda": 1041948000}, {"date": "2019-12-31", "symbol": "TER", "reportedCurrency": "USD", "cik": "0000097210", "fillingDate": "2020-03-02", "acceptedDate": "2020-03-02 14:20:16", "calendarYear": "2019", "period": "FY", "revenue": 2294965000, "costOfRevenue": 955136000, "grossProfit": 1339829000, "grossProfitRatio": 0.5838123893, "researchAndDevelopmentExpenses": 322824000, "generalAndAdministrativeExpenses": 0, "sellingAndMarketingExpenses": 0, "sellingGeneralAndAdministrativeExpenses": 437083000, "otherExpenses": 40147000, "operatingExpenses": 800054000, "costAndExpenses": 1755190000, "interestIncome": 24785000, "interestExpense": 12881000, "depreciationAndAmortization": 106775000, "ebitda": 660428000, "ebitdaratio": 0.2877725804, "operatingIncome": 553653000, "operatingIncomeRatio": 0.2412468164, "totalOtherIncomeExpensesNet": -12881000, "incomeBeforeTax": 540772000, "incomeBeforeTaxRatio": 0.2356340946, "incomeTaxExpense": 61597000, "netIncome": 479175000, "netIncomeRatio": 0.2087940339, "eps": 2.74, "epsdiluted": 2.6, "weightedAverageShsOut": 170425000, "weightedAverageShsOutDil": 179459000, "link": "https://www.sec.gov/Archives/edgar/data/97210/000119312520058676/0001193125-20-058676-index.htm", "finalLink": "https://www.sec.gov/Archives/edgar/data/97210/000119312520058676/d860886d10k.htm", "calculatedOtherExpenses": 26269000, "calculatedOperatingExpenses": 786176000, "calculatedNetInterest": 11904000, "calculatedOtherIncome": -24785000, "calculatedIncomeNonControlling": 0, "calculatedEbitda": 660428000}, {"date": "2018-12-31", "symbol": "TER", "reportedCurrency": "USD", "cik": "0000097210", "fillingDate": "2019-03-01", "acceptedDate": "2019-03-01 12:03:21", "calendarYear": "2018", "period": "FY", "revenue": 2100802000, "costOfRevenue": 880408000, "grossProfit": 1220394000, "grossProfitRatio": 0.5809181446, "researchAndDevelopmentExpenses": 301505000, "generalAndAdministrativeExpenses": 0, "sellingAndMarketingExpenses": 0, "sellingGeneralAndAdministrativeExpenses": 390669000, "otherExpenses": -947000, "operatingExpenses": 731365000, "costAndExpenses": 1611773000, "interestIncome": 26704000, "interestExpense": 5996000, "depreciationAndAmortization": 113224000, "ebitda": 602253000, "ebitdaratio": 0.2866776593, "operatingIncome": 473797000, "operatingIncomeRatio": 0.2255314875, "totalOtherIncomeExpensesNet": -15232000, "incomeBeforeTax": 467801000, "incomeBeforeTaxRatio": 0.2226773394, "incomeTaxExpense": 16022000, "netIncome": 451779000, "netIncomeRatio": 0.2150507282, "eps": 2.41, "epsdiluted": 2.35, "weightedAverageShsOut": 187672000, "weightedAverageShsOutDil": 192605000, "link": "https://www.sec.gov/Archives/edgar/data/97210/000119312519059974/0001193125-19-059974-index.htm", "finalLink": "https://www.sec.gov/Archives/edgar/data/97210/000119312519059974/d652525d10k.htm", "calculatedOtherExpenses": 54423000, "calculatedOperatingExpenses": 746597000, "calculatedNetInterest": 20708000, "calculatedOtherIncome": -26704000, "calculatedIncomeNonControlling": 0, "calculatedEbitda": 587021000}, {"date": "2017-12-31", "symbol": "TER", "reportedCurrency": "USD", "cik": "0000097210", "fillingDate": "2018-03-01", "acceptedDate": "2018-03-01 14:14:00", "calendarYear": "2017", "period": "FY", "revenue": 2136606000, "costOfRevenue": 912734000, "grossProfit": 1223872000, "grossProfitRatio": 0.5728112717, "researchAndDevelopmentExpenses": 305665000, "generalAndAdministrativeExpenses": 0, "sellingAndMarketingExpenses": 0, "sellingGeneralAndAdministrativeExpenses": 348287000, "otherExpenses": -1758000, "operatingExpenses": 684482000, "costAndExpenses": 1597216000, "interestIncome": 17805000, "interestExpense": 5616000, "depreciationAndAmortization": 108075000, "ebitda": 647465000, "ebitdaratio": 0.3030343451, "operatingIncome": 530028000, "operatingIncomeRatio": 0.24807007, "totalOtherIncomeExpensesNet": -9362000, "incomeBeforeTax": 524412000, "incomeBeforeTaxRatio": 0.2454416022, "incomeTaxExpense": 266720000, "netIncome": 257692000, "netIncomeRatio": 0.1206081046, "eps": 1.3, "epsdiluted": 1.28, "weightedAverageShsOut": 198069000, "weightedAverageShsOutDil": 201641000, "link": "https://www.sec.gov/Archives/edgar/data/97210/000119312518066579/0001193125-18-066579-index.htm", "finalLink": "https://www.sec.gov/Archives/edgar/data/97210/000119312518066579/d504255d10k.htm", "calculatedOtherExpenses": 39892000, "calculatedOperatingExpenses": 693844000, "calculatedNetInterest": 12189000, "calculatedOtherIncome": -17805000, "calculatedIncomeNonControlling": 0, "calculatedEbitda": 638103000}, {"date": "2016-12-31", "symbol": "TER", "reportedCurrency": "USD", "cik": "0000097210", "fillingDate": "2017-03-01", "acceptedDate": "2017-03-01 12:10:57", "calendarYear": "2016", "period": "FY", "revenue": 1753250000, "costOfRevenue": 793683000, "grossProfit": 959567000, "grossProfitRatio": 0.5473075717, "researchAndDevelopmentExpenses": 291025000, "generalAndAdministrativeExpenses": 0, "sellingAndMarketingExpenses": 0, "sellingGeneralAndAdministrativeExpenses": 315682000, "otherExpenses": -704000, "operatingExpenses": 659355000, "costAndExpenses": 1453038000, "interestIncome": 4955000, "interestExpense": 4955000, "depreciationAndAmortization": 120009000, "ebitda": 780448000, "ebitdaratio": 0.4451435905, "operatingIncome": -60015000, "operatingIncomeRatio": -0.0342307144, "totalOtherIncomeExpensesNet": -360227000, "incomeBeforeTax": -55060000, "incomeBeforeTaxRatio": -0.0314045344, "incomeTaxExpense": -11639000, "netIncome": -43421000, "netIncomeRatio": -0.024766006, "eps": -0.21, "epsdiluted": -0.21, "weightedAverageShsOut": 202578000, "weightedAverageShsOutDil": 202578000, "link": "https://www.sec.gov/Archives/edgar/data/97210/000119312517064638/0001193125-17-064638-index.htm", "finalLink": "https://www.sec.gov/Archives/edgar/data/97210/000119312517064638/d274101d10k.htm", "calculatedOtherExpenses": 412875000, "calculatedOperatingExpenses": 1019582000, "calculatedNetInterest": 0, "calculatedOtherIncome": 4955000, "calculatedIncomeNonControlling": 0, "calculatedEbitda": 59994000}, {"date": "2015-12-31", "symbol": "TER", "reportedCurrency": "USD", "cik": "0000097210", "fillingDate": "2016-02-29", "acceptedDate": "2016-02-29 12:10:57", "calendarYear": "2015", "period": "FY", "revenue": 1639578000, "costOfRevenue": 723935000, "grossProfit": 915643000, "grossProfitRatio": 0.5584626044, "researchAndDevelopmentExpenses": 292250000, "generalAndAdministrativeExpenses": 0, "sellingAndMarketingExpenses": 0, "sellingGeneralAndAdministrativeExpenses": 306313000, "otherExpenses": 4817000, "operatingExpenses": 667594000, "costAndExpenses": 1391529000, "interestIncome": 10155000, "interestExpense": 10155000, "depreciationAndAmortization": 140772000, "ebitda": 393901000, "ebitdaratio": 0.2402453558, "operatingIncome": 242969000, "operatingIncomeRatio": 0.1481899611, "totalOtherIncomeExpensesNet": -5080000, "incomeBeforeTax": 253124000, "incomeBeforeTaxRatio": 0.154383628, "incomeTaxExpense": 46647000, "netIncome": 206477000, "netIncomeRatio": 0.1259330145, "eps": 0.98, "epsdiluted": 0.97, "weightedAverageShsOut": 211544000, "weightedAverageShsOutDil": 213321000, "link": "https://www.sec.gov/Archives/edgar/data/97210/000119312516484381/0001193125-16-484381-index.htm", "finalLink": "https://www.sec.gov/Archives/edgar/data/97210/000119312516484381/d126262d10k.htm", "calculatedOtherExpenses": 74111000, "calculatedOperatingExpenses": 672674000, "calculatedNetInterest": 0, "calculatedOtherIncome": 10155000, "calculatedIncomeNonControlling": 0, "calculatedEbitda": 383741000}, {"date": "2014-12-31", "symbol": "TER", "reportedCurrency": "USD", "cik": "0000097210", "fillingDate": "2015-02-27", "acceptedDate": "2015-02-27 09:59:41", "calendarYear": "2014", "period": "FY", "revenue": 1647824000, "costOfRevenue": 769016000, "grossProfit": 878808000, "grossProfitRatio": 0.5333142374, "researchAndDevelopmentExpenses": 291639000, "generalAndAdministrativeExpenses": 0, "sellingAndMarketingExpenses": 0, "sellingGeneralAndAdministrativeExpenses": 319713000, "otherExpenses": -372000, "operatingExpenses": 682123000, "costAndExpenses": 1451139000, "interestIncome": 6259000, "interestExpense": 1047000, "depreciationAndAmortization": 152544000, "ebitda": 349229000, "ebitdaratio": 0.2119334346, "operatingIncome": 96423000, "operatingIncomeRatio": 0.0585153512, "totalOtherIncomeExpensesNet": -100262000, "incomeBeforeTax": 95376000, "incomeBeforeTaxRatio": 0.0578799678, "incomeTaxExpense": 14104000, "netIncome": 81272000, "netIncomeRatio": 0.0493208013, "eps": 0.4, "epsdiluted": 0.37, "weightedAverageShsOut": 202908000, "weightedAverageShsOutDil": 222550000, "link": "https://www.sec.gov/Archives/edgar/data/97210/000119312515067671/0001193125-15-067671-index.htm", "finalLink": "https://www.sec.gov/Archives/edgar/data/97210/000119312515067671/d829718d10k.htm", "calculatedOtherExpenses": 171033000, "calculatedOperatingExpenses": 782385000, "calculatedNetInterest": 5212000, "calculatedOtherIncome": -6259000, "calculatedIncomeNonControlling": 0, "calculatedEbitda": 248967000}, {"date": "2013-12-31", "symbol": "TER", "reportedCurrency": "USD", "cik": "0000097210", "fillingDate": "2014-02-28", "acceptedDate": "2014-02-28 15:51:24", "calendarYear": "2013", "period": "FY", "revenue": 1427933000, "costOfRevenue": 619132000, "grossProfit": 808801000, "grossProfitRatio": 0.5664138303, "researchAndDevelopmentExpenses": 264055000, "generalAndAdministrativeExpenses": 0, "sellingAndMarketingExpenses": 0, "sellingGeneralAndAdministrativeExpenses": 279560000, "otherExpenses": 72447000, "operatingExpenses": 616062000, "costAndExpenses": 1235194000, "interestIncome": 11263000, "interestExpense": 11263000, "depreciationAndAmortization": 150687000, "ebitda": 345506000, "ebitdaratio": 0.241962333, "operatingIncome": 190659000, "operatingIncomeRatio": 0.1335209705, "totalOtherIncomeExpensesNet": -2080000, "incomeBeforeTax": 201922000, "incomeBeforeTaxRatio": 0.1414085955, "incomeTaxExpense": 36975000, "netIncome": 164947000, "netIncomeRatio": 0.1155145234, "eps": 0.86, "epsdiluted": 0.7, "weightedAverageShsOut": 190772000, "weightedAverageShsOutDil": 235599000, "link": "https://www.sec.gov/Archives/edgar/data/97210/000119312514077218/0001193125-14-077218-index.htm", "finalLink": "https://www.sec.gov/Archives/edgar/data/97210/000119312514077218/d651046d10k.htm", "calculatedOtherExpenses": 74527000, "calculatedOperatingExpenses": 618142000, "calculatedNetInterest": 0, "calculatedOtherIncome": 11263000, "calculatedIncomeNonControlling": 0, "calculatedEbitda": 341346000}, {"date": "2012-12-31", "symbol": "TER", "reportedCurrency": "USD", "cik": "0000097210", "fillingDate": "2013-03-01", "acceptedDate": "2013-03-01 16:35:41", "calendarYear": "2012", "period": "FY", "revenue": 1656750000, "costOfRevenue": 770713000, "grossProfit": 886037000, "grossProfitRatio": 0.5348042855, "researchAndDevelopmentExpenses": 251382000, "generalAndAdministrativeExpenses": 0, "sellingAndMarketingExpenses": 0, "sellingGeneralAndAdministrativeExpenses": 281500000, "otherExpenses": 73508000, "operatingExpenses": 606390000, "costAndExpenses": 1377103000, "interestIncome": 4090000, "interestExpense": 21392000, "depreciationAndAmortization": 142799000, "ebitda": 422446000, "ebitdaratio": 0.2549847593, "operatingIncome": 287368000, "operatingIncomeRatio": 0.1734528444, "totalOtherIncomeExpensesNet": 7721000, "incomeBeforeTax": 265976000, "incomeBeforeTaxRatio": 0.1605408179, "incomeTaxExpense": 48927000, "netIncome": 217049000, "netIncomeRatio": 0.131008903, "eps": 1.16, "epsdiluted": 0.94, "weightedAverageShsOut": 186878000, "weightedAverageShsOutDil": 230246000, "link": "https://www.sec.gov/Archives/edgar/data/97210/000119312513087821/0001193125-13-087821-index.htm", "finalLink": "https://www.sec.gov/Archives/edgar/data/97210/000119312513087821/d440736d10k.htm", "calculatedOtherExpenses": 65787000, "calculatedOperatingExpenses": 598669000, "calculatedNetInterest": -17302000, "calculatedOtherIncome": -4090000, "calculatedIncomeNonControlling": 0, "calculatedEbitda": 430167000}, {"date": "2011-12-30", "symbol": "TER", "reportedCurrency": "USD", "cik": "0000097210", "fillingDate": "2012-02-29", "acceptedDate": "2012-02-29 09:54:12", "calendarYear": "2011", "period": "FY", "revenue": 1429061000, "costOfRevenue": 715368000, "grossProfit": 713693000, "grossProfitRatio": 0.4994139508, "researchAndDevelopmentExpenses": 195600000, "generalAndAdministrativeExpenses": 0, "sellingAndMarketingExpenses": 0, "sellingGeneralAndAdministrativeExpenses": 233711000, "otherExpenses": 40465000, "operatingExpenses": 469776000, "costAndExpenses": 1185144000, "interestIncome": 6617000, "interestExpense": 17077000, "depreciationAndAmortization": 113324000, "ebitda": 357241000, "ebitdaratio": 0.2499830308, "operatingIncome": 235714000, "operatingIncomeRatio": 0.1649432739, "totalOtherIncomeExpensesNet": -8203000, "incomeBeforeTax": 218637000, "incomeBeforeTaxRatio": 0.1529934691, "incomeTaxExpense": -119199000, "netIncome": 363752000, "netIncomeRatio": 0.2545391694, "eps": 1.97, "epsdiluted": 1.6, "weightedAverageShsOut": 184683000, "weightedAverageShsOutDil": 226820000, "link": "https://www.sec.gov/Archives/edgar/data/97210/000119312512087457/0001193125-12-087457-index.htm", "finalLink": "https://www.sec.gov/Archives/edgar/data/97210/000119312512087457/d263943d10k.htm", "calculatedOtherExpenses": 48668000, "calculatedOperatingExpenses": 477979000, "calculatedNetInterest": -10460000, "calculatedOtherIncome": -6617000, "calculatedIncomeNonControlling": -25916000, "calculatedEbitda": 349038000}, {"date": "2010-12-31", "symbol": "TER", "reportedCurrency": "USD", "cik": "0000097210", "fillingDate": "2011-03-01", "acceptedDate": "2011-03-01 14:03:37", "calendarYear": "2010", "period": "FY", "revenue": 1608650000, "costOfRevenue": 735901000, "grossProfit": 872749000, "grossProfitRatio": 0.5425350449, "researchAndDevelopmentExpenses": 197022000, "generalAndAdministrativeExpenses": 0, "sellingAndMarketingExpenses": 0, "sellingGeneralAndAdministrativeExpenses": 230101000, "otherExpenses": 29251000, "operatingExpenses": 456374000, "costAndExpenses": 1192275000, "interestIncome": 8104000, "interestExpense": 18956000, "depreciationAndAmortization": 99757000, "ebitda": 516132000, "ebitdaratio": 0.320847916, "operatingIncome": 413468000, "operatingIncomeRatio": 0.2570279427, "totalOtherIncomeExpensesNet": -2907000, "incomeBeforeTax": 394512000, "incomeBeforeTaxRatio": 0.2452441488, "incomeTaxExpense": 14782000, "netIncome": 379730000, "netIncomeRatio": 0.2360550772, "eps": 2.11, "epsdiluted": 1.73, "weightedAverageShsOut": 179924000, "weightedAverageShsOutDil": 226807000, "link": "https://www.sec.gov/Archives/edgar/data/97210/000119312511051703/0001193125-11-051703-index.htm", "finalLink": "https://www.sec.gov/Archives/edgar/data/97210/000119312511051703/d10k.htm", "calculatedOtherExpenses": 32158000, "calculatedOperatingExpenses": 459281000, "calculatedNetInterest": -10852000, "calculatedOtherIncome": -8104000, "calculatedIncomeNonControlling": 0, "calculatedEbitda": 513225000}, {"date": "2009-12-31", "symbol": "TER", "reportedCurrency": "USD", "cik": "0000097210", "fillingDate": "2010-03-01", "acceptedDate": "2010-03-01 17:11:36", "calendarYear": "2009", "period": "FY", "revenue": 819407000, "costOfRevenue": 507774000, "grossProfit": 311633000, "grossProfitRatio": 0.3803152768, "researchAndDevelopmentExpenses": 164836000, "generalAndAdministrativeExpenses": 0, "sellingAndMarketingExpenses": 0, "sellingGeneralAndAdministrativeExpenses": 200430000, "otherExpenses": 32296000, "operatingExpenses": 397561000, "costAndExpenses": 905335000, "interestIncome": 3417000, "interestExpense": 20217000, "depreciationAndAmortization": 32295000, "ebitda": -53633000, "ebitdaratio": -0.0654534316, "operatingIncome": -122420000, "operatingIncomeRatio": -0.1494007252, "totalOtherIncomeExpensesNet": -36492000, "incomeBeforeTax": -142637000, "incomeBeforeTaxRatio": -0.1740734458, "incomeTaxExpense": -8800000, "netIncome": -133837000, "netIncomeRatio": -0.163333972, "eps": -0.77, "epsdiluted": -0.77, "weightedAverageShsOut": 173604000, "weightedAverageShsOutDil": 173604000, "link": "https://www.sec.gov/Archives/edgar/data/97210/000119312510044865/0001193125-10-044865-index.htm", "finalLink": "https://www.sec.gov/Archives/edgar/data/97210/000119312510044865/d10k.htm", "calculatedOtherExpenses": 68787000, "calculatedOperatingExpenses": 434053000, "calculatedNetInterest": -16800000, "calculatedOtherIncome": -3417000, "calculatedIncomeNonControlling": 0, "calculatedEbitda": -90125000}, {"date": "2008-12-31", "symbol": "TER", "reportedCurrency": "USD", "cik": "0000097210", "fillingDate": "2009-03-02", "acceptedDate": "2009-03-02 17:18:23", "calendarYear": "2008", "period": "FY", "revenue": 1107042000, "costOfRevenue": 608850000, "grossProfit": 498192000, "grossProfitRatio": 0.4500208664, "researchAndDevelopmentExpenses": 216461000, "generalAndAdministrativeExpenses": 0, "sellingAndMarketingExpenses": 0, "sellingGeneralAndAdministrativeExpenses": 247789000, "otherExpenses": 353914000, "operatingExpenses": 818164000, "costAndExpenses": 1427014000, "interestIncome": 0, "interestExpense": 0, "depreciationAndAmortization": 94760000, "ebitda": 172444000, "ebitdaratio": 0.1557700611, "operatingIncome": -384347000, "operatingIncomeRatio": -0.3471837564, "totalOtherIncomeExpensesNet": -397656000, "incomeBeforeTax": -386025000, "incomeBeforeTaxRatio": -0.3486995073, "incomeTaxExpense": 12577000, "netIncome": -397834000, "netIncomeRatio": -0.3593666726, "eps": -2.33, "epsdiluted": -2.33, "weightedAverageShsOut": 170593000, "weightedAverageShsOutDil": 170593000, "link": "https://www.sec.gov/Archives/edgar/data/97210/000119312509042745/0001193125-09-042745-index.htm", "finalLink": "https://www.sec.gov/Archives/edgar/data/97210/000119312509042745/d10k.htm", "calculatedOtherExpenses": 418289000, "calculatedOperatingExpenses": 882539000, "calculatedNetInterest": 0, "calculatedOtherIncome": -1678000, "calculatedIncomeNonControlling": -768000, "calculatedEbitda": -289587000}, {"date": "2007-12-31", "symbol": "TER", "reportedCurrency": "USD", "cik": "0000097210", "fillingDate": "2008-02-28", "acceptedDate": "2008-02-28 16:12:59", "calendarYear": "2007", "period": "FY", "revenue": 1102280000, "costOfRevenue": 588847000, "grossProfit": 513433000, "grossProfitRatio": 0.4657918133, "researchAndDevelopmentExpenses": 204344000, "generalAndAdministrativeExpenses": 0, "sellingAndMarketingExpenses": 0, "sellingGeneralAndAdministrativeExpenses": 250841000, "otherExpenses": 454526000, "operatingExpenses": 455185000, "costAndExpenses": 1044032000, "interestIncome": 35893000, "interestExpense": -689000, "depreciationAndAmortization": 67495000, "ebitda": 139952000, "ebitdaratio": 0.1269659252, "operatingIncome": 42207000, "operatingIncomeRatio": 0.038290634, "totalOtherIncomeExpensesNet": -14209000, "incomeBeforeTax": 79243000, "incomeBeforeTaxRatio": 0.0718900824, "incomeTaxExpense": 7360000, "netIncome": 77711000, "netIncomeRatio": 0.0705002359, "eps": 0.42, "epsdiluted": 0.42, "weightedAverageShsOut": 184020000, "weightedAverageShsOutDil": 185374000, "link": "https://www.sec.gov/Archives/edgar/data/97210/000119312508041765/0001193125-08-041765-index.htm", "finalLink": "https://www.sec.gov/Archives/edgar/data/97210/000119312508041765/d10k.htm", "calculatedOtherExpenses": 16041000, "calculatedOperatingExpenses": 471226000, "calculatedNetInterest": 36582000, "calculatedOtherIncome": 454000, "calculatedIncomeNonControlling": -5828000, "calculatedEbitda": 109702000}, {"date": "2006-12-31", "symbol": "TER", "reportedCurrency": "USD", "cik": "0000097210", "fillingDate": "2007-03-01", "acceptedDate": "2007-03-01 16:43:21", "calendarYear": "2006", "period": "FY", "revenue": 1376818000, "costOfRevenue": 716386000, "grossProfit": 660432000, "grossProfitRatio": 0.4796799577, "researchAndDevelopmentExpenses": 208702000, "generalAndAdministrativeExpenses": 0, "sellingAndMarketingExpenses": 0, "sellingGeneralAndAdministrativeExpenses": 289006000, "otherExpenses": 463601000, "operatingExpenses": 497708000, "costAndExpenses": 1214094000, "interestIncome": 44624000, "interestExpense": -11060000, "depreciationAndAmortization": 73540000, "ebitda": 202157000, "ebitdaratio": 0.1468291379, "operatingIncome": 196831000, "operatingIncomeRatio": 0.142960798, "totalOtherIncomeExpensesNet": 34107000, "incomeBeforeTax": 230395000, "incomeBeforeTaxRatio": 0.1673387478, "incomeTaxExpense": 27752000, "netIncome": 198757000, "netIncomeRatio": 0.1443596757, "eps": 1.02, "epsdiluted": 1.01, "weightedAverageShsOut": 194729000, "weightedAverageShsOutDil": 204414000, "link": "https://www.sec.gov/Archives/edgar/data/97210/000119312507044466/0001193125-07-044466-index.htm", "finalLink": "https://www.sec.gov/Archives/edgar/data/97210/000119312507044466/d10k.htm", "calculatedOtherExpenses": -34107000, "calculatedOperatingExpenses": 463601000, "calculatedNetInterest": 55684000, "calculatedOtherIncome": -22120000, "calculatedIncomeNonControlling": 3886000, "calculatedEbitda": 270371000}, {"date": "2005-12-31", "symbol": "TER", "reportedCurrency": "USD", "cik": "0000097210", "fillingDate": "2006-03-14", "acceptedDate": "2006-03-14 13:18:00", "calendarYear": "2005", "period": "FY", "revenue": 1075232000, "costOfRevenue": 663464000, "grossProfit": 411768000, "grossProfitRatio": 0.3829573525, "researchAndDevelopmentExpenses": 223015000, "generalAndAdministrativeExpenses": 0, "sellingAndMarketingExpenses": 0, "sellingGeneralAndAdministrativeExpenses": 252807000, "otherExpenses": 493466000, "operatingExpenses": 475822000, "costAndExpenses": 1139286000, "interestIncome": 17790000, "interestExpense": -16229000, "depreciationAndAmortization": 91168000, "ebitda": 44758000, "ebitdaratio": 0.0416263653, "operatingIncome": -81698000, "operatingIncomeRatio": -0.0759817416, "totalOtherIncomeExpensesNet": -17644000, "incomeBeforeTax": -80137000, "incomeBeforeTaxRatio": -0.0745299619, "incomeTaxExpense": -19680000, "netIncome": 90648000, "netIncomeRatio": 0.0843055266, "eps": 0.46, "epsdiluted": 0.46, "weightedAverageShsOut": 196283000, "weightedAverageShsOutDil": 196283000, "link": "https://www.sec.gov/Archives/edgar/data/97210/000119312506053399/0001193125-06-053399-index.htm", "finalLink": "https://www.sec.gov/Archives/edgar/data/97210/000119312506053399/d10k.htm", "calculatedOtherExpenses": 17644000, "calculatedOperatingExpenses": 493466000, "calculatedNetInterest": 34019000, "calculatedOtherIncome": -32458000, "calculatedIncomeNonControlling": -151105000, "calculatedEbitda": 9470000}, {"date": "2004-12-31", "symbol": "TER", "reportedCurrency": "USD", "cik": "0000097210", "fillingDate": "2005-03-16", "acceptedDate": "2005-03-16 13:43:18", "calendarYear": "2004", "period": "FY", "revenue": 1791880000, "costOfRevenue": 1068007000, "grossProfit": 723873000, "grossProfitRatio": 0.4039740384, "researchAndDevelopmentExpenses": 262000000, "generalAndAdministrativeExpenses": 0, "sellingAndMarketingExpenses": 0, "sellingGeneralAndAdministrativeExpenses": 268576000, "otherExpenses": -865000, "operatingExpenses": 529711000, "costAndExpenses": 1597718000, "interestIncome": 15387000, "interestExpense": -18752000, "depreciationAndAmortization": 124308000, "ebitda": 320428000, "ebitdaratio": 0.1788222426, "operatingIncome": 188803000, "operatingIncomeRatio": 0.1053658727, "totalOtherIncomeExpensesNet": -1958000, "incomeBeforeTax": 187974000, "incomeBeforeTaxRatio": 0.1049032301, "incomeTaxExpense": 22737000, "netIncome": 165237000, "netIncomeRatio": 0.0922143224, "eps": 0.85, "epsdiluted": 0.84, "weightedAverageShsOut": 194396471, "weightedAverageShsOutDil": 196710714, "link": "https://www.sec.gov/Archives/edgar/data/97210/000119312505052425/0001193125-05-052425-index.htm", "finalLink": "https://www.sec.gov/Archives/edgar/data/97210/000119312505052425/d10k.htm", "calculatedOtherExpenses": 4494000, "calculatedOperatingExpenses": 535070000, "calculatedNetInterest": 34139000, "calculatedOtherIncome": -34968000, "calculatedIncomeNonControlling": 0, "calculatedEbitda": 313111000}, {"date": "2003-12-31", "symbol": "TER", "reportedCurrency": "USD", "cik": "0000097210", "fillingDate": "2004-03-15", "acceptedDate": "2004-03-15 15:53:26", "calendarYear": "2003", "period": "FY", "revenue": 1352867000, "costOfRevenue": 953968000, "grossProfit": 398899000, "grossProfitRatio": 0.294854557, "researchAndDevelopmentExpenses": 254600000, "generalAndAdministrativeExpenses": 0, "sellingAndMarketingExpenses": 0, "sellingGeneralAndAdministrativeExpenses": 249464000, "otherExpenses": 0, "operatingExpenses": 504064000, "costAndExpenses": 1458032000, "interestIncome": 16953000, "interestExpense": -21783000, "depreciationAndAmortization": 152488000, "ebitda": 121481000, "ebitdaratio": 0.0897952275, "operatingIncome": -176449000, "operatingIncomeRatio": -0.1304259768, "totalOtherIncomeExpensesNet": -74158000, "incomeBeforeTax": -186193000, "incomeBeforeTaxRatio": -0.1376284587, "incomeTaxExpense": 7800000, "netIncome": -193993000, "netIncomeRatio": -0.1433939922, "eps": -1.03, "epsdiluted": -1.03, "weightedAverageShsOut": 188342718, "weightedAverageShsOutDil": 188342718, "link": "https://www.sec.gov/Archives/edgar/data/97210/000119312504042189/0001193125-04-042189-index.htm", "finalLink": "https://www.sec.gov/Archives/edgar/data/97210/000119312504042189/d10k.htm", "calculatedOtherExpenses": 71284000, "calculatedOperatingExpenses": 575348000, "calculatedNetInterest": 38736000, "calculatedOtherIncome": -48480000, "calculatedIncomeNonControlling": 0, "calculatedEbitda": -23961000}, {"date": "2002-12-31", "symbol": "TER", "reportedCurrency": "USD", "cik": "0000097210", "fillingDate": "2003-03-28", "acceptedDate": "2003-03-28 17:08:58", "calendarYear": "2002", "period": "FY", "revenue": 1222236000, "costOfRevenue": 989567000, "grossProfit": 232669000, "grossProfitRatio": 0.1903633995, "researchAndDevelopmentExpenses": 293922000, "generalAndAdministrativeExpenses": 0, "sellingAndMarketingExpenses": 0, "sellingGeneralAndAdministrativeExpenses": 290376000, "otherExpenses": 0, "operatingExpenses": 584298000, "costAndExpenses": 1573865000, "interestIncome": 0, "interestExpense": 0, "depreciationAndAmortization": 159689000, "ebitda": 12546000, "ebitdaratio": 0.0102647934, "operatingIncome": -555805000, "operatingIncomeRatio": -0.4547444192, "totalOtherIncomeExpensesNet": -204486000, "incomeBeforeTax": -560945000, "incomeBeforeTaxRatio": -0.4589498264, "incomeTaxExpense": 157524000, "netIncome": -718469000, "netIncomeRatio": -0.5878316463, "eps": -3.93, "epsdiluted": -3.93, "weightedAverageShsOut": 182816539, "weightedAverageShsOutDil": 182816539, "link": "https://www.sec.gov/Archives/edgar/data/97210/000092701603001489/0000927016-03-001489-index.htm", "finalLink": "https://www.sec.gov/Archives/edgar/data/97210/000092701603001489/d10k.txt", "calculatedOtherExpenses": 204176000, "calculatedOperatingExpenses": 788474000, "calculatedNetInterest": 0, "calculatedOtherIncome": -5140000, "calculatedIncomeNonControlling": 0, "calculatedEbitda": -396116000}, {"date": "2001-12-31", "symbol": "TER", "reportedCurrency": "USD", "cik": "0000097210", "fillingDate": "2002-03-29", "acceptedDate": "2002-03-29 00:00:00", "calendarYear": "2001", "period": "FY", "revenue": 1440581000, "costOfRevenue": 1181808000, "grossProfit": 258773000, "grossProfitRatio": 0.1796309961, "researchAndDevelopmentExpenses": 288657000, "generalAndAdministrativeExpenses": 0, "sellingAndMarketingExpenses": 0, "sellingGeneralAndAdministrativeExpenses": 270084000, "otherExpenses": 0, "operatingExpenses": 558741000, "costAndExpenses": 1740549000, "interestIncome": 0, "interestExpense": 0, "depreciationAndAmortization": 138668000, "ebitda": -116463000, "ebitdaratio": -0.0808444648, "operatingIncome": -352845000, "operatingIncomeRatio": -0.2449324266, "totalOtherIncomeExpensesNet": -44837000, "incomeBeforeTax": -326153000, "incomeBeforeTaxRatio": -0.2264037912, "incomeTaxExpense": -123938000, "netIncome": -202215000, "netIncomeRatio": -0.1403704478, "eps": -1.15, "epsdiluted": -1.15, "weightedAverageShsOut": 175828000, "weightedAverageShsOutDil": 175828000, "link": "https://www.sec.gov/Archives/edgar/data/97210/000092701602001784/0000927016-02-001784-index.htm", "finalLink": "https://www.sec.gov/Archives/edgar/data/97210/000092701602001784/d10k405.txt", "calculatedOtherExpenses": 52877000, "calculatedOperatingExpenses": 611618000, "calculatedNetInterest": 0, "calculatedOtherIncome": 26692000, "calculatedIncomeNonControlling": 0, "calculatedEbitda": -214177000}, {"date": "2000-12-31", "symbol": "TER", "reportedCurrency": "USD", "cik": "0000097210", "fillingDate": "2001-03-27", "acceptedDate": "2001-03-27 00:00:00", "calendarYear": "2000", "period": "FY", "revenue": 3043946000, "costOfRevenue": 1669699000, "grossProfit": 1374247000, "grossProfitRatio": 0.4514689157, "researchAndDevelopmentExpenses": 300920000, "generalAndAdministrativeExpenses": 0, "sellingAndMarketingExpenses": 0, "sellingGeneralAndAdministrativeExpenses": 362562000, "otherExpenses": 0, "operatingExpenses": 663482000, "costAndExpenses": 2333181000, "interestIncome": 0, "interestExpense": 0, "depreciationAndAmortization": 101862000, "ebitda": 812627000, "ebitdaratio": 0.2669649856, "operatingIncome": 710765000, "operatingIncomeRatio": 0.2335011856, "totalOtherIncomeExpensesNet": 28883000, "incomeBeforeTax": 739648000, "incomeBeforeTaxRatio": 0.2429898559, "incomeTaxExpense": 221894000, "netIncome": 453616000, "netIncomeRatio": 0.1490223545, "eps": 2.62, "epsdiluted": 2.51, "weightedAverageShsOut": 173312000, "weightedAverageShsOutDil": 181011000, "link": "https://www.sec.gov/Archives/edgar/data/97210/000095013501000940/0000950135-01-000940-index.htm", "finalLink": "https://www.sec.gov/Archives/edgar/data/97210/000095013501000940/b38191tee10-k.txt", "calculatedOtherExpenses": 0, "calculatedOperatingExpenses": 663482000, "calculatedNetInterest": 0, "calculatedOtherIncome": 28883000, "calculatedIncomeNonControlling": 64138000, "calculatedEbitda": 812627000}, {"date": "1999-12-31", "symbol": "TER", "reportedCurrency": "USD", "cik": "0000097210", "fillingDate": "2000-03-27", "acceptedDate": "2000-03-27 00:00:00", "calendarYear": "1999", "period": "FY", "revenue": 1790912000, "costOfRevenue": 1047752000, "grossProfit": 743160000, "grossProfitRatio": 0.4149617625, "researchAndDevelopmentExpenses": 228570000, "generalAndAdministrativeExpenses": 0, "sellingAndMarketingExpenses": 0, "sellingGeneralAndAdministrativeExpenses": 256392000, "otherExpenses": 0, "operatingExpenses": 484962000, "costAndExpenses": 1532714000, "interestIncome": 0, "interestExpense": 0, "depreciationAndAmortization": 86386000, "ebitda": 344584000, "ebitdaratio": 0.1924069971, "operatingIncome": 258198000, "operatingIncomeRatio": 0.1441712379, "totalOtherIncomeExpensesNet": 15651000, "incomeBeforeTax": 273849000, "incomeBeforeTaxRatio": 0.1529103608, "incomeTaxExpense": 82155000, "netIncome": 191694000, "netIncomeRatio": 0.107037085, "eps": 1.12, "epsdiluted": 1.07, "weightedAverageShsOut": 170519000, "weightedAverageShsOutDil": 178550000, "link": "https://www.sec.gov/Archives/edgar/data/97210/000095013500001655/0000950135-00-001655-index.html", "finalLink": "https://www.sec.gov/Archives/edgar/data/97210/000095013500001655/", "calculatedOtherExpenses": 0, "calculatedOperatingExpenses": 484962000, "calculatedNetInterest": 0, "calculatedOtherIncome": 15651000, "calculatedIncomeNonControlling": 0, "calculatedEbitda": 344584000}, {"date": "1998-12-31", "symbol": "TER", "reportedCurrency": "USD", "cik": "0000097210", "fillingDate": "1999-03-30", "acceptedDate": "1999-03-30 00:00:00", "calendarYear": "1998", "period": "FY", "revenue": 1489151000, "costOfRevenue": 947174000, "grossProfit": 541977000, "grossProfitRatio": 0.3639503314, "researchAndDevelopmentExpenses": 195158000, "generalAndAdministrativeExpenses": 0, "sellingAndMarketingExpenses": 0, "sellingGeneralAndAdministrativeExpenses": 212885000, "otherExpenses": 0, "operatingExpenses": 408043000, "costAndExpenses": 1355217000, "interestIncome": 0, "interestExpense": 0, "depreciationAndAmortization": 76304000, "ebitda": 210238000, "ebitdaratio": 0.1411797729, "operatingIncome": 133934000, "operatingIncomeRatio": 0.0899398382, "totalOtherIncomeExpensesNet": 11948000, "incomeBeforeTax": 145882000, "incomeBeforeTaxRatio": 0.0979632019, "incomeTaxExpense": 43765000, "netIncome": 102117000, "netIncomeRatio": 0.0685739727, "eps": 0.31, "epsdiluted": 0.3, "weightedAverageShsOut": 335290000, "weightedAverageShsOutDil": 343860000, "link": "https://www.sec.gov/Archives/edgar/data/97210/000095013599001617/0000950135-99-001617-index.html", "finalLink": "https://www.sec.gov/Archives/edgar/data/97210/", "calculatedOtherExpenses": 0, "calculatedOperatingExpenses": 408043000, "calculatedNetInterest": 0, "calculatedOtherIncome": 11948000, "calculatedIncomeNonControlling": 0, "calculatedEbitda": 210238000}, {"date": "1997-12-31", "symbol": "TER", "reportedCurrency": "USD", "cik": "0000097210", "fillingDate": "1998-03-30", "acceptedDate": "1998-03-30 00:00:00", "calendarYear": "1997", "period": "FY", "revenue": 1266274000, "costOfRevenue": 734370000, "grossProfit": 531904000, "grossProfitRatio": 0.4200544274, "researchAndDevelopmentExpenses": 162500000, "generalAndAdministrativeExpenses": 0, "sellingAndMarketingExpenses": 0, "sellingGeneralAndAdministrativeExpenses": 194103000, "otherExpenses": 0, "operatingExpenses": 356603000, "costAndExpenses": 1090973000, "interestIncome": 0, "interestExpense": 0, "depreciationAndAmortization": 59151000, "ebitda": 234452000, "ebitdaratio": 0.185151081, "operatingIncome": 175301000, "operatingIncomeRatio": 0.1384384422, "totalOtherIncomeExpensesNet": 18044000, "incomeBeforeTax": 193345000, "incomeBeforeTaxRatio": 0.1526881228, "incomeTaxExpense": 65737000, "netIncome": 127608000, "netIncomeRatio": 0.100774398, "eps": 0.38, "epsdiluted": 0.37, "weightedAverageShsOut": 345384000, "weightedAverageShsOutDil": 345384000, "link": "https://www.sec.gov/Archives/edgar/data/97210/000095013598001990/0000950135-98-001990-index.html", "finalLink": "https://www.sec.gov/Archives/edgar/data/97210/", "calculatedOtherExpenses": 0, "calculatedOperatingExpenses": 356603000, "calculatedNetInterest": 0, "calculatedOtherIncome": 18044000, "calculatedIncomeNonControlling": 0, "calculatedEbitda": 234452000}, {"date": "1996-12-31", "symbol": "TER", "reportedCurrency": "USD", "cik": "0000097210", "fillingDate": "1997-03-27", "acceptedDate": "1997-03-27 00:00:00", "calendarYear": "1996", "period": "FY", "revenue": 1171615000, "costOfRevenue": 724624000, "grossProfit": 446991000, "grossProfitRatio": 0.3815169659, "researchAndDevelopmentExpenses": 143931000, "generalAndAdministrativeExpenses": 0, "sellingAndMarketingExpenses": 0, "sellingGeneralAndAdministrativeExpenses": 180265000, "otherExpenses": 0, "operatingExpenses": 324196000, "costAndExpenses": 1048820000, "interestIncome": 0, "interestExpense": 0, "depreciationAndAmortization": 50903000, "ebitda": 173698000, "ebitdaratio": 0.1482551862, "operatingIncome": 122795000, "operatingIncomeRatio": 0.1048083201, "totalOtherIncomeExpensesNet": 16868000, "incomeBeforeTax": 139663000, "incomeBeforeTaxRatio": 0.1192055411, "incomeTaxExpense": 46089000, "netIncome": 93574000, "netIncomeRatio": 0.0798675333, "eps": 0.55, "epsdiluted": 0.55, "weightedAverageShsOut": 170120000, "weightedAverageShsOutDil": 339892000, "link": "https://www.sec.gov/Archives/edgar/data/97210/000095013597001381/0000950135-97-001381-index.html", "finalLink": "https://www.sec.gov/Archives/edgar/data/97210/", "calculatedOtherExpenses": 0, "calculatedOperatingExpenses": 324196000, "calculatedNetInterest": 0, "calculatedOtherIncome": 16868000, "calculatedIncomeNonControlling": 0, "calculatedEbitda": 173698000}, {"date": "1995-12-31", "symbol": "TER", "reportedCurrency": "USD", "cik": "0000097210", "fillingDate": "1996-03-26", "acceptedDate": "1996-03-26 00:00:00", "calendarYear": "1995", "period": "FY", "revenue": 1191022000, "costOfRevenue": 646382000, "grossProfit": 544640000, "grossProfitRatio": 0.4572879426, "researchAndDevelopmentExpenses": 123487000, "generalAndAdministrativeExpenses": 0, "sellingAndMarketingExpenses": 0, "sellingGeneralAndAdministrativeExpenses": 176797000, "otherExpenses": -5600000, "operatingExpenses": 294684000, "costAndExpenses": 941066000, "interestIncome": 0, "interestExpense": 0, "depreciationAndAmortization": 43146000, "ebitda": 298702000, "ebitdaratio": 0.2507946956, "operatingIncome": 244356000, "operatingIncomeRatio": 0.205164976, "totalOtherIncomeExpensesNet": -5600000, "incomeBeforeTax": 249925000, "incomeBeforeTaxRatio": 0.2098407922, "incomeTaxExpense": 90641000, "netIncome": 159284000, "netIncomeRatio": 0.1337372441, "eps": 0.95, "epsdiluted": 0.95, "weightedAverageShsOut": 168506000, "weightedAverageShsOutDil": 309012000, "link": "https://www.sec.gov/Archives/edgar/data/97210/000095013596001497/0000950135-96-001497-index.html", "finalLink": "https://www.sec.gov/Archives/edgar/data/97210/", "calculatedOtherExpenses": 0, "calculatedOperatingExpenses": 300284000, "calculatedNetInterest": 0, "calculatedOtherIncome": 5569000, "calculatedIncomeNonControlling": 0, "calculatedEbitda": 287502000}, {"date": "1994-12-31", "symbol": "TER", "reportedCurrency": "USD", "cik": "0000097210", "fillingDate": "1995-03-23", "acceptedDate": "1995-03-23 00:00:00", "calendarYear": "1994", "period": "FY", "revenue": 677440000, "costOfRevenue": 378933000, "grossProfit": 298507000, "grossProfitRatio": 0.4406397615, "researchAndDevelopmentExpenses": 70442000, "generalAndAdministrativeExpenses": 0, "sellingAndMarketingExpenses": 0, "sellingGeneralAndAdministrativeExpenses": 129935000, "otherExpenses": 0, "operatingExpenses": 200377000, "costAndExpenses": 579310000, "interestIncome": 0, "interestExpense": 0, "depreciationAndAmortization": 35300000, "ebitda": 133430000, "ebitdaratio": 0.1969620926, "operatingIncome": 98130000, "operatingIncomeRatio": 0.1448541568, "totalOtherIncomeExpensesNet": 4682000, "incomeBeforeTax": 102812000, "incomeBeforeTaxRatio": 0.15176547, "incomeTaxExpense": 31871000, "netIncome": 70941000, "netIncomeRatio": 0.1047192371, "eps": 0.48, "epsdiluted": 0.48, "weightedAverageShsOut": 148380000, "weightedAverageShsOutDil": 591808000, "link": "https://www.sec.gov/Archives/edgar/data/97210/000095013595000760/0000950135-95-000760-index.html", "finalLink": "https://www.sec.gov/Archives/edgar/data/97210/", "calculatedOtherExpenses": 0, "calculatedOperatingExpenses": 200377000, "calculatedNetInterest": 0, "calculatedOtherIncome": 4682000, "calculatedIncomeNonControlling": 0, "calculatedEbitda": 133430000}, {"date": "1993-12-31", "symbol": "TER", "reportedCurrency": "USD", "cik": "0000097210", "fillingDate": "1994-03-31", "acceptedDate": "1994-03-31 00:00:00", "calendarYear": "1993", "period": "FY", "revenue": 554734000, "costOfRevenue": 314596000, "grossProfit": 240138000, "grossProfitRatio": 0.4328885556, "researchAndDevelopmentExpenses": 62356000, "generalAndAdministrativeExpenses": 0, "sellingAndMarketingExpenses": 0, "sellingGeneralAndAdministrativeExpenses": 126508000, "otherExpenses": 0, "operatingExpenses": 188864000, "costAndExpenses": 503460000, "interestIncome": 0, "interestExpense": 0, "depreciationAndAmortization": 34542000, "ebitda": 85816000, "ebitdaratio": 0.1546975668, "operatingIncome": 51274000, "operatingIncomeRatio": 0.0924298853, "totalOtherIncomeExpensesNet": 45000, "incomeBeforeTax": 51319000, "incomeBeforeTaxRatio": 0.0925110053, "incomeTaxExpense": 15396000, "netIncome": 35194000, "netIncomeRatio": 0.0634430195, "eps": 0.06, "epsdiluted": 0.06, "weightedAverageShsOut": 142749000, "weightedAverageShsOutDil": 142749000, "link": "https://www.sec.gov/Archives/edgar/data/97210/000095013594000229/0000950135-94-000229-index.html", "finalLink": "https://www.sec.gov/Archives/edgar/data/97210/", "calculatedOtherExpenses": 0, "calculatedOperatingExpenses": 188864000, "calculatedNetInterest": 0, "calculatedOtherIncome": 45000, "calculatedIncomeNonControlling": 729000, "calculatedEbitda": 85816000}, {"date": "1992-12-31", "symbol": "TER", "reportedCurrency": "USD", "cik": "0000097210", "fillingDate": "1992-12-31", "acceptedDate": "1992-12-30 19:00:00", "calendarYear": "1992", "period": "FY", "revenue": 529600000, "costOfRevenue": 277100000, "grossProfit": 252500000, "grossProfitRatio": 0.4767749245, "researchAndDevelopmentExpenses": 0, "generalAndAdministrativeExpenses": 0, "sellingAndMarketingExpenses": 0, "sellingGeneralAndAdministrativeExpenses": 189500000, "otherExpenses": 35300000, "operatingExpenses": 224800000, "costAndExpenses": 501900000, "interestIncome": 0, "interestExpense": 0, "depreciationAndAmortization": 35300000, "ebitda": 60500000, "ebitdaratio": 0.1142371601, "operatingIncome": 27700000, "operatingIncomeRatio": 0.0523036254, "totalOtherIncomeExpensesNet": 2500000, "incomeBeforeTax": 26000000, "incomeBeforeTaxRatio": 0.0490936556, "incomeTaxExpense": 3500000, "netIncome": 22500000, "netIncomeRatio": 0.0424848943, "eps": 0.0425, "epsdiluted": 0.0425, "weightedAverageShsOut": 132184000, "weightedAverageShsOutDil": 132184000, "link": "", "finalLink": "", "calculatedOtherExpenses": 35300000, "calculatedOperatingExpenses": 224800000, "calculatedNetInterest": 0, "calculatedOtherIncome": -1700000, "calculatedIncomeNonControlling": 0, "calculatedEbitda": 63000000}, {"date": "1991-12-31", "symbol": "TER", "reportedCurrency": "USD", "cik": "0000097210", "fillingDate": "1991-12-31", "acceptedDate": "1991-12-30 19:00:00", "calendarYear": "1991", "period": "FY", "revenue": 508900000, "costOfRevenue": 259800000, "grossProfit": 249100000, "grossProfitRatio": 0.4894871291, "researchAndDevelopmentExpenses": 0, "generalAndAdministrativeExpenses": 0, "sellingAndMarketingExpenses": 0, "sellingGeneralAndAdministrativeExpenses": 188500000, "otherExpenses": 36600000, "operatingExpenses": 225100000, "costAndExpenses": 484900000, "interestIncome": 0, "interestExpense": 0, "depreciationAndAmortization": 36600000, "ebitda": 59200000, "ebitdaratio": 0.1163293378, "operatingIncome": 24000000, "operatingIncomeRatio": 0.0471605423, "totalOtherIncomeExpensesNet": 1400000, "incomeBeforeTax": 20300000, "incomeBeforeTaxRatio": 0.0398899587, "incomeTaxExpense": 2000000, "netIncome": 18300000, "netIncomeRatio": 0.0359599135, "eps": 0.0375, "epsdiluted": 0.0375, "weightedAverageShsOut": 125300000, "weightedAverageShsOutDil": 125300000, "link": "", "finalLink": "", "calculatedOtherExpenses": 36600000, "calculatedOperatingExpenses": 225100000, "calculatedNetInterest": 0, "calculatedOtherIncome": -3700000, "calculatedIncomeNonControlling": 0, "calculatedEbitda": 60600000}, {"date": "1990-12-31", "symbol": "TER", "reportedCurrency": "USD", "cik": "0000097210", "fillingDate": "1990-12-31", "acceptedDate": "1990-12-30 19:00:00", "calendarYear": "1990", "period": "FY", "revenue": 458900000, "costOfRevenue": 248100000, "grossProfit": 210800000, "grossProfitRatio": 0.4593593375, "researchAndDevelopmentExpenses": 0, "generalAndAdministrativeExpenses": 0, "sellingAndMarketingExpenses": 0, "sellingGeneralAndAdministrativeExpenses": 196900000, "otherExpenses": 34600000, "operatingExpenses": 231500000, "costAndExpenses": 479600000, "interestIncome": 0, "interestExpense": 0, "depreciationAndAmortization": 34600000, "ebitda": 15000000, "ebitdaratio": 0.0326868599, "operatingIncome": -20700000, "operatingIncomeRatio": -0.0451078666, "totalOtherIncomeExpensesNet": -1100000, "incomeBeforeTax": -27800000, "incomeBeforeTaxRatio": -0.060579647, "incomeTaxExpense": -6500000, "netIncome": -21300000, "netIncomeRatio": -0.046415341, "eps": -0.18, "epsdiluted": -0.18, "weightedAverageShsOut": 118656000, "weightedAverageShsOutDil": 118656000, "link": "", "finalLink": "", "calculatedOtherExpenses": 34600000, "calculatedOperatingExpenses": 231500000, "calculatedNetInterest": 0, "calculatedOtherIncome": -7100000, "calculatedIncomeNonControlling": 0, "calculatedEbitda": 13900000}, {"date": "1989-12-31", "symbol": "TER", "reportedCurrency": "USD", "cik": "0000097210", "fillingDate": "1989-12-31", "acceptedDate": "1989-12-30 19:00:00", "calendarYear": "1989", "period": "FY", "revenue": 483600000, "costOfRevenue": 241200000, "grossProfit": 242400000, "grossProfitRatio": 0.5012406948, "researchAndDevelopmentExpenses": 0, "generalAndAdministrativeExpenses": 0, "sellingAndMarketingExpenses": 0, "sellingGeneralAndAdministrativeExpenses": 190900000, "otherExpenses": 33800000, "operatingExpenses": 224700000, "costAndExpenses": 465900000, "interestIncome": 0, "interestExpense": 0, "depreciationAndAmortization": 33800000, "ebitda": 48500000, "ebitdaratio": 0.1002894955, "operatingIncome": 17700000, "operatingIncomeRatio": 0.0366004963, "totalOtherIncomeExpensesNet": 3000000, "incomeBeforeTax": 14000000, "incomeBeforeTaxRatio": 0.0289495451, "incomeTaxExpense": 3800000, "netIncome": 10200000, "netIncomeRatio": 0.0210918114, "eps": 0.0225, "epsdiluted": 0.0225, "weightedAverageShsOut": 117008000, "weightedAverageShsOutDil": 117008000, "link": "", "finalLink": "", "calculatedOtherExpenses": 33800000, "calculatedOperatingExpenses": 224700000, "calculatedNetInterest": 0, "calculatedOtherIncome": -3700000, "calculatedIncomeNonControlling": 0, "calculatedEbitda": 51500000}, {"date": "1988-12-31", "symbol": "TER", "reportedCurrency": "USD", "cik": "0000097210", "fillingDate": "1988-12-31", "acceptedDate": "1988-12-30 19:00:00", "calendarYear": "1988", "period": "FY", "revenue": 462300000, "costOfRevenue": 235100000, "grossProfit": 227200000, "grossProfitRatio": 0.4914557647, "researchAndDevelopmentExpenses": 0, "generalAndAdministrativeExpenses": 0, "sellingAndMarketingExpenses": 0, "sellingGeneralAndAdministrativeExpenses": 178100000, "otherExpenses": 29300000, "operatingExpenses": 207400000, "costAndExpenses": 442500000, "interestIncome": 0, "interestExpense": 0, "depreciationAndAmortization": 29300000, "ebitda": 61700000, "ebitdaratio": 0.1334631192, "operatingIncome": 19800000, "operatingIncomeRatio": 0.0428293316, "totalOtherIncomeExpensesNet": -12600000, "incomeBeforeTax": 100000, "incomeBeforeTaxRatio": 0.0002163098, "incomeTaxExpense": 3400000, "netIncome": -3300000, "netIncomeRatio": -0.0071382219, "eps": -0.0287, "epsdiluted": -0.0287, "weightedAverageShsOut": 115100000, "weightedAverageShsOutDil": 115100000, "link": "", "finalLink": "", "calculatedOtherExpenses": 29300000, "calculatedOperatingExpenses": 207400000, "calculatedNetInterest": 0, "calculatedOtherIncome": -19700000, "calculatedIncomeNonControlling": 0, "calculatedEbitda": 49100000}, {"date": "1987-12-31", "symbol": "TER", "reportedCurrency": "USD", "cik": "0000097210", "fillingDate": "1987-12-31", "acceptedDate": "1987-12-30 19:00:00", "calendarYear": "1987", "period": "FY", "revenue": 377700000, "costOfRevenue": 200700000, "grossProfit": 177000000, "grossProfitRatio": 0.4686258936, "researchAndDevelopmentExpenses": 0, "generalAndAdministrativeExpenses": 0, "sellingAndMarketingExpenses": 0, "sellingGeneralAndAdministrativeExpenses": 176600000, "otherExpenses": 32500000, "operatingExpenses": 209100000, "costAndExpenses": 409800000, "interestIncome": 0, "interestExpense": 0, "depreciationAndAmortization": 32500000, "ebitda": -1800000, "ebitdaratio": -0.0047656871, "operatingIncome": -32100000, "operatingIncomeRatio": -0.0849880858, "totalOtherIncomeExpensesNet": 2200000, "incomeBeforeTax": -33200000, "incomeBeforeTaxRatio": -0.0879004501, "incomeTaxExpense": -11700000, "netIncome": -21500000, "netIncomeRatio": -0.0569234842, "eps": -0.22, "epsdiluted": -0.22, "weightedAverageShsOut": 96648000, "weightedAverageShsOutDil": 96648000, "link": "", "finalLink": "", "calculatedOtherExpenses": 32500000, "calculatedOperatingExpenses": 209100000, "calculatedNetInterest": 0, "calculatedOtherIncome": -1100000, "calculatedIncomeNonControlling": 0, "calculatedEbitda": 400000}, {"date": "1986-12-31", "symbol": "TER", "reportedCurrency": "USD", "cik": "0000097210", "fillingDate": "1986-12-31", "acceptedDate": "1986-12-30 19:00:00", "calendarYear": "1986", "period": "FY", "revenue": 306100000, "costOfRevenue": 152300000, "grossProfit": 153800000, "grossProfitRatio": 0.5024501797, "researchAndDevelopmentExpenses": 0, "generalAndAdministrativeExpenses": 0, "sellingAndMarketingExpenses": 0, "sellingGeneralAndAdministrativeExpenses": 136700000, "otherExpenses": 23700000, "operatingExpenses": 160400000, "costAndExpenses": 312700000, "interestIncome": 0, "interestExpense": 0, "depreciationAndAmortization": 23700000, "ebitda": 13200000, "ebitdaratio": 0.0431231624, "operatingIncome": -6600000, "operatingIncomeRatio": -0.0215615812, "totalOtherIncomeExpensesNet": 3900000, "incomeBeforeTax": -2700000, "incomeBeforeTaxRatio": -0.0088206468, "incomeTaxExpense": -2900000, "netIncome": 200000, "netIncomeRatio": 0.0006533812, "eps": 0.0025, "epsdiluted": 0.0025, "weightedAverageShsOut": 80000000, "weightedAverageShsOutDil": 80000000, "link": "", "finalLink": "", "calculatedOtherExpenses": 23700000, "calculatedOperatingExpenses": 160400000, "calculatedNetInterest": 0, "calculatedOtherIncome": 3900000, "calculatedIncomeNonControlling": 0, "calculatedEbitda": 17100000}, {"date": "1985-12-31", "symbol": "TER", "reportedCurrency": "USD", "cik": "0000097210", "fillingDate": "1985-12-31", "acceptedDate": "1985-12-30 19:00:00", "calendarYear": "1985", "period": "FY", "revenue": 336400000, "costOfRevenue": 164600000, "grossProfit": 171800000, "grossProfitRatio": 0.5107015458, "researchAndDevelopmentExpenses": 0, "generalAndAdministrativeExpenses": 0, "sellingAndMarketingExpenses": 0, "sellingGeneralAndAdministrativeExpenses": 128700000, "otherExpenses": 23900000, "operatingExpenses": 152600000, "costAndExpenses": 317200000, "interestIncome": 0, "interestExpense": 0, "depreciationAndAmortization": 23900000, "ebitda": 33000000, "ebitdaratio": 0.098097503, "operatingIncome": 19200000, "operatingIncomeRatio": 0.0570749108, "totalOtherIncomeExpensesNet": 10100000, "incomeBeforeTax": 27600000, "incomeBeforeTaxRatio": 0.0820451843, "incomeTaxExpense": 7400000, "netIncome": 20200000, "netIncomeRatio": 0.0600475624, "eps": 0.055, "epsdiluted": 0.055, "weightedAverageShsOut": 91012000, "weightedAverageShsOutDil": 91012000, "link": "", "finalLink": "", "calculatedOtherExpenses": 23900000, "calculatedOperatingExpenses": 152600000, "calculatedNetInterest": 0, "calculatedOtherIncome": 8400000, "calculatedIncomeNonControlling": 0, "calculatedEbitda": 43100000}]}