{"originalCurrency": "USD", "convertedCurrency": "USD", "report": [{"date": "2023-12-31", "symbol": "TEX", "reportedCurrency": "USD", "cik": "0000097216", "fillingDate": "2024-02-09", "acceptedDate": "2024-02-09 16:17:55", "calendarYear": "2023", "period": "FY", "revenue": 5151500000, "costOfRevenue": 3974900000, "grossProfit": 1176600000, "grossProfitRatio": 0.2283994953, "researchAndDevelopmentExpenses": 66700000, "generalAndAdministrativeExpenses": 0, "sellingAndMarketingExpenses": 0, "sellingGeneralAndAdministrativeExpenses": 540100000, "otherExpenses": -1100000, "operatingExpenses": 540100000, "costAndExpenses": 4515000000, "interestIncome": 7600000, "interestExpense": 63300000, "depreciationAndAmortization": 56400000, "ebitda": 699400000, "ebitdaratio": 0.1357662817, "operatingIncome": 636500000, "operatingIncomeRatio": 0.1235562458, "totalOtherIncomeExpensesNet": -1100000, "incomeBeforeTax": 579700000, "incomeBeforeTaxRatio": 0.112530331, "incomeTaxExpense": 63000000, "netIncome": 518000000, "netIncomeRatio": 0.1005532369, "eps": 7.65, "epsdiluted": 7.57, "weightedAverageShsOut": 67500000, "weightedAverageShsOutDil": 68300000, "link": "https://www.sec.gov/Archives/edgar/data/97216/000009721624000013/0000097216-24-000013-index.htm", "finalLink": "https://www.sec.gov/Archives/edgar/data/97216/000009721624000013/tex-20231231.htm", "calculatedOtherExpenses": -66700000, "calculatedOperatingExpenses": 540100000, "calculatedNetInterest": -55700000, "calculatedOtherIncome": -1100000, "calculatedIncomeNonControlling": -1300000, "calculatedEbitda": 692900000}, {"date": "2022-12-31", "symbol": "TEX", "reportedCurrency": "USD", "cik": "0000097216", "fillingDate": "2023-02-10", "acceptedDate": "2023-02-10 15:02:48", "calendarYear": "2022", "period": "FY", "revenue": 4417700000, "costOfRevenue": 3546500000, "grossProfit": 871200000, "grossProfitRatio": 0.1972066913, "researchAndDevelopmentExpenses": 55800000, "generalAndAdministrativeExpenses": 0, "sellingAndMarketingExpenses": 0, "sellingGeneralAndAdministrativeExpenses": 451200000, "otherExpenses": -6800000, "operatingExpenses": 451200000, "costAndExpenses": 3997700000, "interestIncome": 2800000, "interestExpense": 49100000, "depreciationAndAmortization": 43200000, "ebitda": 463200000, "ebitdaratio": 0.1048509405, "operatingIncome": 420000000, "operatingIncomeRatio": 0.0950720963, "totalOtherIncomeExpensesNet": -53400000, "incomeBeforeTax": 366600000, "incomeBeforeTaxRatio": 0.0829843584, "incomeTaxExpense": 66400000, "netIncome": 300000000, "netIncomeRatio": 0.0679086402, "eps": 4.38, "epsdiluted": 4.33, "weightedAverageShsOut": 68500000, "weightedAverageShsOutDil": 69400000, "link": "https://www.sec.gov/Archives/edgar/data/97216/000009721623000012/0000097216-23-000012-index.htm", "finalLink": "https://www.sec.gov/Archives/edgar/data/97216/000009721623000012/tex-20221231.htm", "calculatedOtherExpenses": -55800000, "calculatedOperatingExpenses": 451200000, "calculatedNetInterest": -46300000, "calculatedOtherIncome": -7100000, "calculatedIncomeNonControlling": 200000, "calculatedEbitda": 463200000}, {"date": "2021-12-31", "symbol": "TEX", "reportedCurrency": "USD", "cik": "0000097216", "fillingDate": "2022-02-11", "acceptedDate": "2022-02-11 13:10:27", "calendarYear": "2021", "period": "FY", "revenue": 3886800000, "costOfRevenue": 3129400000, "grossProfit": 757400000, "grossProfitRatio": 0.1948646702, "researchAndDevelopmentExpenses": 52200000, "generalAndAdministrativeExpenses": 0, "sellingAndMarketingExpenses": 0, "sellingGeneralAndAdministrativeExpenses": 429400000, "otherExpenses": 13000000, "operatingExpenses": 429400000, "costAndExpenses": 3558800000, "interestIncome": 3700000, "interestExpense": 51500000, "depreciationAndAmortization": 66900000, "ebitda": 394900000, "ebitdaratio": 0.1016002882, "operatingIncome": 328000000, "operatingIncomeRatio": 0.0843881857, "totalOtherIncomeExpensesNet": -64200000, "incomeBeforeTax": 263800000, "incomeBeforeTaxRatio": 0.067870742, "incomeTaxExpense": 46300000, "netIncome": 220900000, "netIncomeRatio": 0.0568333848, "eps": 3.12, "epsdiluted": 3.07, "weightedAverageShsOut": 69700000, "weightedAverageShsOutDil": 70900000, "link": "https://www.sec.gov/Archives/edgar/data/97216/000009721622000013/0000097216-22-000013-index.htm", "finalLink": "https://www.sec.gov/Archives/edgar/data/97216/000009721622000013/tex-20211231.htm", "calculatedOtherExpenses": -52200000, "calculatedOperatingExpenses": 429400000, "calculatedNetInterest": -47800000, "calculatedOtherIncome": -16400000, "calculatedIncomeNonControlling": -3400000, "calculatedEbitda": 394900000}, {"date": "2020-12-31", "symbol": "TEX", "reportedCurrency": "USD", "cik": "0000097216", "fillingDate": "2021-02-12", "acceptedDate": "2021-02-12 14:49:53", "calendarYear": "2020", "period": "FY", "revenue": 3076400000, "costOfRevenue": 2537100000, "grossProfit": 539300000, "grossProfitRatio": 0.1753023014, "researchAndDevelopmentExpenses": 58900000, "generalAndAdministrativeExpenses": 0, "sellingAndMarketingExpenses": 0, "sellingGeneralAndAdministrativeExpenses": 470900000, "otherExpenses": 4900000, "operatingExpenses": 470900000, "costAndExpenses": 3008000000, "interestIncome": 3600000, "interestExpense": 65900000, "depreciationAndAmortization": 58200000, "ebitda": 126600000, "ebitdaratio": 0.0411519958, "operatingIncome": 68400000, "operatingIncomeRatio": 0.0222337797, "totalOtherIncomeExpensesNet": -57400000, "incomeBeforeTax": 11000000, "incomeBeforeTaxRatio": 0.0035756079, "incomeTaxExpense": 2000000, "netIncome": 9000000, "netIncomeRatio": 0.0029254973, "eps": 0.13, "epsdiluted": 0.13, "weightedAverageShsOut": 69600000, "weightedAverageShsOutDil": 70100000, "link": "https://www.sec.gov/Archives/edgar/data/97216/000009721621000030/0000097216-21-000030-index.htm", "finalLink": "https://www.sec.gov/Archives/edgar/data/97216/000009721621000030/tex-20201231.htm", "calculatedOtherExpenses": -58900000, "calculatedOperatingExpenses": 470900000, "calculatedNetInterest": -62300000, "calculatedOtherIncome": 4900000, "calculatedIncomeNonControlling": 0, "calculatedEbitda": 126600000}, {"date": "2019-12-31", "symbol": "TEX", "reportedCurrency": "USD", "cik": "0000097216", "fillingDate": "2020-02-14", "acceptedDate": "2020-02-14 13:40:28", "calendarYear": "2019", "period": "FY", "revenue": 4353100000, "costOfRevenue": 3465300000, "grossProfit": 887800000, "grossProfitRatio": 0.2039466128, "researchAndDevelopmentExpenses": 72400000, "generalAndAdministrativeExpenses": 0, "sellingAndMarketingExpenses": 0, "sellingGeneralAndAdministrativeExpenses": 552800000, "otherExpenses": -6100000, "operatingExpenses": 552800000, "costAndExpenses": 4018100000, "interestIncome": 6500000, "interestExpense": 87900000, "depreciationAndAmortization": 50000000, "ebitda": 385000000, "ebitdaratio": 0.088442719, "operatingIncome": 335000000, "operatingIncomeRatio": 0.0769566516, "totalOtherIncomeExpensesNet": -87500000, "incomeBeforeTax": 247500000, "incomeBeforeTaxRatio": 0.0568560336, "incomeTaxExpense": 37800000, "netIncome": 209700000, "netIncomeRatio": 0.0481725667, "eps": 2.95, "epsdiluted": 2.92, "weightedAverageShsOut": 71100000, "weightedAverageShsOutDil": 71800000, "link": "https://www.sec.gov/Archives/edgar/data/97216/000009721620000027/0000097216-20-000027-index.htm", "finalLink": "https://www.sec.gov/Archives/edgar/data/97216/000009721620000027/tex201910-k.htm", "calculatedOtherExpenses": -72400000, "calculatedOperatingExpenses": 552800000, "calculatedNetInterest": -81400000, "calculatedOtherIncome": -6100000, "calculatedIncomeNonControlling": 0, "calculatedEbitda": 385000000}, {"date": "2018-12-31", "symbol": "TEX", "reportedCurrency": "USD", "cik": "0000097216", "fillingDate": "2019-02-25", "acceptedDate": "2019-02-25 13:58:24", "calendarYear": "2018", "period": "FY", "revenue": 5125000000, "costOfRevenue": 4158200000, "grossProfit": 966800000, "grossProfitRatio": 0.1886439024, "researchAndDevelopmentExpenses": 63200000, "generalAndAdministrativeExpenses": 0, "sellingAndMarketingExpenses": 0, "sellingGeneralAndAdministrativeExpenses": 673500000, "otherExpenses": -79700000, "operatingExpenses": 673500000, "costAndExpenses": 4831700000, "interestIncome": 8900000, "interestExpense": 73100000, "depreciationAndAmortization": 59700000, "ebitda": 282200000, "ebitdaratio": 0.0550634146, "operatingIncome": 293300000, "operatingIncomeRatio": 0.0572292683, "totalOtherIncomeExpensesNet": -80400000, "incomeBeforeTax": 148700000, "incomeBeforeTaxRatio": 0.0290146341, "incomeTaxExpense": 37400000, "netIncome": 113700000, "netIncomeRatio": 0.0221853659, "eps": 1.51, "epsdiluted": 1.48, "weightedAverageShsOut": 75400000, "weightedAverageShsOutDil": 76900000, "link": "https://www.sec.gov/Archives/edgar/data/97216/000009721619000024/0000097216-19-000024-index.htm", "finalLink": "https://www.sec.gov/Archives/edgar/data/97216/000009721619000024/tex201810-k.htm", "calculatedOtherExpenses": -63200000, "calculatedOperatingExpenses": 673500000, "calculatedNetInterest": -64200000, "calculatedOtherIncome": -80400000, "calculatedIncomeNonControlling": -2400000, "calculatedEbitda": 353000000}, {"date": "2017-12-31", "symbol": "TEX", "reportedCurrency": "USD", "cik": "0000097216", "fillingDate": "2018-02-16", "acceptedDate": "2018-02-16 16:45:24", "calendarYear": "2017", "period": "FY", "revenue": 4363400000, "costOfRevenue": 3547400000, "grossProfit": 816000000, "grossProfitRatio": 0.1870101297, "researchAndDevelopmentExpenses": 81000000, "generalAndAdministrativeExpenses": 0, "sellingAndMarketingExpenses": 0, "sellingGeneralAndAdministrativeExpenses": 642400000, "otherExpenses": 51600000, "operatingExpenses": 642400000, "costAndExpenses": 4189800000, "interestIncome": 6900000, "interestExpense": 67500000, "depreciationAndAmortization": 66500000, "ebitda": 298600000, "ebitdaratio": 0.0684328734, "operatingIncome": 173600000, "operatingIncomeRatio": 0.0397854884, "totalOtherIncomeExpensesNet": -1000000, "incomeBeforeTax": 112000000, "incomeBeforeTaxRatio": 0.025668057, "incomeTaxExpense": 52000000, "netIncome": 128700000, "netIncomeRatio": 0.0294953477, "eps": 1.39, "epsdiluted": 1.36, "weightedAverageShsOut": 92800000, "weightedAverageShsOutDil": 94900000, "link": "https://www.sec.gov/Archives/edgar/data/97216/000009721618000024/0000097216-18-000024-index.htm", "finalLink": "https://www.sec.gov/Archives/edgar/data/97216/000009721618000024/tex201710-k.htm", "calculatedOtherExpenses": -81000000, "calculatedOperatingExpenses": 642400000, "calculatedNetInterest": -60600000, "calculatedOtherIncome": -1000000, "calculatedIncomeNonControlling": -68700000, "calculatedEbitda": 240100000}, {"date": "2016-12-31", "symbol": "TEX", "reportedCurrency": "USD", "cik": "0000097216", "fillingDate": "2017-02-27", "acceptedDate": "2017-02-24 20:41:53", "calendarYear": "2016", "period": "FY", "revenue": 4443100000, "costOfRevenue": 3730700000, "grossProfit": 712400000, "grossProfitRatio": 0.1603385024, "researchAndDevelopmentExpenses": 86200000, "generalAndAdministrativeExpenses": 0, "sellingAndMarketingExpenses": 0, "sellingGeneralAndAdministrativeExpenses": 684200000, "otherExpenses": -25200000, "operatingExpenses": 684200000, "costAndExpenses": 4414900000, "interestIncome": 4300000, "interestExpense": 102000000, "depreciationAndAmortization": 96700000, "ebitda": 104000000, "ebitdaratio": 0.0234070806, "operatingIncome": -147800000, "operatingIncomeRatio": -0.0332650627, "totalOtherIncomeExpensesNet": -201200000, "incomeBeforeTax": -270700000, "incomeBeforeTaxRatio": -0.0609259301, "incomeTaxExpense": -77400000, "netIncome": -176100000, "netIncomeRatio": -0.0396344894, "eps": -1.63, "epsdiluted": -1.63, "weightedAverageShsOut": 107821229, "weightedAverageShsOutDil": 107900000, "link": "https://www.sec.gov/Archives/edgar/data/97216/000009721617000029/0000097216-17-000029-index.htm", "finalLink": "https://www.sec.gov/Archives/edgar/data/97216/000009721617000029/tex201610-k.htm", "calculatedOtherExpenses": 89800000, "calculatedOperatingExpenses": 860200000, "calculatedNetInterest": -97700000, "calculatedOtherIncome": -25200000, "calculatedIncomeNonControlling": -17200000, "calculatedEbitda": -51100000}, {"date": "2015-12-31", "symbol": "TEX", "reportedCurrency": "USD", "cik": "0000097216", "fillingDate": "2016-02-22", "acceptedDate": "2016-02-22 10:50:06", "calendarYear": "2015", "period": "FY", "revenue": 6543100000, "costOfRevenue": 5234600000, "grossProfit": 1308500000, "grossProfitRatio": 0.1999816601, "researchAndDevelopmentExpenses": 89700000, "generalAndAdministrativeExpenses": 0, "sellingAndMarketingExpenses": 0, "sellingGeneralAndAdministrativeExpenses": 918600000, "otherExpenses": -22900000, "operatingExpenses": 918600000, "costAndExpenses": 6153200000, "interestIncome": 4300000, "interestExpense": 104600000, "depreciationAndAmortization": 128200000, "ebitda": 494200000, "ebitdaratio": 0.0755299476, "operatingIncome": 355200000, "operatingIncomeRatio": 0.0542861946, "totalOtherIncomeExpensesNet": -57700000, "incomeBeforeTax": 226600000, "incomeBeforeTaxRatio": 0.0346319023, "incomeTaxExpense": 81000000, "netIncome": 145900000, "netIncomeRatio": 0.022298299, "eps": 1.36, "epsdiluted": 1.33, "weightedAverageShsOut": 107400000, "weightedAverageShsOutDil": 109600000, "link": "https://www.sec.gov/Archives/edgar/data/97216/000009721616000245/0000097216-16-000245-index.htm", "finalLink": "https://www.sec.gov/Archives/edgar/data/97216/000009721616000245/tex201510-k.htm", "calculatedOtherExpenses": -55000000, "calculatedOperatingExpenses": 953300000, "calculatedNetInterest": -100300000, "calculatedOtherIncome": -28300000, "calculatedIncomeNonControlling": -300000, "calculatedEbitda": 483400000}, {"date": "2014-12-31", "symbol": "TEX", "reportedCurrency": "USD", "cik": "0000097216", "fillingDate": "2015-02-23", "acceptedDate": "2015-02-23 11:07:08", "calendarYear": "2014", "period": "FY", "revenue": 7308900000, "costOfRevenue": 5855400000, "grossProfit": 1453500000, "grossProfitRatio": 0.1988671346, "researchAndDevelopmentExpenses": 102300000, "generalAndAdministrativeExpenses": 0, "sellingAndMarketingExpenses": 0, "sellingGeneralAndAdministrativeExpenses": 1030400000, "otherExpenses": -3400000, "operatingExpenses": 1030400000, "costAndExpenses": 6885800000, "interestIncome": 6600000, "interestExpense": 119100000, "depreciationAndAmortization": 155700000, "ebitda": 574600000, "ebitdaratio": 0.0786164813, "operatingIncome": 423100000, "operatingIncomeRatio": 0.0578883279, "totalOtherIncomeExpensesNet": -6000000, "incomeBeforeTax": 297200000, "incomeBeforeTaxRatio": 0.0406627536, "incomeTaxExpense": 37700000, "netIncome": 319000000, "netIncomeRatio": 0.0436454186, "eps": 2.91, "epsdiluted": 2.79, "weightedAverageShsOut": 109700000, "weightedAverageShsOutDil": 114200000, "link": "https://www.sec.gov/Archives/edgar/data/97216/000009721615000030/0000097216-15-000030-index.htm", "finalLink": "https://www.sec.gov/Archives/edgar/data/97216/000009721615000030/tex201410-k.htm", "calculatedOtherExpenses": -102300000, "calculatedOperatingExpenses": 1030400000, "calculatedNetInterest": -112500000, "calculatedOtherIncome": -13400000, "calculatedIncomeNonControlling": -59500000, "calculatedEbitda": 578800000}, {"date": "2013-12-31", "symbol": "TEX", "reportedCurrency": "USD", "cik": "0000097216", "fillingDate": "2014-02-25", "acceptedDate": "2014-02-24 21:44:41", "calendarYear": "2013", "period": "FY", "revenue": 7084000000, "costOfRevenue": 5644500000, "grossProfit": 1439500000, "grossProfitRatio": 0.2032044043, "researchAndDevelopmentExpenses": 131500000, "generalAndAdministrativeExpenses": 0, "sellingAndMarketingExpenses": 0, "sellingGeneralAndAdministrativeExpenses": 1020400000, "otherExpenses": 5300000, "operatingExpenses": 1020400000, "costAndExpenses": 6664900000, "interestIncome": 6700000, "interestExpense": 126100000, "depreciationAndAmortization": 152300000, "ebitda": 574900000, "ebitdaratio": 0.0811547149, "operatingIncome": 419100000, "operatingIncomeRatio": 0.0591614907, "totalOtherIncomeExpensesNet": 100000, "incomeBeforeTax": 291300000, "incomeBeforeTaxRatio": 0.0411208357, "incomeTaxExpense": 87400000, "netIncome": 226000000, "netIncomeRatio": 0.0319028797, "eps": 2.03, "epsdiluted": 1.93, "weightedAverageShsOut": 111100000, "weightedAverageShsOutDil": 117000000, "link": "https://www.sec.gov/Archives/edgar/data/97216/000009721614000027/0000097216-14-000027-index.htm", "finalLink": "https://www.sec.gov/Archives/edgar/data/97216/000009721614000027/tex201310-k.htm", "calculatedOtherExpenses": -131500000, "calculatedOperatingExpenses": 1020400000, "calculatedNetInterest": -119400000, "calculatedOtherIncome": -8400000, "calculatedIncomeNonControlling": -22100000, "calculatedEbitda": 571400000}, {"date": "2012-12-31", "symbol": "TEX", "reportedCurrency": "USD", "cik": "0000097216", "fillingDate": "2013-02-28", "acceptedDate": "2013-02-27 21:40:18", "calendarYear": "2012", "period": "FY", "revenue": 7348400000, "costOfRevenue": 5902800000, "grossProfit": 1445600000, "grossProfitRatio": 0.1967230962, "researchAndDevelopmentExpenses": 71700000, "generalAndAdministrativeExpenses": 0, "sellingAndMarketingExpenses": 0, "sellingGeneralAndAdministrativeExpenses": 1047000000, "otherExpenses": 5400000, "operatingExpenses": 1047000000, "costAndExpenses": 6949800000, "interestIncome": 8800000, "interestExpense": 164600000, "depreciationAndAmortization": 153000000, "ebitda": 556200000, "ebitdaratio": 0.0756899461, "operatingIncome": 398600000, "operatingIncomeRatio": 0.0542431005, "totalOtherIncomeExpensesNet": -77600000, "incomeBeforeTax": 155600000, "incomeBeforeTaxRatio": 0.0211746775, "incomeTaxExpense": 54200000, "netIncome": 105800000, "netIncomeRatio": 0.014397692, "eps": 0.96, "epsdiluted": 0.93, "weightedAverageShsOut": 110300000, "weightedAverageShsOutDil": 113900000, "link": "https://www.sec.gov/Archives/edgar/data/97216/000009721613000040/0000097216-13-000040-index.htm", "finalLink": "https://www.sec.gov/Archives/edgar/data/97216/000009721613000040/tex201210-k.htm", "calculatedOtherExpenses": -71700000, "calculatedOperatingExpenses": 1047000000, "calculatedNetInterest": -155800000, "calculatedOtherIncome": -87200000, "calculatedIncomeNonControlling": -4400000, "calculatedEbitda": 551600000}, {"date": "2011-12-31", "symbol": "TEX", "reportedCurrency": "USD", "cik": "0000097216", "fillingDate": "2012-02-29", "acceptedDate": "2012-02-29 12:07:35", "calendarYear": "2011", "period": "FY", "revenue": 6504600000, "costOfRevenue": 5543400000, "grossProfit": 961200000, "grossProfitRatio": 0.1477723457, "researchAndDevelopmentExpenses": 0, "generalAndAdministrativeExpenses": 0, "sellingAndMarketingExpenses": 0, "sellingGeneralAndAdministrativeExpenses": 879100000, "otherExpenses": 0, "operatingExpenses": 879100000, "costAndExpenses": 6422500000, "interestIncome": 14300000, "interestExpense": 134900000, "depreciationAndAmortization": 126600000, "ebitda": 223000000, "ebitdaratio": 0.0342834302, "operatingIncome": 82100000, "operatingIncomeRatio": 0.0126218369, "totalOtherIncomeExpensesNet": 123900000, "incomeBeforeTax": 85400000, "incomeBeforeTaxRatio": 0.0131291701, "incomeTaxExpense": 51400000, "netIncome": 45400000, "netIncomeRatio": 0.0069796759, "eps": 0.41, "epsdiluted": 0.41, "weightedAverageShsOut": 109500000, "weightedAverageShsOutDil": 110700000, "link": "https://www.sec.gov/Archives/edgar/data/97216/000009721612000047/0000097216-12-000047-index.htm", "finalLink": "https://www.sec.gov/Archives/edgar/data/97216/000009721612000047/tex201110-k.htm", "calculatedOtherExpenses": 0, "calculatedOperatingExpenses": 879100000, "calculatedNetInterest": -120600000, "calculatedOtherIncome": 123900000, "calculatedIncomeNonControlling": -11400000, "calculatedEbitda": 208700000}, {"date": "2010-12-31", "symbol": "TEX", "reportedCurrency": "USD", "cik": "0000097216", "fillingDate": "2011-02-18", "acceptedDate": "2011-02-18 10:16:37", "calendarYear": "2010", "period": "FY", "revenue": 4418200000, "costOfRevenue": 3815300000, "grossProfit": 602900000, "grossProfitRatio": 0.1364582862, "researchAndDevelopmentExpenses": 0, "generalAndAdministrativeExpenses": 0, "sellingAndMarketingExpenses": 0, "sellingGeneralAndAdministrativeExpenses": 676700000, "otherExpenses": 0, "operatingExpenses": 676700000, "costAndExpenses": 4492000000, "interestIncome": 9800000, "interestExpense": 145400000, "depreciationAndAmortization": 104800000, "ebitda": 40800000, "ebitdaratio": 0.0092345299, "operatingIncome": -73800000, "operatingIncomeRatio": -0.016703635, "totalOtherIncomeExpensesNet": -28900000, "incomeBeforeTax": -238300000, "incomeBeforeTaxRatio": -0.053935992, "incomeTaxExpense": -26800000, "netIncome": 358500000, "netIncomeRatio": 0.0811416414, "eps": 3.3, "epsdiluted": 3.3, "weightedAverageShsOut": 108700000, "weightedAverageShsOutDil": 108700000, "link": "https://www.sec.gov/Archives/edgar/data/97216/000110465911008249/0001104659-11-008249-index.htm", "finalLink": "https://www.sec.gov/Archives/edgar/data/97216/000110465911008249/a11-2438_110k.htm", "calculatedOtherExpenses": 0, "calculatedOperatingExpenses": 676700000, "calculatedNetInterest": -135600000, "calculatedOtherIncome": -28900000, "calculatedIncomeNonControlling": -570000000, "calculatedEbitda": 31000000}, {"date": "2009-12-31", "symbol": "TEX", "reportedCurrency": "USD", "cik": "0000097216", "fillingDate": "2010-02-24", "acceptedDate": "2010-02-24 15:30:29", "calendarYear": "2009", "period": "FY", "revenue": 4043100000, "costOfRevenue": 3768200000, "grossProfit": 274900000, "grossProfitRatio": 0.0679923821, "researchAndDevelopmentExpenses": 0, "generalAndAdministrativeExpenses": 0, "sellingAndMarketingExpenses": 0, "sellingGeneralAndAdministrativeExpenses": 734800000, "otherExpenses": 0, "operatingExpenses": 734800000, "costAndExpenses": 4503000000, "interestIncome": 4900000, "interestExpense": 119400000, "depreciationAndAmortization": 96800000, "ebitda": -366500000, "ebitdaratio": -0.0906482649, "operatingIncome": -459900000, "operatingIncomeRatio": -0.1137493507, "totalOtherIncomeExpensesNet": 1000000, "incomeBeforeTax": -581700000, "incomeBeforeTaxRatio": -0.1438747496, "incomeTaxExpense": -132100000, "netIncome": -398400000, "netIncomeRatio": -0.0985382504, "eps": -3.88, "epsdiluted": -3.88, "weightedAverageShsOut": 102600000, "weightedAverageShsOutDil": 102600000, "link": "https://www.sec.gov/Archives/edgar/data/97216/000110465910009153/0001104659-10-009153-index.htm", "finalLink": "https://www.sec.gov/Archives/edgar/data/97216/000110465910009153/a10-4350_110k.htm", "calculatedOtherExpenses": 0, "calculatedOperatingExpenses": 734800000, "calculatedNetInterest": -114500000, "calculatedOtherIncome": -7300000, "calculatedIncomeNonControlling": -51200000, "calculatedEbitda": -363100000}, {"date": "2008-12-31", "symbol": "TEX", "reportedCurrency": "USD", "cik": "0000097216", "fillingDate": "2009-02-27", "acceptedDate": "2009-02-26 18:07:01", "calendarYear": "2008", "period": "FY", "revenue": 9889600000, "costOfRevenue": 7961900000, "grossProfit": 1927700000, "grossProfitRatio": 0.1949219382, "researchAndDevelopmentExpenses": 0, "generalAndAdministrativeExpenses": 0, "sellingAndMarketingExpenses": 0, "sellingGeneralAndAdministrativeExpenses": 1065200000, "otherExpenses": 0, "operatingExpenses": 1065200000, "costAndExpenses": 9027100000, "interestIncome": 22400000, "interestExpense": 103100000, "depreciationAndAmortization": 97700000, "ebitda": 982600000, "ebitdaratio": 0.0993569002, "operatingIncome": 402600000, "operatingIncomeRatio": 0.0407094321, "totalOtherIncomeExpensesNet": -467700000, "incomeBeforeTax": 314100000, "incomeBeforeTaxRatio": 0.0317606374, "incomeTaxExpense": 242200000, "netIncome": 71900000, "netIncomeRatio": 0.0072702637, "eps": 0.73, "epsdiluted": 0.72, "weightedAverageShsOut": 98100000, "weightedAverageShsOutDil": 99700000, "link": "https://www.sec.gov/Archives/edgar/data/97216/000114420409011131/0001144204-09-011131-index.htm", "finalLink": "https://www.sec.gov/Archives/edgar/data/97216/000114420409011131/v141334_10k.htm", "calculatedOtherExpenses": 459900000, "calculatedOperatingExpenses": 1525100000, "calculatedNetInterest": -80700000, "calculatedOtherIncome": -7800000, "calculatedIncomeNonControlling": 0, "calculatedEbitda": 500300000}, {"date": "2007-12-31", "symbol": "TEX", "reportedCurrency": "USD", "cik": "0000097216", "fillingDate": "2008-02-27", "acceptedDate": "2008-02-27 17:31:01", "calendarYear": "2007", "period": "FY", "revenue": 9137700000, "costOfRevenue": 7255700000, "grossProfit": 1882000000, "grossProfitRatio": 0.2059599243, "researchAndDevelopmentExpenses": 0, "generalAndAdministrativeExpenses": 0, "sellingAndMarketingExpenses": 0, "sellingGeneralAndAdministrativeExpenses": 920600000, "otherExpenses": 0, "operatingExpenses": 920600000, "costAndExpenses": 8176300000, "interestIncome": 19100000, "interestExpense": -65800000, "depreciationAndAmortization": 76200000, "ebitda": 1030900000, "ebitdaratio": 0.1128183241, "operatingIncome": 961400000, "operatingIncomeRatio": 0.1052124714, "totalOtherIncomeExpensesNet": 6700000, "incomeBeforeTax": 919300000, "incomeBeforeTaxRatio": 0.1006051851, "incomeTaxExpense": 305400000, "netIncome": 613900000, "netIncomeRatio": 0.067183208, "eps": 6, "epsdiluted": 5.85, "weightedAverageShsOut": 102400000, "weightedAverageShsOutDil": 104900000, "link": "https://www.sec.gov/Archives/edgar/data/97216/000114420408012125/0001144204-08-012125-index.htm", "finalLink": "https://www.sec.gov/Archives/edgar/data/97216/000114420408012125/v105140_10k.htm", "calculatedOtherExpenses": 0, "calculatedOperatingExpenses": 920600000, "calculatedNetInterest": 84900000, "calculatedOtherIncome": -127000000, "calculatedIncomeNonControlling": 0, "calculatedEbitda": 1037600000}, {"date": "2006-12-31", "symbol": "TEX", "reportedCurrency": "USD", "cik": "0000097216", "fillingDate": "2007-02-28", "acceptedDate": "2007-02-28 16:50:36", "calendarYear": "2006", "period": "FY", "revenue": 7647600000, "costOfRevenue": 6204500000, "grossProfit": 1443100000, "grossProfitRatio": 0.1886997228, "researchAndDevelopmentExpenses": 0, "generalAndAdministrativeExpenses": 0, "sellingAndMarketingExpenses": 0, "sellingGeneralAndAdministrativeExpenses": 733600000, "otherExpenses": 0, "operatingExpenses": 733600000, "costAndExpenses": 6938100000, "interestIncome": 15500000, "interestExpense": -90700000, "depreciationAndAmortization": 73000000, "ebitda": 798900000, "ebitdaratio": 0.1044641456, "operatingIncome": 709500000, "operatingIncomeRatio": 0.0927742037, "totalOtherIncomeExpensesNet": -16400000, "incomeBeforeTax": 614700000, "incomeBeforeTaxRatio": 0.0803781579, "incomeTaxExpense": 218200000, "netIncome": 400500000, "netIncomeRatio": 0.0523693708, "eps": 3.97, "epsdiluted": 3.88, "weightedAverageShsOut": 100700000, "weightedAverageShsOutDil": 103000000, "link": "https://www.sec.gov/Archives/edgar/data/97216/000093041307001796/0000930413-07-001796-index.htm", "finalLink": "https://www.sec.gov/Archives/edgar/data/97216/000093041307001796/c47041.htm", "calculatedOtherExpenses": 0, "calculatedOperatingExpenses": 733600000, "calculatedNetInterest": 106200000, "calculatedOtherIncome": -201000000, "calculatedIncomeNonControlling": -4000000, "calculatedEbitda": 782500000}, {"date": "2005-12-31", "symbol": "TEX", "reportedCurrency": "USD", "cik": "0000097216", "fillingDate": "2006-05-17", "acceptedDate": "2006-05-17 12:03:53", "calendarYear": "2005", "period": "FY", "revenue": 6380400000, "costOfRevenue": 5402400000, "grossProfit": 978000000, "grossProfitRatio": 0.1532819259, "researchAndDevelopmentExpenses": 0, "generalAndAdministrativeExpenses": 0, "sellingAndMarketingExpenses": 0, "sellingGeneralAndAdministrativeExpenses": 599700000, "otherExpenses": 3300000, "operatingExpenses": 603000000, "costAndExpenses": 6005400000, "interestIncome": 6400000, "interestExpense": -97600000, "depreciationAndAmortization": 75600000, "ebitda": 444400000, "ebitdaratio": 0.0696508056, "operatingIncome": 375000000, "operatingIncomeRatio": 0.0587737446, "totalOtherIncomeExpensesNet": 6200000, "incomeBeforeTax": 289800000, "incomeBeforeTaxRatio": 0.0454203498, "incomeTaxExpense": 101300000, "netIncome": 188500000, "netIncomeRatio": 0.0295436023, "eps": 0.95, "epsdiluted": 0.92, "weightedAverageShsOut": 198800000, "weightedAverageShsOutDil": 204400000, "link": "https://www.sec.gov/Archives/edgar/data/97216/000112528206002894/0001125282-06-002894-index.htm", "finalLink": "https://www.sec.gov/Archives/edgar/data/97216/000112528206002894/b413313-10k.htm", "calculatedOtherExpenses": 3300000, "calculatedOperatingExpenses": 603000000, "calculatedNetInterest": 104000000, "calculatedOtherIncome": -189200000, "calculatedIncomeNonControlling": 0, "calculatedEbitda": 450600000}, {"date": "2004-12-31", "symbol": "TEX", "reportedCurrency": "USD", "cik": "0000097216", "fillingDate": "2006-02-17", "acceptedDate": "2006-02-17 16:53:11", "calendarYear": "2004", "period": "FY", "revenue": 5019800000, "costOfRevenue": 4316700000, "grossProfit": 703100000, "grossProfitRatio": 0.1400653412, "researchAndDevelopmentExpenses": 0, "generalAndAdministrativeExpenses": 0, "sellingAndMarketingExpenses": 0, "sellingGeneralAndAdministrativeExpenses": 488500000, "otherExpenses": 0, "operatingExpenses": 488500000, "costAndExpenses": 4805200000, "interestIncome": 0, "interestExpense": 0, "depreciationAndAmortization": 65600000, "ebitda": 255800000, "ebitdaratio": 0.0509582055, "operatingIncome": 214600000, "operatingIncomeRatio": 0.0427507072, "totalOtherIncomeExpensesNet": 24400000, "incomeBeforeTax": 147400000, "incomeBeforeTaxRatio": 0.0293637197, "incomeTaxExpense": -176700000, "netIncome": 324100000, "netIncomeRatio": 0.0645643253, "eps": 1.65, "epsdiluted": 1.59, "weightedAverageShsOut": 98000000, "weightedAverageShsOutDil": 102000000, "link": "https://www.sec.gov/Archives/edgar/data/97216/000112528206001131/0001125282-06-001131-index.htm", "finalLink": "https://www.sec.gov/Archives/edgar/data/97216/000112528206001131/b411618_10k.txt", "calculatedOtherExpenses": 0, "calculatedOperatingExpenses": 488500000, "calculatedNetInterest": 0, "calculatedOtherIncome": -67200000, "calculatedIncomeNonControlling": 0, "calculatedEbitda": 280200000}, {"date": "2003-12-31", "symbol": "TEX", "reportedCurrency": "USD", "cik": "0000097216", "fillingDate": "2004-03-15", "acceptedDate": "2004-03-15 14:48:25", "calendarYear": "2003", "period": "FY", "revenue": 3897100000, "costOfRevenue": 3378600000, "grossProfit": 518500000, "grossProfitRatio": 0.1330476508, "researchAndDevelopmentExpenses": 0, "generalAndAdministrativeExpenses": 0, "sellingAndMarketingExpenses": 0, "sellingGeneralAndAdministrativeExpenses": 393700000, "otherExpenses": 51300000, "operatingExpenses": 445000000, "costAndExpenses": 3823600000, "interestIncome": 0, "interestExpense": 0, "depreciationAndAmortization": 70400000, "ebitda": 205700000, "ebitdaratio": 0.0527828385, "operatingIncome": 73500000, "operatingIncomeRatio": 0.0188601781, "totalOtherIncomeExpensesNet": -61800000, "incomeBeforeTax": -35300000, "incomeBeforeTaxRatio": -0.0090580175, "incomeTaxExpense": -9800000, "netIncome": -25500000, "netIncomeRatio": -0.0065433271, "eps": -0.27, "epsdiluted": -0.27, "weightedAverageShsOut": 96200000, "weightedAverageShsOutDil": 96200000, "link": "https://www.sec.gov/Archives/edgar/data/97216/000009721604000127/0000097216-04-000127-index.htm", "finalLink": "https://www.sec.gov/Archives/edgar/data/97216/000009721604000127/f10k2003final.txt", "calculatedOtherExpenses": 51300000, "calculatedOperatingExpenses": 445000000, "calculatedNetInterest": 0, "calculatedOtherIncome": -108800000, "calculatedIncomeNonControlling": 0, "calculatedEbitda": 143900000}, {"date": "2002-12-31", "symbol": "TEX", "reportedCurrency": "USD", "cik": "0000097216", "fillingDate": "2003-03-28", "acceptedDate": "2003-03-28 15:31:40", "calendarYear": "2002", "period": "FY", "revenue": 2797400000, "costOfRevenue": 2440700000, "grossProfit": 356700000, "grossProfitRatio": 0.1275112605, "researchAndDevelopmentExpenses": 0, "generalAndAdministrativeExpenses": 0, "sellingAndMarketingExpenses": 0, "sellingGeneralAndAdministrativeExpenses": 288100000, "otherExpenses": 0, "operatingExpenses": 288100000, "costAndExpenses": 2728800000, "interestIncome": 0, "interestExpense": 0, "depreciationAndAmortization": 45000000, "ebitda": 117800000, "ebitdaratio": 0.0421105312, "operatingIncome": 68600000, "operatingIncomeRatio": 0.0245227711, "totalOtherIncomeExpensesNet": -4200000, "incomeBeforeTax": -25800000, "incomeBeforeTaxRatio": -0.0092228498, "incomeTaxExpense": -8300000, "netIncome": -132500000, "netIncomeRatio": -0.0473654107, "eps": -0.7, "epsdiluted": -0.7, "weightedAverageShsOut": 189600000, "weightedAverageShsOutDil": 189600000, "link": "https://www.sec.gov/Archives/edgar/data/97216/000009721603000012/0000097216-03-000012-index.htm", "finalLink": "https://www.sec.gov/Archives/edgar/data/97216/000009721603000012/f10k2002final.txt", "calculatedOtherExpenses": 0, "calculatedOperatingExpenses": 288100000, "calculatedNetInterest": 0, "calculatedOtherIncome": -94400000, "calculatedIncomeNonControlling": 115000000, "calculatedEbitda": 113600000}, {"date": "2001-12-31", "symbol": "TEX", "reportedCurrency": "USD", "cik": "0000097216", "fillingDate": "2002-03-28", "acceptedDate": "2002-03-28 00:00:00", "calendarYear": "2001", "period": "FY", "revenue": 1812500000, "costOfRevenue": 1535900000, "grossProfit": 276600000, "grossProfitRatio": 0.1526068966, "researchAndDevelopmentExpenses": 0, "generalAndAdministrativeExpenses": 172400000, "sellingAndMarketingExpenses": 0, "sellingGeneralAndAdministrativeExpenses": 172400000, "otherExpenses": 3800000, "operatingExpenses": 176200000, "costAndExpenses": 1712100000, "interestIncome": 0, "interestExpense": 0, "depreciationAndAmortization": 40300000, "ebitda": 137500000, "ebitdaratio": 0.075862069, "operatingIncome": 100400000, "operatingIncomeRatio": 0.0553931034, "totalOtherIncomeExpensesNet": 3200000, "incomeBeforeTax": 24600000, "incomeBeforeTaxRatio": 0.0135724138, "incomeTaxExpense": 7900000, "netIncome": 12800000, "netIncomeRatio": 0.007062069, "eps": 0.23, "epsdiluted": 0.22, "weightedAverageShsOut": 56200000, "weightedAverageShsOutDil": 57800000, "link": "https://www.sec.gov/Archives/edgar/data/97216/000009721602000003/0000097216-02-000003-index.htm", "finalLink": "https://www.sec.gov/Archives/edgar/data/97216/000009721602000003/f10k2001.txt", "calculatedOtherExpenses": 3800000, "calculatedOperatingExpenses": 176200000, "calculatedNetInterest": 0, "calculatedOtherIncome": -75800000, "calculatedIncomeNonControlling": 3900000, "calculatedEbitda": 140700000}, {"date": "2000-12-31", "symbol": "TEX", "reportedCurrency": "USD", "cik": "0000097216", "fillingDate": "2001-03-22", "acceptedDate": "2001-03-22 00:00:00", "calendarYear": "2000", "period": "FY", "revenue": 2068700000, "costOfRevenue": 1667100000, "grossProfit": 401600000, "grossProfitRatio": 0.1941315802, "researchAndDevelopmentExpenses": 0, "generalAndAdministrativeExpenses": 165300000, "sellingAndMarketingExpenses": 0, "sellingGeneralAndAdministrativeExpenses": 165300000, "otherExpenses": 41500000, "operatingExpenses": 206800000, "costAndExpenses": 1873900000, "interestIncome": 0, "interestExpense": 0, "depreciationAndAmortization": 41500000, "ebitda": 177200000, "ebitdaratio": 0.0856576594, "operatingIncome": 194800000, "operatingIncomeRatio": 0.0941654179, "totalOtherIncomeExpensesNet": 59100000, "incomeBeforeTax": 159600000, "incomeBeforeTaxRatio": 0.0771499009, "incomeTaxExpense": 55700000, "netIncome": 95100000, "netIncomeRatio": 0.0459708996, "eps": 1.75, "epsdiluted": 1.71, "weightedAverageShsOut": 54400000, "weightedAverageShsOutDil": 55800000, "link": "https://www.sec.gov/Archives/edgar/data/97216/000009721601000031/0000097216-01-000031-index.htm", "finalLink": "https://www.sec.gov/Archives/edgar/data/97216/000009721601000031/0000097216-01-000031-0001.txt", "calculatedOtherExpenses": 41500000, "calculatedOperatingExpenses": 206800000, "calculatedNetInterest": 0, "calculatedOtherIncome": -35200000, "calculatedIncomeNonControlling": 8800000, "calculatedEbitda": 236300000}, {"date": "1999-12-31", "symbol": "TEX", "reportedCurrency": "USD", "cik": "0000097216", "fillingDate": "2000-03-24", "acceptedDate": "2000-03-24 00:00:00", "calendarYear": "1999", "period": "FY", "revenue": 1856600000, "costOfRevenue": 1510300000, "grossProfit": 346300000, "grossProfitRatio": 0.1865237531, "researchAndDevelopmentExpenses": 0, "generalAndAdministrativeExpenses": 138400000, "sellingAndMarketingExpenses": 0, "sellingGeneralAndAdministrativeExpenses": 138400000, "otherExpenses": 32200000, "operatingExpenses": 170600000, "costAndExpenses": 1680900000, "interestIncome": 0, "interestExpense": 0, "depreciationAndAmortization": 32200000, "ebitda": 207700000, "ebitdaratio": 0.1118711623, "operatingIncome": 175700000, "operatingIncomeRatio": 0.0946353549, "totalOtherIncomeExpensesNet": 200000, "incomeBeforeTax": 98400000, "incomeBeforeTaxRatio": 0.0530001077, "incomeTaxExpense": -74500000, "netIncome": 172900000, "netIncomeRatio": 0.0931272218, "eps": 3.57, "epsdiluted": 3.38, "weightedAverageShsOut": 48400000, "weightedAverageShsOutDil": 51200000, "link": "https://www.sec.gov/Archives/edgar/data/97216/000009721600000022/0000097216-00-000022-index.html", "finalLink": "https://www.sec.gov/Archives/edgar/data/97216/000009721600000022/", "calculatedOtherExpenses": 32200000, "calculatedOperatingExpenses": 170600000, "calculatedNetInterest": 0, "calculatedOtherIncome": -77300000, "calculatedIncomeNonControlling": 0, "calculatedEbitda": 207900000}, {"date": "1998-12-31", "symbol": "TEX", "reportedCurrency": "USD", "cik": "0000097216", "fillingDate": "1999-03-31", "acceptedDate": "1999-03-31 00:00:00", "calendarYear": "1998", "period": "FY", "revenue": 1233200000, "costOfRevenue": 991100000, "grossProfit": 242100000, "grossProfitRatio": 0.1963185209, "researchAndDevelopmentExpenses": 0, "generalAndAdministrativeExpenses": 103800000, "sellingAndMarketingExpenses": 0, "sellingGeneralAndAdministrativeExpenses": 103800000, "otherExpenses": 18400000, "operatingExpenses": 122200000, "costAndExpenses": 1113300000, "interestIncome": 0, "interestExpense": 0, "depreciationAndAmortization": 18400000, "ebitda": 136500000, "ebitdaratio": 0.1106876419, "operatingIncome": 119900000, "operatingIncomeRatio": 0.0972267272, "totalOtherIncomeExpensesNet": 1800000, "incomeBeforeTax": 74500000, "incomeBeforeTaxRatio": 0.0604119364, "incomeTaxExpense": 1700000, "netIncome": 34500000, "netIncomeRatio": 0.0279759974, "eps": 0.84, "epsdiluted": 0.77, "weightedAverageShsOut": 41400000, "weightedAverageShsOutDil": 44800000, "link": "https://www.sec.gov/Archives/edgar/data/97216/000009721699000031/0000097216-99-000031-index.html", "finalLink": "https://www.sec.gov/Archives/edgar/data/97216/", "calculatedOtherExpenses": 18400000, "calculatedOperatingExpenses": 122200000, "calculatedNetInterest": 0, "calculatedOtherIncome": -45400000, "calculatedIncomeNonControlling": 38300000, "calculatedEbitda": 138300000}, {"date": "1997-12-31", "symbol": "TEX", "reportedCurrency": "USD", "cik": "0000097216", "fillingDate": "1998-03-30", "acceptedDate": "1998-03-30 00:00:00", "calendarYear": "1997", "period": "FY", "revenue": 842300000, "costOfRevenue": 691000000, "grossProfit": 151300000, "grossProfitRatio": 0.1796272112, "researchAndDevelopmentExpenses": 0, "generalAndAdministrativeExpenses": 68500000, "sellingAndMarketingExpenses": 0, "sellingGeneralAndAdministrativeExpenses": 68500000, "otherExpenses": 14300000, "operatingExpenses": 82800000, "costAndExpenses": 773800000, "interestIncome": 0, "interestExpense": 0, "depreciationAndAmortization": 14300000, "ebitda": 80900000, "ebitdaratio": 0.0960465392, "operatingIncome": 68500000, "operatingIncomeRatio": 0.0813249436, "totalOtherIncomeExpensesNet": 1900000, "incomeBeforeTax": 31000000, "incomeBeforeTaxRatio": 0.0368039891, "incomeTaxExpense": 700000, "netIncome": 15500000, "netIncomeRatio": 0.0184019945, "eps": 0.33, "epsdiluted": 0.3, "weightedAverageShsOut": 32400000, "weightedAverageShsOutDil": 35400000, "link": "https://www.sec.gov/Archives/edgar/data/97216/000009721698000015/0000097216-98-000015-index.html", "finalLink": "https://www.sec.gov/Archives/edgar/data/97216/", "calculatedOtherExpenses": 14300000, "calculatedOperatingExpenses": 82800000, "calculatedNetInterest": 0, "calculatedOtherIncome": -37500000, "calculatedIncomeNonControlling": 14800000, "calculatedEbitda": 82800000}, {"date": "1996-12-31", "symbol": "TEX", "reportedCurrency": "USD", "cik": "0000097216", "fillingDate": "1997-03-28", "acceptedDate": "1997-03-28 00:00:00", "calendarYear": "1996", "period": "FY", "revenue": 678500000, "costOfRevenue": 595600000, "grossProfit": 82900000, "grossProfitRatio": 0.1221812822, "researchAndDevelopmentExpenses": 0, "generalAndAdministrativeExpenses": 64100000, "sellingAndMarketingExpenses": 0, "sellingGeneralAndAdministrativeExpenses": 64100000, "otherExpenses": 13700000, "operatingExpenses": 77800000, "costAndExpenses": 673400000, "interestIncome": 0, "interestExpense": 0, "depreciationAndAmortization": 13700000, "ebitda": 21300000, "ebitdaratio": 0.0313927782, "operatingIncome": 5100000, "operatingIncomeRatio": 0.0075165807, "totalOtherIncomeExpensesNet": -2500000, "incomeBeforeTax": -42200000, "incomeBeforeTaxRatio": -0.0621960206, "incomeTaxExpense": 12100000, "netIncome": 47700000, "netIncomeRatio": 0.0703021371, "eps": 0.53, "epsdiluted": 0.47, "weightedAverageShsOut": 26400000, "weightedAverageShsOutDil": 26400000, "link": "https://www.sec.gov/Archives/edgar/data/97216/000009721697000020/0000097216-97-000020-index.html", "finalLink": "https://www.sec.gov/Archives/edgar/data/97216/", "calculatedOtherExpenses": 13700000, "calculatedOperatingExpenses": 77800000, "calculatedNetInterest": 0, "calculatedOtherIncome": -47300000, "calculatedIncomeNonControlling": -102000000, "calculatedEbitda": 18800000}, {"date": "1995-12-31", "symbol": "TEX", "reportedCurrency": "USD", "cik": "0000097216", "fillingDate": "1996-03-29", "acceptedDate": "1996-03-29 00:00:00", "calendarYear": "1995", "period": "FY", "revenue": 1030200000, "costOfRevenue": 894300000, "grossProfit": 135900000, "grossProfitRatio": 0.1319161328, "researchAndDevelopmentExpenses": 0, "generalAndAdministrativeExpenses": 83300000, "sellingAndMarketingExpenses": 0, "sellingGeneralAndAdministrativeExpenses": 83300000, "otherExpenses": 27700000, "operatingExpenses": 111000000, "costAndExpenses": 1005300000, "interestIncome": 0, "interestExpense": 0, "depreciationAndAmortization": 27700000, "ebitda": 65700000, "ebitdaratio": 0.0637740245, "operatingIncome": 24900000, "operatingIncomeRatio": 0.0241700641, "totalOtherIncomeExpensesNet": -13100000, "incomeBeforeTax": 11800000, "incomeBeforeTaxRatio": 0.0114540866, "incomeTaxExpense": 60100000, "netIncome": -35200000, "netIncomeRatio": -0.0341681227, "eps": -1.66, "epsdiluted": -1.66, "weightedAverageShsOut": 21200000, "weightedAverageShsOutDil": 21200000, "link": "https://www.sec.gov/Archives/edgar/data/97216/000009721696000012/0000097216-96-000012-index.html", "finalLink": "https://www.sec.gov/Archives/edgar/data/97216/", "calculatedOtherExpenses": 27700000, "calculatedOperatingExpenses": 111000000, "calculatedNetInterest": 0, "calculatedOtherIncome": -13100000, "calculatedIncomeNonControlling": -13100000, "calculatedEbitda": 52600000}, {"date": "1994-12-31", "symbol": "TEX", "reportedCurrency": "USD", "cik": "0000097216", "fillingDate": "1995-03-31", "acceptedDate": "1995-03-31 00:00:00", "calendarYear": "1994", "period": "FY", "revenue": 786800000, "costOfRevenue": 686500000, "grossProfit": 100300000, "grossProfitRatio": 0.1274783935, "researchAndDevelopmentExpenses": 0, "generalAndAdministrativeExpenses": 72400000, "sellingAndMarketingExpenses": 0, "sellingGeneralAndAdministrativeExpenses": 72400000, "otherExpenses": 17100000, "operatingExpenses": 89500000, "costAndExpenses": 776000000, "interestIncome": 0, "interestExpense": 0, "depreciationAndAmortization": 17100000, "ebitda": 6200000, "ebitdaratio": 0.0078800203, "operatingIncome": 10800000, "operatingIncomeRatio": 0.013726487, "totalOtherIncomeExpensesNet": 21700000, "incomeBeforeTax": 2000000, "incomeBeforeTaxRatio": 0.002541942, "incomeTaxExpense": 800000, "netIncome": 500000, "netIncomeRatio": 0.0006354855, "eps": -0.26, "epsdiluted": -0.26, "weightedAverageShsOut": 20606000, "weightedAverageShsOutDil": 41212000, "link": "https://www.sec.gov/Archives/edgar/data/97216/000009721695000002/0000097216-95-000002-index.html", "finalLink": "https://www.sec.gov/Archives/edgar/data/97216/", "calculatedOtherExpenses": 17100000, "calculatedOperatingExpenses": 89500000, "calculatedNetInterest": 0, "calculatedOtherIncome": -8800000, "calculatedIncomeNonControlling": 700000, "calculatedEbitda": 27900000}, {"date": "1993-12-31", "symbol": "TEX", "reportedCurrency": "USD", "cik": "0000097216", "fillingDate": "1993-12-31", "acceptedDate": "1993-12-30 19:00:00", "calendarYear": "1993", "period": "FY", "revenue": 670300000, "costOfRevenue": 599400000, "grossProfit": 70900000, "grossProfitRatio": 0.1057735342, "researchAndDevelopmentExpenses": 0, "generalAndAdministrativeExpenses": 0, "sellingAndMarketingExpenses": 0, "sellingGeneralAndAdministrativeExpenses": 77700000, "otherExpenses": 22400000, "operatingExpenses": 100100000, "costAndExpenses": 699500000, "interestIncome": 0, "interestExpense": 0, "depreciationAndAmortization": 22400000, "ebitda": -2300000, "ebitdaratio": -0.0034312994, "operatingIncome": -29200000, "operatingIncomeRatio": -0.0435625839, "totalOtherIncomeExpensesNet": -4500000, "incomeBeforeTax": -64900000, "incomeBeforeTaxRatio": -0.0968223184, "incomeTaxExpense": 200000, "netIncome": -66600000, "netIncomeRatio": -0.0993584962, "eps": -3.23, "epsdiluted": -3.23, "weightedAverageShsOut": 20606000, "weightedAverageShsOutDil": 20606000, "link": "", "finalLink": "", "calculatedOtherExpenses": 22400000, "calculatedOperatingExpenses": 100100000, "calculatedNetInterest": 0, "calculatedOtherIncome": -35700000, "calculatedIncomeNonControlling": 1500000, "calculatedEbitda": -6800000}, {"date": "1992-12-31", "symbol": "TEX", "reportedCurrency": "USD", "cik": "0000097216", "fillingDate": "1992-12-31", "acceptedDate": "1992-12-30 19:00:00", "calendarYear": "1992", "period": "FY", "revenue": 1012300000, "costOfRevenue": 898800000, "grossProfit": 113500000, "grossProfitRatio": 0.1121209128, "researchAndDevelopmentExpenses": 0, "generalAndAdministrativeExpenses": 0, "sellingAndMarketingExpenses": 0, "sellingGeneralAndAdministrativeExpenses": 121000000, "otherExpenses": 18700000, "operatingExpenses": 139700000, "costAndExpenses": 1038500000, "interestIncome": 0, "interestExpense": 0, "depreciationAndAmortization": 18700000, "ebitda": 23000000, "ebitdaratio": 0.0227205374, "operatingIncome": -26200000, "operatingIncomeRatio": -0.0258816556, "totalOtherIncomeExpensesNet": -30500000, "incomeBeforeTax": -64200000, "incomeBeforeTaxRatio": -0.0634199348, "incomeTaxExpense": -3100000, "netIncome": -61100000, "netIncomeRatio": -0.0603576015, "eps": -3.07, "epsdiluted": -3.07, "weightedAverageShsOut": 19890000, "weightedAverageShsOutDil": 19890000, "link": "", "finalLink": "", "calculatedOtherExpenses": 18700000, "calculatedOperatingExpenses": 139700000, "calculatedNetInterest": 0, "calculatedOtherIncome": -38000000, "calculatedIncomeNonControlling": 0, "calculatedEbitda": -7500000}, {"date": "1991-12-31", "symbol": "TEX", "reportedCurrency": "USD", "cik": "0000097216", "fillingDate": "1991-12-31", "acceptedDate": "1991-12-30 19:00:00", "calendarYear": "1991", "period": "FY", "revenue": 784200000, "costOfRevenue": 675200000, "grossProfit": 109000000, "grossProfitRatio": 0.1389951543, "researchAndDevelopmentExpenses": 0, "generalAndAdministrativeExpenses": 0, "sellingAndMarketingExpenses": 0, "sellingGeneralAndAdministrativeExpenses": 130700000, "otherExpenses": 15600000, "operatingExpenses": 146300000, "costAndExpenses": 821500000, "interestIncome": 0, "interestExpense": 0, "depreciationAndAmortization": 15600000, "ebitda": -48300000, "ebitdaratio": -0.0615914308, "operatingIncome": -37300000, "operatingIncomeRatio": -0.0475643968, "totalOtherIncomeExpensesNet": 26600000, "incomeBeforeTax": -32500000, "incomeBeforeTaxRatio": -0.0414435093, "incomeTaxExpense": 900000, "netIncome": -33400000, "netIncomeRatio": -0.0425911757, "eps": -1.68, "epsdiluted": -1.68, "weightedAverageShsOut": 19846000, "weightedAverageShsOutDil": 19846000, "link": "", "finalLink": "", "calculatedOtherExpenses": 15600000, "calculatedOperatingExpenses": 146300000, "calculatedNetInterest": 0, "calculatedOtherIncome": 4800000, "calculatedIncomeNonControlling": 0, "calculatedEbitda": -21700000}, {"date": "1990-12-31", "symbol": "TEX", "reportedCurrency": "USD", "cik": "0000097216", "fillingDate": "1990-12-31", "acceptedDate": "1990-12-30 19:00:00", "calendarYear": "1990", "period": "FY", "revenue": 1023200000, "costOfRevenue": 836000000, "grossProfit": 187200000, "grossProfitRatio": 0.1829554339, "researchAndDevelopmentExpenses": 0, "generalAndAdministrativeExpenses": 0, "sellingAndMarketingExpenses": 0, "sellingGeneralAndAdministrativeExpenses": 119300000, "otherExpenses": 17700000, "operatingExpenses": 137000000, "costAndExpenses": 973000000, "interestIncome": 0, "interestExpense": 0, "depreciationAndAmortization": 17700000, "ebitda": 53500000, "ebitdaratio": 0.0522869429, "operatingIncome": 50200000, "operatingIncomeRatio": 0.049061767, "totalOtherIncomeExpensesNet": 14400000, "incomeBeforeTax": 17900000, "incomeBeforeTaxRatio": 0.017494136, "incomeTaxExpense": 2400000, "netIncome": 15500000, "netIncomeRatio": 0.0151485536, "eps": 0.39, "epsdiluted": 0.39, "weightedAverageShsOut": 19786000, "weightedAverageShsOutDil": 19786000, "link": "", "finalLink": "", "calculatedOtherExpenses": 17700000, "calculatedOperatingExpenses": 137000000, "calculatedNetInterest": 0, "calculatedOtherIncome": -32300000, "calculatedIncomeNonControlling": 0, "calculatedEbitda": 67900000}, {"date": "1989-12-31", "symbol": "TEX", "reportedCurrency": "USD", "cik": "0000097216", "fillingDate": "1989-12-31", "acceptedDate": "1989-12-30 19:00:00", "calendarYear": "1989", "period": "FY", "revenue": 790900000, "costOfRevenue": 665500000, "grossProfit": 125400000, "grossProfitRatio": 0.1585535466, "researchAndDevelopmentExpenses": 0, "generalAndAdministrativeExpenses": 0, "sellingAndMarketingExpenses": 0, "sellingGeneralAndAdministrativeExpenses": 86000000, "otherExpenses": 0, "operatingExpenses": 86000000, "costAndExpenses": 751500000, "interestIncome": 0, "interestExpense": 0, "depreciationAndAmortization": -14400000, "ebitda": 25000000, "ebitdaratio": 0.0316095587, "operatingIncome": 39400000, "operatingIncomeRatio": 0.0498166646, "totalOtherIncomeExpensesNet": 14400000, "incomeBeforeTax": 21200000, "incomeBeforeTaxRatio": 0.0268049058, "incomeTaxExpense": 2400000, "netIncome": 18800000, "netIncomeRatio": 0.0237703882, "eps": 0.38, "epsdiluted": 0.38, "weightedAverageShsOut": 19486000, "weightedAverageShsOutDil": 19486000, "link": "", "finalLink": "", "calculatedOtherExpenses": 0, "calculatedOperatingExpenses": 86000000, "calculatedNetInterest": 0, "calculatedOtherIncome": -18200000, "calculatedIncomeNonControlling": 0, "calculatedEbitda": 25000000}, {"date": "1988-12-31", "symbol": "TEX", "reportedCurrency": "USD", "cik": "0000097216", "fillingDate": "1988-12-31", "acceptedDate": "1988-12-30 19:00:00", "calendarYear": "1988", "period": "FY", "revenue": 343700000, "costOfRevenue": 317000000, "grossProfit": 26700000, "grossProfitRatio": 0.0776840268, "researchAndDevelopmentExpenses": 0, "generalAndAdministrativeExpenses": 0, "sellingAndMarketingExpenses": 0, "sellingGeneralAndAdministrativeExpenses": 0, "otherExpenses": 4800000, "operatingExpenses": 4800000, "costAndExpenses": 321800000, "interestIncome": 0, "interestExpense": 0, "depreciationAndAmortization": 4800000, "ebitda": 20700000, "ebitdaratio": 0.0602269421, "operatingIncome": 21900000, "operatingIncomeRatio": 0.063718359, "totalOtherIncomeExpensesNet": 6000000, "incomeBeforeTax": 14300000, "incomeBeforeTaxRatio": 0.0416060518, "incomeTaxExpense": 1100000, "netIncome": 13200000, "netIncomeRatio": 0.0384055863, "eps": 0.29, "epsdiluted": 0.29, "weightedAverageShsOut": 19424000, "weightedAverageShsOutDil": 19424000, "link": "", "finalLink": "", "calculatedOtherExpenses": 4800000, "calculatedOperatingExpenses": 4800000, "calculatedNetInterest": 0, "calculatedOtherIncome": -7600000, "calculatedIncomeNonControlling": 0, "calculatedEbitda": 26700000}, {"date": "1987-12-31", "symbol": "TEX", "reportedCurrency": "USD", "cik": "0000097216", "fillingDate": "1987-12-31", "acceptedDate": "1987-12-30 19:00:00", "calendarYear": "1987", "period": "FY", "revenue": 200300000, "costOfRevenue": 153500000, "grossProfit": 46800000, "grossProfitRatio": 0.2336495257, "researchAndDevelopmentExpenses": 0, "generalAndAdministrativeExpenses": 0, "sellingAndMarketingExpenses": 0, "sellingGeneralAndAdministrativeExpenses": 29700000, "otherExpenses": 2200000, "operatingExpenses": 31900000, "costAndExpenses": 185400000, "interestIncome": 0, "interestExpense": 0, "depreciationAndAmortization": 2200000, "ebitda": 12400000, "ebitdaratio": 0.0619071393, "operatingIncome": 14900000, "operatingIncomeRatio": 0.0743884174, "totalOtherIncomeExpensesNet": 4700000, "incomeBeforeTax": 11200000, "incomeBeforeTaxRatio": 0.0559161258, "incomeTaxExpense": 400000, "netIncome": 10800000, "netIncomeRatio": 0.0539191213, "eps": 0.28, "epsdiluted": 0.28, "weightedAverageShsOut": 17310000, "weightedAverageShsOutDil": 17310000, "link": "", "finalLink": "", "calculatedOtherExpenses": 2200000, "calculatedOperatingExpenses": 31900000, "calculatedNetInterest": 0, "calculatedOtherIncome": -3700000, "calculatedIncomeNonControlling": 0, "calculatedEbitda": 17100000}, {"date": "1986-12-31", "symbol": "TEX", "reportedCurrency": "USD", "cik": "0000097216", "fillingDate": "1986-12-31", "acceptedDate": "1986-12-30 19:00:00", "calendarYear": "1986", "period": "FY", "revenue": 32700000, "costOfRevenue": 22200000, "grossProfit": 10500000, "grossProfitRatio": 0.3211009174, "researchAndDevelopmentExpenses": 0, "generalAndAdministrativeExpenses": 0, "sellingAndMarketingExpenses": 0, "sellingGeneralAndAdministrativeExpenses": 4200000, "otherExpenses": 600000, "operatingExpenses": 4800000, "costAndExpenses": 27000000, "interestIncome": 0, "interestExpense": 0, "depreciationAndAmortization": 600000, "ebitda": 4300000, "ebitdaratio": 0.1314984709, "operatingIncome": 5700000, "operatingIncomeRatio": 0.1743119266, "totalOtherIncomeExpensesNet": 2000000, "incomeBeforeTax": 6700000, "incomeBeforeTaxRatio": 0.2048929664, "incomeTaxExpense": 3300000, "netIncome": 3400000, "netIncomeRatio": 0.1039755352, "eps": 0.098, "epsdiluted": 0.098, "weightedAverageShsOut": 17310000, "weightedAverageShsOutDil": 17310000, "link": "", "finalLink": "", "calculatedOtherExpenses": 600000, "calculatedOperatingExpenses": 4800000, "calculatedNetInterest": 0, "calculatedOtherIncome": 1000000, "calculatedIncomeNonControlling": 0, "calculatedEbitda": 6300000}]}