{"originalCurrency": "USD", "convertedCurrency": "USD", "report": [{"date": "2023-12-31", "symbol": "TFC", "reportedCurrency": "USD", "cik": "0000092230", "fillingDate": "2024-02-27", "acceptedDate": "2024-02-27 17:27:40", "calendarYear": "2023", "period": "FY", "revenue": 33329000000, "costOfRevenue": 83000000, "grossProfit": 33246000000, "grossProfitRatio": 0.9975096763, "researchAndDevelopmentExpenses": 0, "generalAndAdministrativeExpenses": 8654000000, "sellingAndMarketingExpenses": 297000000, "sellingGeneralAndAdministrativeExpenses": 8951000000, "otherExpenses": -5060000000, "operatingExpenses": 5060000000, "costAndExpenses": 27061000000, "interestIncome": 24456000000, "interestExpense": 3501000000, "depreciationAndAmortization": 1390000000, "ebitda": 665000000, "ebitdaratio": 0.0199525938, "operatingIncome": -44000000, "operatingIncomeRatio": -0.0013201716, "totalOtherIncomeExpensesNet": -185000000, "incomeBeforeTax": -185000000, "incomeBeforeTaxRatio": -0.0055507216, "incomeTaxExpense": 862000000, "netIncome": -1091000000, "netIncomeRatio": -0.0327342555, "eps": -0.82, "epsdiluted": -0.82, "weightedAverageShsOut": 1331963000, "weightedAverageShsOutDil": 1331963000, "link": "https://www.sec.gov/Archives/edgar/data/92230/000009223024000010/0000092230-24-000010-index.htm", "finalLink": "https://www.sec.gov/Archives/edgar/data/92230/000009223024000010/tfc-20231231.htm", "calculatedOtherExpenses": 24339000000, "calculatedOperatingExpenses": 33290000000, "calculatedNetInterest": 20955000000, "calculatedOtherIncome": -21096000000, "calculatedIncomeNonControlling": 44000000, "calculatedEbitda": 1346000000}, {"date": "2022-12-31", "symbol": "TFC", "reportedCurrency": "USD", "cik": "0000092230", "fillingDate": "2023-02-28", "acceptedDate": "2023-02-28 16:47:54", "calendarYear": "2022", "period": "FY", "revenue": 22258000000, "costOfRevenue": 0, "grossProfit": 22258000000, "grossProfitRatio": 1, "researchAndDevelopmentExpenses": 0, "generalAndAdministrativeExpenses": 2343000000, "sellingAndMarketingExpenses": 352000000, "sellingGeneralAndAdministrativeExpenses": 12568000000, "otherExpenses": -4203000000, "operatingExpenses": 14589000000, "costAndExpenses": 14589000000, "interestIncome": 16637000000, "interestExpense": 2321000000, "depreciationAndAmortization": -8909000000, "ebitda": -1580000000, "ebitdaratio": -0.070985713, "operatingIncome": 8909000000, "operatingIncomeRatio": 0.4002605805, "totalOtherIncomeExpensesNet": -1240000000, "incomeBeforeTax": 7669000000, "incomeBeforeTaxRatio": 0.3445502741, "incomeTaxExpense": 1402000000, "netIncome": 6260000000, "netIncomeRatio": 0.281247192, "eps": 4.46, "epsdiluted": 4.43, "weightedAverageShsOut": 1328120000, "weightedAverageShsOutDil": 1338462000, "link": "https://www.sec.gov/Archives/edgar/data/92230/000009223023000034/0000092230-23-000034-index.htm", "finalLink": "https://www.sec.gov/Archives/edgar/data/92230/000009223023000034/tfc-20221231.htm", "calculatedOtherExpenses": 781000000, "calculatedOperatingExpenses": 13349000000, "calculatedNetInterest": 14316000000, "calculatedOtherIncome": -15556000000, "calculatedIncomeNonControlling": 7000000, "calculatedEbitda": 0}, {"date": "2021-12-31", "symbol": "TFC", "reportedCurrency": "USD", "cik": "0000092230", "fillingDate": "2022-02-23", "acceptedDate": "2022-02-22 17:33:55", "calendarYear": "2021", "period": "FY", "revenue": 23109000000, "costOfRevenue": 0, "grossProfit": 23109000000, "grossProfitRatio": 1, "researchAndDevelopmentExpenses": 0, "generalAndAdministrativeExpenses": 2387000000, "sellingAndMarketingExpenses": 294000000, "sellingGeneralAndAdministrativeExpenses": 12780000000, "otherExpenses": -4199000000, "operatingExpenses": 15116000000, "costAndExpenses": 15116000000, "interestIncome": 13774000000, "interestExpense": 768000000, "depreciationAndAmortization": -9526000000, "ebitda": -1937000000, "ebitdaratio": -0.0838201566, "operatingIncome": 9526000000, "operatingIncomeRatio": 0.4122203471, "totalOtherIncomeExpensesNet": -1533000000, "incomeBeforeTax": 7993000000, "incomeBeforeTaxRatio": 0.3458825566, "incomeTaxExpense": 1556000000, "netIncome": 6440000000, "netIncomeRatio": 0.2786793024, "eps": 4.51, "epsdiluted": 4.47, "weightedAverageShsOut": 1337144000, "weightedAverageShsOutDil": 1349378000, "link": "https://www.sec.gov/Archives/edgar/data/92230/000009223022000008/0000092230-22-000008-index.htm", "finalLink": "https://www.sec.gov/Archives/edgar/data/92230/000009223022000008/tfc-20211231.htm", "calculatedOtherExpenses": 803000000, "calculatedOperatingExpenses": 13583000000, "calculatedNetInterest": 13006000000, "calculatedOtherIncome": -14539000000, "calculatedIncomeNonControlling": -3000000, "calculatedEbitda": 0}, {"date": "2020-12-31", "symbol": "TFC", "reportedCurrency": "USD", "cik": "0000092230", "fillingDate": "2021-02-24", "acceptedDate": "2021-02-24 08:41:32", "calendarYear": "2020", "period": "FY", "revenue": 20370000000, "costOfRevenue": 0, "grossProfit": 20370000000, "grossProfitRatio": 1, "researchAndDevelopmentExpenses": 0, "generalAndAdministrativeExpenses": 2114000000, "sellingAndMarketingExpenses": 273000000, "sellingGeneralAndAdministrativeExpenses": 12179000000, "otherExpenses": -4010000000, "operatingExpenses": 14897000000, "costAndExpenses": 14897000000, "interestIncome": 15548000000, "interestExpense": 1722000000, "depreciationAndAmortization": -7143000000, "ebitda": -1978000000, "ebitdaratio": -0.0971035837, "operatingIncome": 7143000000, "operatingIncomeRatio": 0.3506627393, "totalOtherIncomeExpensesNet": -1670000000, "incomeBeforeTax": 5473000000, "incomeBeforeTaxRatio": 0.2686794305, "incomeTaxExpense": 981000000, "netIncome": 4482000000, "netIncomeRatio": 0.2200294551, "eps": 3.11, "epsdiluted": 3.08, "weightedAverageShsOut": 1347080000, "weightedAverageShsOutDil": 1358289000, "link": "https://www.sec.gov/Archives/edgar/data/92230/000009223021000032/0000092230-21-000032-index.htm", "finalLink": "https://www.sec.gov/Archives/edgar/data/92230/000009223021000032/tfc-20201231.htm", "calculatedOtherExpenses": 1048000000, "calculatedOperatingExpenses": 13227000000, "calculatedNetInterest": 13826000000, "calculatedOtherIncome": -15496000000, "calculatedIncomeNonControlling": 10000000, "calculatedEbitda": 0}, {"date": "2019-12-31", "symbol": "TFC", "reportedCurrency": "USD", "cik": "0000092230", "fillingDate": "2020-03-03", "acceptedDate": "2020-03-02 19:20:56", "calendarYear": "2019", "period": "FY", "revenue": 11953000000, "costOfRevenue": 0, "grossProfit": 11953000000, "grossProfitRatio": 1, "researchAndDevelopmentExpenses": 0, "generalAndAdministrativeExpenses": 771000000, "sellingAndMarketingExpenses": 137000000, "sellingGeneralAndAdministrativeExpenses": 6664000000, "otherExpenses": -1818000000, "operatingExpenses": 7934000000, "costAndExpenses": 7934000000, "interestIncome": 9409000000, "interestExpense": 2096000000, "depreciationAndAmortization": -4624000000, "ebitda": -814000000, "ebitdaratio": -0.0681000586, "operatingIncome": 4624000000, "operatingIncomeRatio": 0.3868484899, "totalOtherIncomeExpensesNet": -605000000, "incomeBeforeTax": 4019000000, "incomeBeforeTaxRatio": 0.3362335815, "incomeTaxExpense": 782000000, "netIncome": 3224000000, "netIncomeRatio": 0.2697230821, "eps": 3.76, "epsdiluted": 3.71, "weightedAverageShsOut": 805104000, "weightedAverageShsOutDil": 815204000, "link": "https://www.sec.gov/Archives/edgar/data/92230/000009223020000045/0000092230-20-000045-index.htm", "finalLink": "https://www.sec.gov/Archives/edgar/data/92230/000009223020000045/tfc-20191231.htm", "calculatedOtherExpenses": 665000000, "calculatedOperatingExpenses": 7329000000, "calculatedNetInterest": 7313000000, "calculatedOtherIncome": -7918000000, "calculatedIncomeNonControlling": 13000000, "calculatedEbitda": 0}, {"date": "2018-12-31", "symbol": "TFC", "reportedCurrency": "USD", "cik": "0000092230", "fillingDate": "2019-02-26", "acceptedDate": "2019-02-26 17:11:54", "calendarYear": "2018", "period": "FY", "revenue": 10992000000, "costOfRevenue": 0, "grossProfit": 10992000000, "grossProfitRatio": 1, "researchAndDevelopmentExpenses": 0, "generalAndAdministrativeExpenses": 637000000, "sellingAndMarketingExpenses": 102000000, "sellingGeneralAndAdministrativeExpenses": 5930000000, "otherExpenses": -1715000000, "operatingExpenses": 6932000000, "costAndExpenses": 6932000000, "interestIncome": 8120000000, "interestExpense": 1438000000, "depreciationAndAmortization": -4471000000, "ebitda": -605000000, "ebitdaratio": -0.0550400291, "operatingIncome": 4471000000, "operatingIncomeRatio": 0.4067503639, "totalOtherIncomeExpensesNet": -411000000, "incomeBeforeTax": 4060000000, "incomeBeforeTaxRatio": 0.3693595342, "incomeTaxExpense": 803000000, "netIncome": 3237000000, "netIncomeRatio": 0.2944868996, "eps": 4.19, "epsdiluted": 4.13, "weightedAverageShsOut": 772963000, "weightedAverageShsOutDil": 783484000, "link": "https://www.sec.gov/Archives/edgar/data/92230/000009223019000017/0000092230-19-000017-index.htm", "finalLink": "https://www.sec.gov/Archives/edgar/data/92230/000009223019000017/form10-k_4q18.htm", "calculatedOtherExpenses": 591000000, "calculatedOperatingExpenses": 6521000000, "calculatedNetInterest": 6682000000, "calculatedOtherIncome": -7093000000, "calculatedIncomeNonControlling": 20000000, "calculatedEbitda": 0}, {"date": "2017-12-31", "symbol": "TFC", "reportedCurrency": "USD", "cik": "0000092230", "fillingDate": "2018-02-21", "acceptedDate": "2018-02-20 18:34:45", "calendarYear": "2017", "period": "FY", "revenue": 10770000000, "costOfRevenue": 0, "grossProfit": 10770000000, "grossProfitRatio": 1, "researchAndDevelopmentExpenses": 0, "generalAndAdministrativeExpenses": 611000000, "sellingAndMarketingExpenses": 94000000, "sellingGeneralAndAdministrativeExpenses": 5835000000, "otherExpenses": -1794000000, "operatingExpenses": 7444000000, "costAndExpenses": 7444000000, "interestIncome": 7374000000, "interestExpense": 839000000, "depreciationAndAmortization": -4128000000, "ebitda": -997000000, "ebitdaratio": -0.0925719591, "operatingIncome": 4128000000, "operatingIncomeRatio": 0.3832869081, "totalOtherIncomeExpensesNet": -802000000, "incomeBeforeTax": 3326000000, "incomeBeforeTaxRatio": 0.3088207985, "incomeTaxExpense": 911000000, "netIncome": 2394000000, "netIncomeRatio": 0.2222841226, "eps": 2.78, "epsdiluted": 2.74, "weightedAverageShsOut": 810218978, "weightedAverageShsOutDil": 810977000, "link": "https://www.sec.gov/Archives/edgar/data/92230/000009223018000021/0000092230-18-000021-index.htm", "finalLink": "https://www.sec.gov/Archives/edgar/data/92230/000009223018000021/form10-k_4q17.htm", "calculatedOtherExpenses": 807000000, "calculatedOperatingExpenses": 6642000000, "calculatedNetInterest": 6535000000, "calculatedOtherIncome": -7337000000, "calculatedIncomeNonControlling": 21000000, "calculatedEbitda": 0}, {"date": "2016-12-31", "symbol": "TFC", "reportedCurrency": "USD", "cik": "0000092230", "fillingDate": "2017-02-21", "acceptedDate": "2017-02-21 16:18:46", "calendarYear": "2016", "period": "FY", "revenue": 10221000000, "costOfRevenue": 0, "grossProfit": 10221000000, "grossProfitRatio": 1, "researchAndDevelopmentExpenses": 0, "generalAndAdministrativeExpenses": 512000000, "sellingAndMarketingExpenses": 4815000000, "sellingGeneralAndAdministrativeExpenses": 5327000000, "otherExpenses": -1801000000, "operatingExpenses": 6721000000, "costAndExpenses": 6721000000, "interestIncome": 7066000000, "interestExpense": 745000000, "depreciationAndAmortization": -3965000000, "ebitda": -648000000, "ebitdaratio": -0.0633988846, "operatingIncome": 3965000000, "operatingIncomeRatio": 0.3879268173, "totalOtherIncomeExpensesNet": -465000000, "incomeBeforeTax": 3500000000, "incomeBeforeTaxRatio": 0.3424322473, "incomeTaxExpense": 1058000000, "netIncome": 2426000000, "netIncomeRatio": 0.2373544663, "eps": 2.81, "epsdiluted": 2.77, "weightedAverageShsOut": 814916000, "weightedAverageShsOutDil": 815523465, "link": "https://www.sec.gov/Archives/edgar/data/92230/000009223017000021/0000092230-17-000021-index.htm", "finalLink": "https://www.sec.gov/Archives/edgar/data/92230/000009223017000021/form10-kx2016.htm", "calculatedOtherExpenses": 929000000, "calculatedOperatingExpenses": 6256000000, "calculatedNetInterest": 6321000000, "calculatedOtherIncome": -6786000000, "calculatedIncomeNonControlling": 16000000, "calculatedEbitda": 0}, {"date": "2015-12-31", "symbol": "TFC", "reportedCurrency": "USD", "cik": "0000092230", "fillingDate": "2016-02-25", "acceptedDate": "2016-02-25 17:25:57", "calendarYear": "2015", "period": "FY", "revenue": 9183000000, "costOfRevenue": 0, "grossProfit": 9183000000, "grossProfitRatio": 1, "researchAndDevelopmentExpenses": 0, "generalAndAdministrativeExpenses": 457000000, "sellingAndMarketingExpenses": 4177000000, "sellingGeneralAndAdministrativeExpenses": 4634000000, "otherExpenses": 0, "operatingExpenses": 6266000000, "costAndExpenses": 6266000000, "interestIncome": 6327000000, "interestExpense": 735000000, "depreciationAndAmortization": -3460000000, "ebitda": -730000000, "ebitdaratio": -0.0794947185, "operatingIncome": 3460000000, "operatingIncomeRatio": 0.3767831863, "totalOtherIncomeExpensesNet": -543000000, "incomeBeforeTax": 2917000000, "incomeBeforeTaxRatio": 0.3176521834, "incomeTaxExpense": 794000000, "netIncome": 2084000000, "netIncomeRatio": 0.2269410868, "eps": 2.59, "epsdiluted": 2.56, "weightedAverageShsOut": 756250000, "weightedAverageShsOutDil": 757765000, "link": "https://www.sec.gov/Archives/edgar/data/92230/000009223016000125/0000092230-16-000125-index.htm", "finalLink": "https://www.sec.gov/Archives/edgar/data/92230/000009223016000125/f10k2015.htm", "calculatedOtherExpenses": 1089000000, "calculatedOperatingExpenses": 5723000000, "calculatedNetInterest": 5592000000, "calculatedOtherIncome": -6135000000, "calculatedIncomeNonControlling": 39000000, "calculatedEbitda": 0}, {"date": "2014-12-31", "symbol": "TFC", "reportedCurrency": "USD", "cik": "0000092230", "fillingDate": "2015-02-25", "acceptedDate": "2015-02-25 15:57:09", "calendarYear": "2014", "period": "FY", "revenue": 8979000000, "costOfRevenue": 0, "grossProfit": 8979000000, "grossProfitRatio": 1, "researchAndDevelopmentExpenses": 0, "generalAndAdministrativeExpenses": 428000000, "sellingAndMarketingExpenses": 3862000000, "sellingGeneralAndAdministrativeExpenses": 4290000000, "otherExpenses": 0, "operatingExpenses": 5852000000, "costAndExpenses": 5852000000, "interestIncome": 6142000000, "interestExpense": 768000000, "depreciationAndAmortization": -3492000000, "ebitda": -588000000, "ebitdaratio": -0.0654861343, "operatingIncome": 3492000000, "operatingIncomeRatio": 0.3889074507, "totalOtherIncomeExpensesNet": -365000000, "incomeBeforeTax": 3127000000, "incomeBeforeTaxRatio": 0.3482570442, "incomeTaxExpense": 921000000, "netIncome": 2151000000, "netIncomeRatio": 0.2395589709, "eps": 2.76, "epsdiluted": 2.72, "weightedAverageShsOut": 728372000, "weightedAverageShsOutDil": 729044117, "link": "https://www.sec.gov/Archives/edgar/data/92230/000009223015000021/0000092230-15-000021-index.htm", "finalLink": "https://www.sec.gov/Archives/edgar/data/92230/000009223015000021/form10k.htm", "calculatedOtherExpenses": 1197000000, "calculatedOperatingExpenses": 5487000000, "calculatedNetInterest": 5374000000, "calculatedOtherIncome": -5739000000, "calculatedIncomeNonControlling": 55000000, "calculatedEbitda": 0}, {"date": "2013-12-31", "symbol": "TFC", "reportedCurrency": "USD", "cik": "0000092230", "fillingDate": "2014-02-26", "acceptedDate": "2014-02-26 16:21:44", "calendarYear": "2013", "period": "FY", "revenue": 9060000000, "costOfRevenue": 0, "grossProfit": 9060000000, "grossProfitRatio": 1, "researchAndDevelopmentExpenses": 0, "generalAndAdministrativeExpenses": 436000000, "sellingAndMarketingExpenses": 3985000000, "sellingGeneralAndAdministrativeExpenses": 4421000000, "otherExpenses": 0, "operatingExpenses": 5777000000, "costAndExpenses": 5777000000, "interestIncome": 6507000000, "interestExpense": 891000000, "depreciationAndAmortization": -3633000000, "ebitda": -517000000, "ebitdaratio": -0.0570640177, "operatingIncome": 3633000000, "operatingIncomeRatio": 0.4009933775, "totalOtherIncomeExpensesNet": -350000000, "incomeBeforeTax": 3283000000, "incomeBeforeTaxRatio": 0.3623620309, "incomeTaxExpense": 1553000000, "netIncome": 1679000000, "netIncomeRatio": 0.1853200883, "eps": 2.22, "epsdiluted": 2.19, "weightedAverageShsOut": 713698630, "weightedAverageShsOutDil": 714363000, "link": "https://www.sec.gov/Archives/edgar/data/92230/000009223014000014/0000092230-14-000014-index.htm", "finalLink": "https://www.sec.gov/Archives/edgar/data/92230/000009223014000014/a10k.htm", "calculatedOtherExpenses": 1006000000, "calculatedOperatingExpenses": 5427000000, "calculatedNetInterest": 5616000000, "calculatedOtherIncome": -5966000000, "calculatedIncomeNonControlling": 51000000, "calculatedEbitda": 0}, {"date": "2012-12-31", "symbol": "TFC", "reportedCurrency": "USD", "cik": "0000092230", "fillingDate": "2013-03-01", "acceptedDate": "2013-02-28 20:51:50", "calendarYear": "2012", "period": "FY", "revenue": 8620000000, "costOfRevenue": 0, "grossProfit": 8620000000, "grossProfitRatio": 1, "researchAndDevelopmentExpenses": 0, "generalAndAdministrativeExpenses": 352000000, "sellingAndMarketingExpenses": 3775000000, "sellingGeneralAndAdministrativeExpenses": 4127000000, "otherExpenses": 0, "operatingExpenses": 5828000000, "costAndExpenses": 5828000000, "interestIncome": 6917000000, "interestExpense": 1060000000, "depreciationAndAmortization": -3397000000, "ebitda": -717000000, "ebitdaratio": -0.0831786543, "operatingIncome": 3397000000, "operatingIncomeRatio": 0.3940835267, "totalOtherIncomeExpensesNet": -605000000, "incomeBeforeTax": 2792000000, "incomeBeforeTaxRatio": 0.3238979118, "incomeTaxExpense": 764000000, "netIncome": 1979000000, "netIncomeRatio": 0.2295823666, "eps": 2.74, "epsdiluted": 2.7, "weightedAverageShsOut": 708877000, "weightedAverageShsOutDil": 709629629, "link": "https://www.sec.gov/Archives/edgar/data/92230/000009223013000023/0000092230-13-000023-index.htm", "finalLink": "https://www.sec.gov/Archives/edgar/data/92230/000009223013000023/a10k2012.htm", "calculatedOtherExpenses": 1096000000, "calculatedOperatingExpenses": 5223000000, "calculatedNetInterest": 5857000000, "calculatedOtherIncome": -6462000000, "calculatedIncomeNonControlling": 49000000, "calculatedEbitda": 0}, {"date": "2011-12-31", "symbol": "TFC", "reportedCurrency": "USD", "cik": "0000092230", "fillingDate": "2012-02-27", "acceptedDate": "2012-02-27 15:55:13", "calendarYear": "2011", "period": "FY", "revenue": 8909000000, "costOfRevenue": 0, "grossProfit": 8909000000, "grossProfitRatio": 1, "researchAndDevelopmentExpenses": 0, "generalAndAdministrativeExpenses": 3016000000, "sellingAndMarketingExpenses": 0, "sellingGeneralAndAdministrativeExpenses": 3016000000, "otherExpenses": -8698000000, "operatingExpenses": -5682000000, "costAndExpenses": -5682000000, "interestIncome": 6885000000, "interestExpense": 1378000000, "depreciationAndAmortization": 99000000, "ebitda": 3326000000, "ebitdaratio": 0.3733303401, "operatingIncome": 3227000000, "operatingIncomeRatio": 0.3622179818, "totalOtherIncomeExpensesNet": -1599000000, "incomeBeforeTax": 1628000000, "incomeBeforeTaxRatio": 0.1827365585, "incomeTaxExpense": 296000000, "netIncome": 1289000000, "netIncomeRatio": 0.1446851498, "eps": 1.85, "epsdiluted": 1.83, "weightedAverageShsOut": 696526000, "weightedAverageShsOutDil": 705168000, "link": "https://www.sec.gov/Archives/edgar/data/92230/000119312512081457/0001193125-12-081457-index.htm", "finalLink": "https://www.sec.gov/Archives/edgar/data/92230/000119312512081457/d282790d10k.htm", "calculatedOtherExpenses": 2666000000, "calculatedOperatingExpenses": 5682000000, "calculatedNetInterest": 5507000000, "calculatedOtherIncome": -7106000000, "calculatedIncomeNonControlling": 43000000, "calculatedEbitda": 3326000000}, {"date": "2010-12-31", "symbol": "TFC", "reportedCurrency": "USD", "cik": "0000092230", "fillingDate": "2011-02-25", "acceptedDate": "2011-02-25 16:11:32", "calendarYear": "2010", "period": "FY", "revenue": 9277000000, "costOfRevenue": -116000000, "grossProfit": 9393000000, "grossProfitRatio": 1.0125040423, "researchAndDevelopmentExpenses": 0, "generalAndAdministrativeExpenses": 3007000000, "sellingAndMarketingExpenses": 93000000, "sellingGeneralAndAdministrativeExpenses": 3007000000, "otherExpenses": -9414000000, "operatingExpenses": -6407000000, "costAndExpenses": -116000000, "interestIncome": 7115000000, "interestExpense": 1795000000, "depreciationAndAmortization": 122000000, "ebitda": 3108000000, "ebitdaratio": 0.3350220977, "operatingIncome": 2986000000, "operatingIncomeRatio": 0.3218712946, "totalOtherIncomeExpensesNet": -2017000000, "incomeBeforeTax": 969000000, "incomeBeforeTaxRatio": 0.1044518702, "incomeTaxExpense": 115000000, "netIncome": 816000000, "netIncomeRatio": 0.0879594697, "eps": 1.18, "epsdiluted": 1.16, "weightedAverageShsOut": 692489000, "weightedAverageShsOutDil": 701039000, "link": "https://www.sec.gov/Archives/edgar/data/92230/000119312511047405/0001193125-11-047405-index.htm", "finalLink": "https://www.sec.gov/Archives/edgar/data/92230/000119312511047405/d10k.htm", "calculatedOtherExpenses": 3400000000, "calculatedOperatingExpenses": 6407000000, "calculatedNetInterest": 5320000000, "calculatedOtherIncome": -7337000000, "calculatedIncomeNonControlling": 38000000, "calculatedEbitda": 3108000000}, {"date": "2009-12-31", "symbol": "TFC", "reportedCurrency": "USD", "cik": "0000092230", "fillingDate": "2010-02-26", "acceptedDate": "2010-02-26 16:28:00", "calendarYear": "2009", "period": "FY", "revenue": 8751000000, "costOfRevenue": 0, "grossProfit": 8751000000, "grossProfitRatio": 1, "researchAndDevelopmentExpenses": 0, "generalAndAdministrativeExpenses": 2517000000, "sellingAndMarketingExpenses": 0, "sellingGeneralAndAdministrativeExpenses": 2517000000, "otherExpenses": -7991000000, "operatingExpenses": -5474000000, "costAndExpenses": -5474000000, "interestIncome": 6884000000, "interestExpense": 2040000000, "depreciationAndAmortization": 114000000, "ebitda": 3391000000, "ebitdaratio": 0.3874985716, "operatingIncome": 3277000000, "operatingIncomeRatio": 0.374471489, "totalOtherIncomeExpensesNet": -2241000000, "incomeBeforeTax": 1036000000, "incomeBeforeTaxRatio": 0.1183864701, "incomeTaxExpense": 159000000, "netIncome": 853000000, "netIncomeRatio": 0.0974745743, "eps": 1.16, "epsdiluted": 1.15, "weightedAverageShsOut": 629583000, "weightedAverageShsOutDil": 635619000, "link": "https://www.sec.gov/Archives/edgar/data/92230/000119312510042975/0001193125-10-042975-index.htm", "finalLink": "https://www.sec.gov/Archives/edgar/data/92230/000119312510042975/d10k.htm", "calculatedOtherExpenses": 2957000000, "calculatedOperatingExpenses": 5474000000, "calculatedNetInterest": 4844000000, "calculatedOtherIncome": -7085000000, "calculatedIncomeNonControlling": 24000000, "calculatedEbitda": 3391000000}, {"date": "2008-12-31", "symbol": "TFC", "reportedCurrency": "USD", "cik": "0000092230", "fillingDate": "2009-02-27", "acceptedDate": "2009-02-27 17:21:11", "calendarYear": "2008", "period": "FY", "revenue": 7355000000, "costOfRevenue": 0, "grossProfit": 7355000000, "grossProfitRatio": 1, "researchAndDevelopmentExpenses": 0, "generalAndAdministrativeExpenses": 2201000000, "sellingAndMarketingExpenses": 0, "sellingGeneralAndAdministrativeExpenses": 2201000000, "otherExpenses": -4518000000, "operatingExpenses": -2317000000, "costAndExpenses": -2317000000, "interestIncome": 7170000000, "interestExpense": 2969000000, "depreciationAndAmortization": 298000000, "ebitda": 5336000000, "ebitdaratio": 0.725492862, "operatingIncome": 5038000000, "operatingIncomeRatio": 0.6849762067, "totalOtherIncomeExpensesNet": -2969000000, "incomeBeforeTax": 2069000000, "incomeBeforeTaxRatio": 0.2813052345, "incomeTaxExpense": 550000000, "netIncome": 1519000000, "netIncomeRatio": 0.2065261727, "eps": 2.73, "epsdiluted": 2.71, "weightedAverageShsOut": 548847000, "weightedAverageShsOutDil": 552498000, "link": "https://www.sec.gov/Archives/edgar/data/92230/000119312509041217/0001193125-09-041217-index.htm", "finalLink": "https://www.sec.gov/Archives/edgar/data/92230/000119312509041217/d10k.htm", "calculatedOtherExpenses": 116000000, "calculatedOperatingExpenses": 2317000000, "calculatedNetInterest": 4201000000, "calculatedOtherIncome": -7170000000, "calculatedIncomeNonControlling": 0, "calculatedEbitda": 5336000000}, {"date": "2007-12-31", "symbol": "TFC", "reportedCurrency": "USD", "cik": "0000092230", "fillingDate": "2008-02-28", "acceptedDate": "2008-02-28 16:48:33", "calendarYear": "2007", "period": "FY", "revenue": 6633000000, "costOfRevenue": 0, "grossProfit": 6633000000, "grossProfitRatio": 1, "researchAndDevelopmentExpenses": 0, "generalAndAdministrativeExpenses": 2094000000, "sellingAndMarketingExpenses": 0, "sellingGeneralAndAdministrativeExpenses": 2094000000, "otherExpenses": -2143000000, "operatingExpenses": -49000000, "costAndExpenses": -49000000, "interestIncome": 7824000000, "interestExpense": 4014000000, "depreciationAndAmortization": 283000000, "ebitda": 6867000000, "ebitdaratio": 1.0352781547, "operatingIncome": 6584000000, "operatingIncomeRatio": 0.9926126941, "totalOtherIncomeExpensesNet": -4014000000, "incomeBeforeTax": 2570000000, "incomeBeforeTaxRatio": 0.3874566561, "incomeTaxExpense": 836000000, "netIncome": 1734000000, "netIncomeRatio": 0.2614201719, "eps": 3.17, "epsdiluted": 3.14, "weightedAverageShsOut": 547184000, "weightedAverageShsOutDil": 551755000, "link": "https://www.sec.gov/Archives/edgar/data/92230/000119312508041900/0001193125-08-041900-index.htm", "finalLink": "https://www.sec.gov/Archives/edgar/data/92230/000119312508041900/d10k.htm", "calculatedOtherExpenses": -2045000000, "calculatedOperatingExpenses": 49000000, "calculatedNetInterest": 3810000000, "calculatedOtherIncome": -7824000000, "calculatedIncomeNonControlling": 0, "calculatedEbitda": 6867000000}, {"date": "2006-12-31", "symbol": "TFC", "reportedCurrency": "USD", "cik": "0000092230", "fillingDate": "2007-02-27", "acceptedDate": "2007-02-27 17:05:48", "calendarYear": "2006", "period": "FY", "revenue": 6198000000, "costOfRevenue": 0, "grossProfit": 6198000000, "grossProfitRatio": 1, "researchAndDevelopmentExpenses": 0, "generalAndAdministrativeExpenses": 2077000000, "sellingAndMarketingExpenses": 0, "sellingGeneralAndAdministrativeExpenses": 2077000000, "otherExpenses": -2617000000, "operatingExpenses": -540000000, "costAndExpenses": -540000000, "interestIncome": 6845000000, "interestExpense": 3185000000, "depreciationAndAmortization": 292000000, "ebitda": 5950000000, "ebitdaratio": 0.9599870926, "operatingIncome": 5658000000, "operatingIncomeRatio": 0.912875121, "totalOtherIncomeExpensesNet": -3185000000, "incomeBeforeTax": 2473000000, "incomeBeforeTaxRatio": 0.3989996773, "incomeTaxExpense": 945000000, "netIncome": 1528000000, "netIncomeRatio": 0.2465311391, "eps": 2.84, "epsdiluted": 2.81, "weightedAverageShsOut": 539140000, "weightedAverageShsOutDil": 543891000, "link": "https://www.sec.gov/Archives/edgar/data/92230/000119312507041147/0001193125-07-041147-index.htm", "finalLink": "https://www.sec.gov/Archives/edgar/data/92230/000119312507041147/d10k.htm", "calculatedOtherExpenses": -1537000000, "calculatedOperatingExpenses": 540000000, "calculatedNetInterest": 3660000000, "calculatedOtherIncome": -6845000000, "calculatedIncomeNonControlling": 0, "calculatedEbitda": 5950000000}, {"date": "2005-12-31", "symbol": "TFC", "reportedCurrency": "USD", "cik": "0000092230", "fillingDate": "2006-03-10", "acceptedDate": "2006-03-10 16:24:23", "calendarYear": "2005", "period": "FY", "revenue": 5850495000, "costOfRevenue": 0, "grossProfit": 5850495000, "grossProfitRatio": 1, "researchAndDevelopmentExpenses": 0, "generalAndAdministrativeExpenses": 1785204000, "sellingAndMarketingExpenses": 0, "sellingGeneralAndAdministrativeExpenses": 1785204000, "otherExpenses": -3187999000, "operatingExpenses": -1402795000, "costAndExpenses": -1402795000, "interestIncome": 5505842000, "interestExpense": 1980969000, "depreciationAndAmortization": 332990000, "ebitda": 4780690000, "ebitdaratio": 0.817142823, "operatingIncome": 4447700000, "operatingIncomeRatio": 0.7602262715, "totalOtherIncomeExpensesNet": -1980969000, "incomeBeforeTax": 2466731000, "incomeBeforeTaxRatio": 0.4216277426, "incomeTaxExpense": 812962000, "netIncome": 1653769000, "netIncomeRatio": 0.2826716372, "eps": 3.02, "epsdiluted": 3, "weightedAverageShsOut": 546916000, "weightedAverageShsOutDil": 551380000, "link": "https://www.sec.gov/Archives/edgar/data/92230/000119312506051066/0001193125-06-051066-index.htm", "finalLink": "https://www.sec.gov/Archives/edgar/data/92230/000119312506051066/d10k.htm", "calculatedOtherExpenses": -382409000, "calculatedOperatingExpenses": 1402795000, "calculatedNetInterest": 3524873000, "calculatedOtherIncome": -5505842000, "calculatedIncomeNonControlling": 0, "calculatedEbitda": 4780690000}, {"date": "2004-12-31", "symbol": "TFC", "reportedCurrency": "USD", "cik": "0000092230", "fillingDate": "2005-03-07", "acceptedDate": "2005-03-07 17:13:22", "calendarYear": "2004", "period": "FY", "revenue": 5467494000, "costOfRevenue": 0, "grossProfit": 5467494000, "grossProfitRatio": 1, "researchAndDevelopmentExpenses": 0, "generalAndAdministrativeExpenses": 1631757000, "sellingAndMarketingExpenses": 0, "sellingGeneralAndAdministrativeExpenses": 1631757000, "otherExpenses": -3578417000, "operatingExpenses": -1946660000, "costAndExpenses": -1946660000, "interestIncome": 4546695000, "interestExpense": 1198472000, "depreciationAndAmortization": 401662000, "ebitda": 3922496000, "ebitdaratio": 0.7174211805, "operatingIncome": 3520834000, "operatingIncomeRatio": 0.6439575425, "totalOtherIncomeExpensesNet": -1198472000, "incomeBeforeTax": 2322362000, "incomeBeforeTaxRatio": 0.4247580336, "incomeTaxExpense": 763987000, "netIncome": 1558375000, "netIncomeRatio": 0.2850254614, "eps": 2.82, "epsdiluted": 2.8, "weightedAverageShsOut": 551661326, "weightedAverageShsOutDil": 556041033, "link": "https://www.sec.gov/Archives/edgar/data/92230/000119312505043730/0001193125-05-043730-index.htm", "finalLink": "https://www.sec.gov/Archives/edgar/data/92230/000119312505043730/d10k.htm", "calculatedOtherExpenses": 314903000, "calculatedOperatingExpenses": 1946660000, "calculatedNetInterest": 3348223000, "calculatedOtherIncome": -4546695000, "calculatedIncomeNonControlling": 0, "calculatedEbitda": 3922496000}, {"date": "2003-12-31", "symbol": "TFC", "reportedCurrency": "USD", "cik": "0000092230", "fillingDate": "2004-03-08", "acceptedDate": "2004-03-08 14:10:40", "calendarYear": "2003", "period": "FY", "revenue": 4971140000, "costOfRevenue": 0, "grossProfit": 4971140000, "grossProfitRatio": 1, "researchAndDevelopmentExpenses": 0, "generalAndAdministrativeExpenses": 1507336000, "sellingAndMarketingExpenses": 0, "sellingGeneralAndAdministrativeExpenses": 1507336000, "otherExpenses": -3588659000, "operatingExpenses": -2081323000, "costAndExpenses": -2081323000, "interestIncome": 4354792000, "interestExpense": 1272787000, "depreciationAndAmortization": 207786000, "ebitda": 3097603000, "ebitdaratio": 0.6231172327, "operatingIncome": 2889817000, "operatingIncomeRatio": 0.581318772, "totalOtherIncomeExpensesNet": -1272787000, "incomeBeforeTax": 1617030000, "incomeBeforeTaxRatio": 0.3252835366, "incomeTaxExpense": 552127000, "netIncome": 1064903000, "netIncomeRatio": 0.2142170609, "eps": 2.09, "epsdiluted": 2.07, "weightedAverageShsOut": 509850763, "weightedAverageShsOutDil": 514082392, "link": "https://www.sec.gov/Archives/edgar/data/92230/000119312504036289/0001193125-04-036289-index.htm", "finalLink": "https://www.sec.gov/Archives/edgar/data/92230/000119312504036289/d10k.htm", "calculatedOtherExpenses": 573987000, "calculatedOperatingExpenses": 2081323000, "calculatedNetInterest": 3082005000, "calculatedOtherIncome": -4354792000, "calculatedIncomeNonControlling": 0, "calculatedEbitda": 3097603000}, {"date": "2002-12-31", "symbol": "TFC", "reportedCurrency": "USD", "cik": "0000092230", "fillingDate": "2003-03-07", "acceptedDate": "2003-03-07 10:56:02", "calendarYear": "2002", "period": "FY", "revenue": 4439935000, "costOfRevenue": 0, "grossProfit": 4439935000, "grossProfitRatio": 1, "researchAndDevelopmentExpenses": 0, "generalAndAdministrativeExpenses": 1297847000, "sellingAndMarketingExpenses": 0, "sellingGeneralAndAdministrativeExpenses": 1297847000, "otherExpenses": -2250721000, "operatingExpenses": -952874000, "costAndExpenses": -952874000, "interestIncome": 4434044000, "interestExpense": 1686584000, "depreciationAndAmortization": 158977000, "ebitda": 3646038000, "ebitdaratio": 0.8211917517, "operatingIncome": 3487061000, "operatingIncomeRatio": 0.7853855969, "totalOtherIncomeExpensesNet": -1696364000, "incomeBeforeTax": 1790697000, "incomeBeforeTaxRatio": 0.4033160395, "incomeTaxExpense": 497468000, "netIncome": 1303009000, "netIncomeRatio": 0.2934747919, "eps": 2.75, "epsdiluted": 2.72, "weightedAverageShsOut": 473304000, "weightedAverageShsOutDil": 478793000, "link": "https://www.sec.gov/Archives/edgar/data/92230/000091664103000480/0000916641-03-000480-index.htm", "finalLink": "https://www.sec.gov/Archives/edgar/data/92230/000091664103000480/d10k.htm", "calculatedOtherExpenses": -344973000, "calculatedOperatingExpenses": 952874000, "calculatedNetInterest": 2747460000, "calculatedOtherIncome": -4443824000, "calculatedIncomeNonControlling": -9780000, "calculatedEbitda": 3646038000}, {"date": "2001-12-31", "symbol": "TFC", "reportedCurrency": "USD", "cik": "0000092230", "fillingDate": "2002-03-15", "acceptedDate": "2002-03-15 00:00:00", "calendarYear": "2001", "period": "FY", "revenue": 3813176000, "costOfRevenue": 0, "grossProfit": 3813176000, "grossProfitRatio": 1, "researchAndDevelopmentExpenses": 0, "generalAndAdministrativeExpenses": 1173713000, "sellingAndMarketingExpenses": 35522000, "sellingGeneralAndAdministrativeExpenses": 1209235000, "otherExpenses": -1246930000, "operatingExpenses": -37695000, "costAndExpenses": -37695000, "interestIncome": 4849538000, "interestExpense": 2415053000, "depreciationAndAmortization": 236191000, "ebitda": 4011672000, "ebitdaratio": 1.0520552946, "operatingIncome": 3775481000, "operatingIncomeRatio": 0.9901145397, "totalOtherIncomeExpensesNet": -2415053000, "incomeBeforeTax": 1360428000, "incomeBeforeTaxRatio": 0.3567703143, "incomeTaxExpense": 386790000, "netIncome": 973638000, "netIncomeRatio": 0.2553351852, "eps": 2.15, "epsdiluted": 2.12, "weightedAverageShsOut": 452854884, "weightedAverageShsOutDil": 459263208, "link": "https://www.sec.gov/Archives/edgar/data/92230/000091664102000426/0000916641-02-000426-index.htm", "finalLink": "https://www.sec.gov/Archives/edgar/data/92230/000091664102000426/d10k.htm", "calculatedOtherExpenses": -1171540000, "calculatedOperatingExpenses": 37695000, "calculatedNetInterest": 2434485000, "calculatedOtherIncome": -4849538000, "calculatedIncomeNonControlling": 0, "calculatedEbitda": 4011672000}, {"date": "2000-12-31", "symbol": "TFC", "reportedCurrency": "USD", "cik": "0000092230", "fillingDate": "2001-03-16", "acceptedDate": "2001-03-16 00:00:00", "calendarYear": "2000", "period": "FY", "revenue": 2794650000, "costOfRevenue": 0, "grossProfit": 2794650000, "grossProfitRatio": 1, "researchAndDevelopmentExpenses": 0, "generalAndAdministrativeExpenses": 922889000, "sellingAndMarketingExpenses": 33760000, "sellingGeneralAndAdministrativeExpenses": 956649000, "otherExpenses": -523573000, "operatingExpenses": 433076000, "costAndExpenses": 433076000, "interestIncome": 4339674000, "interestExpense": 2322046000, "depreciationAndAmortization": 186616000, "ebitda": 3414342000, "ebitdaratio": 1.2217422575, "operatingIncome": 3227726000, "operatingIncomeRatio": 1.1549660959, "totalOtherIncomeExpensesNet": -2322046000, "incomeBeforeTax": 905680000, "incomeBeforeTaxRatio": 0.3240763602, "incomeTaxExpense": 279238000, "netIncome": 626442000, "netIncomeRatio": 0.2241575868, "eps": 1.55, "epsdiluted": 1.53, "weightedAverageShsOut": 450637419, "weightedAverageShsOutDil": 456528105, "link": "https://www.sec.gov/Archives/edgar/data/92230/000091664101000337/0000916641-01-000337-index.htm", "finalLink": "https://www.sec.gov/Archives/edgar/data/92230/000091664101000337/0000916641-01-000337-0001.txt", "calculatedOtherExpenses": -1389725000, "calculatedOperatingExpenses": -433076000, "calculatedNetInterest": 2017628000, "calculatedOtherIncome": -4339674000, "calculatedIncomeNonControlling": 0, "calculatedEbitda": 3414342000}, {"date": "1999-12-31", "symbol": "TFC", "reportedCurrency": "USD", "cik": "0000092230", "fillingDate": "2000-03-14", "acceptedDate": "2000-03-14 00:00:00", "calendarYear": "1999", "period": "FY", "revenue": 2343100000, "costOfRevenue": 0, "grossProfit": 2343100000, "grossProfitRatio": 1, "researchAndDevelopmentExpenses": 0, "generalAndAdministrativeExpenses": 684900000, "sellingAndMarketingExpenses": 22600000, "sellingGeneralAndAdministrativeExpenses": 707500000, "otherExpenses": -612500000, "operatingExpenses": 95000000, "costAndExpenses": 95000000, "interestIncome": 3115800000, "interestExpense": 1534100000, "depreciationAndAmortization": 155500000, "ebitda": 2593600000, "ebitdaratio": 1.1069096496, "operatingIncome": 2438100000, "operatingIncomeRatio": 1.0405445777, "totalOtherIncomeExpensesNet": -1534100000, "incomeBeforeTax": 904000000, "incomeBeforeTaxRatio": 0.3858136657, "incomeTaxExpense": 291200000, "netIncome": 612800000, "netIncomeRatio": 0.2615338654, "eps": 1.74, "epsdiluted": 1.71, "weightedAverageShsOut": 447569000, "weightedAverageShsOutDil": 454771000, "link": "https://www.sec.gov/Archives/edgar/data/92230/000093066100000544/0000930661-00-000544-index.htm", "finalLink": "https://www.sec.gov/Archives/edgar/data/92230/000093066100000544/0000930661-00-000544.txt", "calculatedOtherExpenses": -802500000, "calculatedOperatingExpenses": -95000000, "calculatedNetInterest": 1581700000, "calculatedOtherIncome": -3115800000, "calculatedIncomeNonControlling": 0, "calculatedEbitda": 2593600000}, {"date": "1998-12-31", "symbol": "TFC", "reportedCurrency": "USD", "cik": "0000092230", "fillingDate": "1999-03-19", "acceptedDate": "1999-03-19 00:00:00", "calendarYear": "1998", "period": "FY", "revenue": 1775400000, "costOfRevenue": 0, "grossProfit": 1775400000, "grossProfitRatio": 1, "researchAndDevelopmentExpenses": 0, "generalAndAdministrativeExpenses": 485200000, "sellingAndMarketingExpenses": 25800000, "sellingGeneralAndAdministrativeExpenses": 511000000, "otherExpenses": -318900000, "operatingExpenses": 192100000, "costAndExpenses": 192100000, "interestIncome": 2481200000, "interestExpense": 1233800000, "depreciationAndAmortization": 106100000, "ebitda": 2073600000, "ebitdaratio": 1.1679621494, "operatingIncome": 1967500000, "operatingIncomeRatio": 1.1082009688, "totalOtherIncomeExpensesNet": -1233800000, "incomeBeforeTax": 733700000, "incomeBeforeTaxRatio": 0.4132589839, "incomeTaxExpense": 231900000, "netIncome": 501800000, "netIncomeRatio": 0.2826405317, "eps": 1.67, "epsdiluted": 1.63, "weightedAverageShsOut": 285390625, "weightedAverageShsOutDil": 292240000, "link": "https://www.sec.gov/Archives/edgar/data/92230/000095010999000901/0000950109-99-000901-index.htm", "finalLink": "https://www.sec.gov/Archives/edgar/data/92230/0000950109-99-000901.txt", "calculatedOtherExpenses": -703100000, "calculatedOperatingExpenses": -192100000, "calculatedNetInterest": 1247400000, "calculatedOtherIncome": -2481200000, "calculatedIncomeNonControlling": 0, "calculatedEbitda": 2073600000}, {"date": "1997-12-31", "symbol": "TFC", "reportedCurrency": "USD", "cik": "0000092230", "fillingDate": "1998-03-18", "acceptedDate": "1998-03-18 00:00:00", "calendarYear": "1997", "period": "FY", "revenue": 1574400000, "costOfRevenue": 0, "grossProfit": 1574400000, "grossProfitRatio": 1, "researchAndDevelopmentExpenses": 0, "generalAndAdministrativeExpenses": 433800000, "sellingAndMarketingExpenses": 0, "sellingGeneralAndAdministrativeExpenses": 433800000, "otherExpenses": -437400000, "operatingExpenses": -3600000, "costAndExpenses": -3600000, "interestIncome": 2122900000, "interestExpense": 1023400000, "depreciationAndAmortization": 77800000, "ebitda": 1648600000, "ebitdaratio": 1.047129065, "operatingIncome": 1570800000, "operatingIncomeRatio": 0.9977134146, "totalOtherIncomeExpensesNet": -1023400000, "incomeBeforeTax": 547400000, "incomeBeforeTaxRatio": 0.3476880081, "incomeTaxExpense": 187500000, "netIncome": 359900000, "netIncomeRatio": 0.2285950203, "eps": 1.25, "epsdiluted": 1.23, "weightedAverageShsOut": 328960000, "weightedAverageShsOutDil": 334308943, "link": "https://www.sec.gov/Archives/edgar/data/92230/000095013298000220/0000950132-98-000220-index.htm", "finalLink": "https://www.sec.gov/Archives/edgar/data/92230/0000950132-98-000220.txt", "calculatedOtherExpenses": -430200000, "calculatedOperatingExpenses": 3600000, "calculatedNetInterest": 1099500000, "calculatedOtherIncome": -2122900000, "calculatedIncomeNonControlling": 0, "calculatedEbitda": 1648600000}, {"date": "1996-12-31", "symbol": "TFC", "reportedCurrency": "USD", "cik": "0000092230", "fillingDate": "1997-03-17", "acceptedDate": "1997-03-17 00:00:00", "calendarYear": "1996", "period": "FY", "revenue": 1125900000, "costOfRevenue": 0, "grossProfit": 1125900000, "grossProfitRatio": 1, "researchAndDevelopmentExpenses": 0, "generalAndAdministrativeExpenses": 302400000, "sellingAndMarketingExpenses": 0, "sellingGeneralAndAdministrativeExpenses": 302400000, "otherExpenses": -232000000, "operatingExpenses": 70400000, "costAndExpenses": 70400000, "interestIncome": 1606600000, "interestExpense": 778100000, "depreciationAndAmortization": 51100000, "ebitda": 1247400000, "ebitdaratio": 1.1079136691, "operatingIncome": 1196300000, "operatingIncomeRatio": 1.0625277556, "totalOtherIncomeExpensesNet": -778100000, "incomeBeforeTax": 418200000, "incomeBeforeTaxRatio": 0.3714361844, "incomeTaxExpense": 134500000, "netIncome": 283700000, "netIncomeRatio": 0.2519761968, "eps": 1.19, "epsdiluted": 1.17, "weightedAverageShsOut": 236511628, "weightedAverageShsOutDil": 236511628, "link": "https://www.sec.gov/Archives/edgar/data/92230/000092838597000444/0000928385-97-000444-index.htm", "finalLink": "https://www.sec.gov/Archives/edgar/data/92230/0000928385-97-000444.txt", "calculatedOtherExpenses": -372800000, "calculatedOperatingExpenses": -70400000, "calculatedNetInterest": 828500000, "calculatedOtherIncome": -1606600000, "calculatedIncomeNonControlling": 0, "calculatedEbitda": 1247400000}, {"date": "1995-12-31", "symbol": "TFC", "reportedCurrency": "USD", "cik": "0000092230", "fillingDate": "1996-03-18", "acceptedDate": "1996-03-18 00:00:00", "calendarYear": "1995", "period": "FY", "revenue": 967900000, "costOfRevenue": 0, "grossProfit": 967900000, "grossProfitRatio": 1, "researchAndDevelopmentExpenses": 0, "generalAndAdministrativeExpenses": 342200000, "sellingAndMarketingExpenses": 0, "sellingGeneralAndAdministrativeExpenses": 342200000, "otherExpenses": -239200000, "operatingExpenses": 103000000, "costAndExpenses": 103000000, "interestIncome": 1548200000, "interestExpense": 806700000, "depreciationAndAmortization": 43400000, "ebitda": 1114300000, "ebitdaratio": 1.151255295, "operatingIncome": 1070900000, "operatingIncomeRatio": 1.1064159521, "totalOtherIncomeExpensesNet": -806700000, "incomeBeforeTax": 264200000, "incomeBeforeTaxRatio": 0.2729620829, "incomeTaxExpense": 86100000, "netIncome": 178100000, "netIncomeRatio": 0.1840066123, "eps": 0.82, "epsdiluted": 0.8, "weightedAverageShsOut": 208400000, "weightedAverageShsOutDil": 208400000, "link": "https://www.sec.gov/Archives/edgar/data/92230/000092838596000195/0000928385-96-000195-index.htm", "finalLink": "https://www.sec.gov/Archives/edgar/data/92230/0000928385-96-000195.txt", "calculatedOtherExpenses": -445200000, "calculatedOperatingExpenses": -103000000, "calculatedNetInterest": 741500000, "calculatedOtherIncome": -1548200000, "calculatedIncomeNonControlling": 0, "calculatedEbitda": 1114300000}, {"date": "1994-12-31", "symbol": "TFC", "reportedCurrency": "USD", "cik": "0000092230", "fillingDate": "1995-03-30", "acceptedDate": "1995-03-30 00:00:00", "calendarYear": "1994", "period": "FY", "revenue": 405700000, "costOfRevenue": 0, "grossProfit": 405700000, "grossProfitRatio": 1, "researchAndDevelopmentExpenses": 0, "generalAndAdministrativeExpenses": 119000000, "sellingAndMarketingExpenses": 0, "sellingGeneralAndAdministrativeExpenses": 119000000, "otherExpenses": -100500000, "operatingExpenses": 18500000, "costAndExpenses": 18500000, "interestIncome": 578400000, "interestExpense": 255700000, "depreciationAndAmortization": 0, "ebitda": 424200000, "ebitdaratio": 1.0456001972, "operatingIncome": 424200000, "operatingIncomeRatio": 1.0456001972, "totalOtherIncomeExpensesNet": -257000000, "incomeBeforeTax": 167200000, "incomeBeforeTaxRatio": 0.4121271876, "incomeTaxExpense": 57600000, "netIncome": 110900000, "netIncomeRatio": 0.2733546956, "eps": 1.19, "epsdiluted": 1.14, "weightedAverageShsOut": 88823529, "weightedAverageShsOutDil": 93127753, "link": "https://www.sec.gov/Archives/edgar/data/92230/000092838595000070/0000928385-95-000070-index.htm", "finalLink": "https://www.sec.gov/Archives/edgar/data/92230/000092838595000070/", "calculatedOtherExpenses": -137500000, "calculatedOperatingExpenses": -18500000, "calculatedNetInterest": 322700000, "calculatedOtherIncome": -579700000, "calculatedIncomeNonControlling": -1300000, "calculatedEbitda": 424200000}, {"date": "1993-12-31", "symbol": "TFC", "reportedCurrency": "USD", "cik": "0000092230", "fillingDate": "1994-03-31", "acceptedDate": "1994-03-31 00:00:00", "calendarYear": "1993", "period": "FY", "revenue": 291000000, "costOfRevenue": 0, "grossProfit": 291000000, "grossProfitRatio": 1, "researchAndDevelopmentExpenses": 0, "generalAndAdministrativeExpenses": 85300000, "sellingAndMarketingExpenses": 0, "sellingGeneralAndAdministrativeExpenses": 85300000, "otherExpenses": -112200000, "operatingExpenses": -26900000, "costAndExpenses": -26900000, "interestIncome": 371700000, "interestExpense": 147000000, "depreciationAndAmortization": 11900000, "ebitda": 276000000, "ebitdaratio": 0.9484536082, "operatingIncome": 264100000, "operatingIncomeRatio": 0.9075601375, "totalOtherIncomeExpensesNet": -150600000, "incomeBeforeTax": 113500000, "incomeBeforeTaxRatio": 0.3900343643, "incomeTaxExpense": 37900000, "netIncome": 79200000, "netIncomeRatio": 0.2721649485, "eps": 0.47, "epsdiluted": 0.47, "weightedAverageShsOut": 60860215, "weightedAverageShsOutDil": 65813953, "link": "https://www.sec.gov/Archives/edgar/data/92230/000095016894000105/0000950168-94-000105-index.htm", "finalLink": "https://www.sec.gov/Archives/edgar/data/92230/0000950168-94-000105.txt", "calculatedOtherExpenses": -58400000, "calculatedOperatingExpenses": 26900000, "calculatedNetInterest": 224700000, "calculatedOtherIncome": -375300000, "calculatedIncomeNonControlling": -3600000, "calculatedEbitda": 276000000}, {"date": "1992-12-31", "symbol": "TFC", "reportedCurrency": "USD", "cik": "0000092230", "fillingDate": "1992-12-31", "acceptedDate": "1992-12-30 19:00:00", "calendarYear": "1992", "period": "FY", "revenue": 236500000, "costOfRevenue": 0, "grossProfit": 236500000, "grossProfitRatio": 1, "researchAndDevelopmentExpenses": 0, "generalAndAdministrativeExpenses": 74300000, "sellingAndMarketingExpenses": 0, "sellingGeneralAndAdministrativeExpenses": 74300000, "otherExpenses": -89900000, "operatingExpenses": -15600000, "costAndExpenses": -15600000, "interestIncome": 338600000, "interestExpense": 145200000, "depreciationAndAmortization": 10300000, "ebitda": 231200000, "ebitdaratio": 0.977589852, "operatingIncome": 220900000, "operatingIncomeRatio": 0.934038055, "totalOtherIncomeExpensesNet": -145200000, "incomeBeforeTax": 75700000, "incomeBeforeTaxRatio": 0.3200845666, "incomeTaxExpense": 25600000, "netIncome": 50100000, "netIncomeRatio": 0.2118393235, "eps": 0.72, "epsdiluted": 0.69, "weightedAverageShsOut": 63194444, "weightedAverageShsOutDil": 63194444, "link": "", "finalLink": "", "calculatedOtherExpenses": -58700000, "calculatedOperatingExpenses": 15600000, "calculatedNetInterest": 193400000, "calculatedOtherIncome": -338600000, "calculatedIncomeNonControlling": 0, "calculatedEbitda": 231200000}, {"date": "1991-12-31", "symbol": "TFC", "reportedCurrency": "USD", "cik": "0000092230", "fillingDate": "1991-12-31", "acceptedDate": "1991-12-30 19:00:00", "calendarYear": "1991", "period": "FY", "revenue": 190700000, "costOfRevenue": 0, "grossProfit": 190700000, "grossProfitRatio": 1, "researchAndDevelopmentExpenses": 0, "generalAndAdministrativeExpenses": 63400000, "sellingAndMarketingExpenses": 0, "sellingGeneralAndAdministrativeExpenses": 63400000, "otherExpenses": -37200000, "operatingExpenses": 26200000, "costAndExpenses": 26200000, "interestIncome": 323300000, "interestExpense": 171900000, "depreciationAndAmortization": 6200000, "ebitda": 223100000, "ebitdaratio": 1.1699003671, "operatingIncome": 216900000, "operatingIncomeRatio": 1.1373885684, "totalOtherIncomeExpensesNet": -171900000, "incomeBeforeTax": 45000000, "incomeBeforeTaxRatio": 0.235972732, "incomeTaxExpense": 14200000, "netIncome": 30800000, "netIncomeRatio": 0.1615102255, "eps": 0.68, "epsdiluted": 0.68, "weightedAverageShsOut": 45294118, "weightedAverageShsOutDil": 45294118, "link": "", "finalLink": "", "calculatedOtherExpenses": -89600000, "calculatedOperatingExpenses": -26200000, "calculatedNetInterest": 151400000, "calculatedOtherIncome": -323300000, "calculatedIncomeNonControlling": 0, "calculatedEbitda": 223100000}, {"date": "1990-12-31", "symbol": "TFC", "reportedCurrency": "USD", "cik": "0000092230", "fillingDate": "1990-12-31", "acceptedDate": "1990-12-30 19:00:00", "calendarYear": "1990", "period": "FY", "revenue": 166100000, "costOfRevenue": 0, "grossProfit": 166100000, "grossProfitRatio": 1, "researchAndDevelopmentExpenses": 0, "generalAndAdministrativeExpenses": 59500000, "sellingAndMarketingExpenses": 0, "sellingGeneralAndAdministrativeExpenses": 59500000, "otherExpenses": -2300000, "operatingExpenses": 57200000, "costAndExpenses": 57200000, "interestIncome": 323500000, "interestExpense": 191400000, "depreciationAndAmortization": 6300000, "ebitda": 229600000, "ebitdaratio": 1.3822998194, "operatingIncome": 223300000, "operatingIncomeRatio": 1.3443708609, "totalOtherIncomeExpensesNet": -191400000, "incomeBeforeTax": 31900000, "incomeBeforeTaxRatio": 0.1920529801, "incomeTaxExpense": 9000000, "netIncome": 22900000, "netIncomeRatio": 0.1378687538, "eps": 0.51, "epsdiluted": 0.51, "weightedAverageShsOut": 44901961, "weightedAverageShsOutDil": 44901961, "link": "", "finalLink": "", "calculatedOtherExpenses": -116700000, "calculatedOperatingExpenses": -57200000, "calculatedNetInterest": 132100000, "calculatedOtherIncome": -323500000, "calculatedIncomeNonControlling": 0, "calculatedEbitda": 229600000}, {"date": "1989-12-31", "symbol": "TFC", "reportedCurrency": "USD", "cik": "0000092230", "fillingDate": "1989-12-31", "acceptedDate": "1989-12-30 19:00:00", "calendarYear": "1989", "period": "FY", "revenue": 147800000, "costOfRevenue": 0, "grossProfit": 147800000, "grossProfitRatio": 1, "researchAndDevelopmentExpenses": 0, "generalAndAdministrativeExpenses": 55200000, "sellingAndMarketingExpenses": 0, "sellingGeneralAndAdministrativeExpenses": 55200000, "otherExpenses": 17100000, "operatingExpenses": 72300000, "costAndExpenses": 72300000, "interestIncome": 299800000, "interestExpense": 183500000, "depreciationAndAmortization": 6400000, "ebitda": 226500000, "ebitdaratio": 1.5324763194, "operatingIncome": 220100000, "operatingIncomeRatio": 1.4891745602, "totalOtherIncomeExpensesNet": -183500000, "incomeBeforeTax": 36600000, "incomeBeforeTaxRatio": 0.247631935, "incomeTaxExpense": 10900000, "netIncome": 25700000, "netIncomeRatio": 0.1738836265, "eps": 0.57, "epsdiluted": 0.57, "weightedAverageShsOut": 45087719, "weightedAverageShsOutDil": 45087719, "link": "", "finalLink": "", "calculatedOtherExpenses": -127500000, "calculatedOperatingExpenses": -72300000, "calculatedNetInterest": 116300000, "calculatedOtherIncome": -299800000, "calculatedIncomeNonControlling": 0, "calculatedEbitda": 226500000}, {"date": "1988-12-31", "symbol": "TFC", "reportedCurrency": "USD", "cik": "0000092230", "fillingDate": "1988-12-31", "acceptedDate": "1988-12-30 19:00:00", "calendarYear": "1988", "period": "FY", "revenue": 0, "costOfRevenue": 0, "grossProfit": 0, "grossProfitRatio": 0, "researchAndDevelopmentExpenses": 0, "generalAndAdministrativeExpenses": 0, "sellingAndMarketingExpenses": 0, "sellingGeneralAndAdministrativeExpenses": 0, "otherExpenses": 21600000, "operatingExpenses": 21600000, "costAndExpenses": 21600000, "interestIncome": 0, "interestExpense": 0, "depreciationAndAmortization": 0, "ebitda": 21600000, "ebitdaratio": 0, "operatingIncome": 21600000, "operatingIncomeRatio": 0, "totalOtherIncomeExpensesNet": 0, "incomeBeforeTax": 0, "incomeBeforeTaxRatio": 0, "incomeTaxExpense": -21600000, "netIncome": 21600000, "netIncomeRatio": 0, "eps": 0.57, "epsdiluted": 0.57, "weightedAverageShsOut": 37894737, "weightedAverageShsOutDil": 37894737, "link": "", "finalLink": "", "calculatedOtherExpenses": -21600000, "calculatedOperatingExpenses": -21600000, "calculatedNetInterest": 0, "calculatedOtherIncome": -21600000, "calculatedIncomeNonControlling": 0, "calculatedEbitda": 21600000}, {"date": "1987-12-31", "symbol": "TFC", "reportedCurrency": "USD", "cik": "0000092230", "fillingDate": "1987-12-31", "acceptedDate": "1987-12-30 19:00:00", "calendarYear": "1987", "period": "FY", "revenue": 0, "costOfRevenue": 0, "grossProfit": 0, "grossProfitRatio": 0, "researchAndDevelopmentExpenses": 0, "generalAndAdministrativeExpenses": 0, "sellingAndMarketingExpenses": 0, "sellingGeneralAndAdministrativeExpenses": 0, "otherExpenses": 18000000, "operatingExpenses": 18000000, "costAndExpenses": 18000000, "interestIncome": 0, "interestExpense": 0, "depreciationAndAmortization": 0, "ebitda": 18000000, "ebitdaratio": 0, "operatingIncome": 18000000, "operatingIncomeRatio": 0, "totalOtherIncomeExpensesNet": 0, "incomeBeforeTax": 0, "incomeBeforeTaxRatio": 0, "incomeTaxExpense": -18000000, "netIncome": 18000000, "netIncomeRatio": 0, "eps": 0.48, "epsdiluted": 0.48, "weightedAverageShsOut": 37500000, "weightedAverageShsOutDil": 37500000, "link": "", "finalLink": "", "calculatedOtherExpenses": -18000000, "calculatedOperatingExpenses": -18000000, "calculatedNetInterest": 0, "calculatedOtherIncome": -18000000, "calculatedIncomeNonControlling": 0, "calculatedEbitda": 18000000}, {"date": "1986-12-31", "symbol": "TFC", "reportedCurrency": "USD", "cik": "0000092230", "fillingDate": "1986-12-31", "acceptedDate": "1986-12-30 19:00:00", "calendarYear": "1986", "period": "FY", "revenue": 0, "costOfRevenue": 0, "grossProfit": 0, "grossProfitRatio": 0, "researchAndDevelopmentExpenses": 0, "generalAndAdministrativeExpenses": 0, "sellingAndMarketingExpenses": 0, "sellingGeneralAndAdministrativeExpenses": 0, "otherExpenses": 14900000, "operatingExpenses": 14900000, "costAndExpenses": 14900000, "interestIncome": 0, "interestExpense": 0, "depreciationAndAmortization": 0, "ebitda": 14900000, "ebitdaratio": 0, "operatingIncome": 14900000, "operatingIncomeRatio": 0, "totalOtherIncomeExpensesNet": 0, "incomeBeforeTax": 0, "incomeBeforeTaxRatio": 0, "incomeTaxExpense": -14900000, "netIncome": 14900000, "netIncomeRatio": 0, "eps": 0.45, "epsdiluted": 0.45, "weightedAverageShsOut": 33111111, "weightedAverageShsOutDil": 33111111, "link": "", "finalLink": "", "calculatedOtherExpenses": -14900000, "calculatedOperatingExpenses": -14900000, "calculatedNetInterest": 0, "calculatedOtherIncome": -14900000, "calculatedIncomeNonControlling": 0, "calculatedEbitda": 14900000}, {"date": "1985-12-31", "symbol": "TFC", "reportedCurrency": "USD", "cik": "0000092230", "fillingDate": "1985-12-31", "acceptedDate": "1985-12-30 19:00:00", "calendarYear": "1985", "period": "FY", "revenue": 0, "costOfRevenue": 0, "grossProfit": 0, "grossProfitRatio": 0, "researchAndDevelopmentExpenses": 0, "generalAndAdministrativeExpenses": 0, "sellingAndMarketingExpenses": 0, "sellingGeneralAndAdministrativeExpenses": 0, "otherExpenses": 10300000, "operatingExpenses": 10300000, "costAndExpenses": 10300000, "interestIncome": 0, "interestExpense": 0, "depreciationAndAmortization": 0, "ebitda": 10300000, "ebitdaratio": 0, "operatingIncome": 10300000, "operatingIncomeRatio": 0, "totalOtherIncomeExpensesNet": 0, "incomeBeforeTax": 0, "incomeBeforeTaxRatio": 0, "incomeTaxExpense": -10300000, "netIncome": 10300000, "netIncomeRatio": 0, "eps": 0.39, "epsdiluted": 0.39, "weightedAverageShsOut": 26410256, "weightedAverageShsOutDil": 26410256, "link": "", "finalLink": "", "calculatedOtherExpenses": -10300000, "calculatedOperatingExpenses": -10300000, "calculatedNetInterest": 0, "calculatedOtherIncome": -10300000, "calculatedIncomeNonControlling": 0, "calculatedEbitda": 10300000}]}