{"originalCurrency": "USD", "convertedCurrency": "USD", "report": [{"date": "2023-09-30", "symbol": "TFSL", "reportedCurrency": "USD", "cik": "0001381668", "fillingDate": "2023-11-21", "acceptedDate": "2023-11-21 16:48:21", "calendarYear": "2023", "period": "FY", "revenue": 304996000, "costOfRevenue": 0, "grossProfit": 304996000, "grossProfitRatio": 1, "researchAndDevelopmentExpenses": 0, "generalAndAdministrativeExpenses": 126237000, "sellingAndMarketingExpenses": 25288000, "sellingGeneralAndAdministrativeExpenses": 151525000, "otherExpenses": -363154000, "operatingExpenses": -211629000, "costAndExpenses": -211629000, "interestIncome": 611919000, "interestExpense": 328352000, "depreciationAndAmortization": 18115000, "ebitda": 93367000, "ebitdaratio": 0.3061253262, "operatingIncome": 93367000, "operatingIncomeRatio": 0.3061253262, "totalOtherIncomeExpensesNet": 93367000, "incomeBeforeTax": 93367000, "incomeBeforeTaxRatio": 0.3061253262, "incomeTaxExpense": 18117000, "netIncome": 75250000, "netIncomeRatio": 0.2467245472, "eps": 0.27, "epsdiluted": 0.26, "weightedAverageShsOut": 277436382, "weightedAverageShsOutDil": 278583454, "link": "https://www.sec.gov/Archives/edgar/data/1381668/000138166823000092/0001381668-23-000092-index.htm", "finalLink": "https://www.sec.gov/Archives/edgar/data/1381668/000138166823000092/tfsl-20230930.htm", "calculatedOtherExpenses": 60104000, "calculatedOperatingExpenses": 211629000, "calculatedNetInterest": 283567000, "calculatedOtherIncome": -283567000, "calculatedIncomeNonControlling": 0, "calculatedEbitda": 111482000}, {"date": "2022-09-30", "symbol": "TFSL", "reportedCurrency": "USD", "cik": "0001381668", "fillingDate": "2022-11-22", "acceptedDate": "2022-11-22 17:19:56", "calendarYear": "2022", "period": "FY", "revenue": 291200000, "costOfRevenue": 0, "grossProfit": 291200000, "grossProfitRatio": 1, "researchAndDevelopmentExpenses": 0, "generalAndAdministrativeExpenses": 118700000, "sellingAndMarketingExpenses": 21263000, "sellingGeneralAndAdministrativeExpenses": 139963000, "otherExpenses": -197172000, "operatingExpenses": -57209000, "costAndExpenses": -57209000, "interestIncome": 409333000, "interestExpense": 141937000, "depreciationAndAmortization": 27035000, "ebitda": 261026000, "ebitdaratio": 0.8963804945, "operatingIncome": 233991000, "operatingIncomeRatio": 0.803540522, "totalOtherIncomeExpensesNet": -141937000, "incomeBeforeTax": 92054000, "incomeBeforeTaxRatio": 0.3161195055, "incomeTaxExpense": 17489000, "netIncome": 74565000, "netIncomeRatio": 0.2560611264, "eps": 0.26, "epsdiluted": 0.26, "weightedAverageShsOut": 277370762, "weightedAverageShsOutDil": 278686365, "link": "https://www.sec.gov/Archives/edgar/data/1381668/000138166822000128/0001381668-22-000128-index.htm", "finalLink": "https://www.sec.gov/Archives/edgar/data/1381668/000138166822000128/tfsl-20220930.htm", "calculatedOtherExpenses": -82754000, "calculatedOperatingExpenses": 57209000, "calculatedNetInterest": 267396000, "calculatedOtherIncome": -409333000, "calculatedIncomeNonControlling": 0, "calculatedEbitda": 261026000}, {"date": "2021-09-30", "symbol": "TFSL", "reportedCurrency": "USD", "cik": "0001381668", "fillingDate": "2021-11-24", "acceptedDate": "2021-11-24 15:09:02", "calendarYear": "2021", "period": "FY", "revenue": 286929000, "costOfRevenue": 0, "grossProfit": 286929000, "grossProfitRatio": 1, "researchAndDevelopmentExpenses": 0, "generalAndAdministrativeExpenses": 117952000, "sellingAndMarketingExpenses": 19174000, "sellingGeneralAndAdministrativeExpenses": 137126000, "otherExpenses": -323961000, "operatingExpenses": -186835000, "costAndExpenses": -186835000, "interestIncome": 389351000, "interestExpense": 157721000, "depreciationAndAmortization": 32568000, "ebitda": 132662000, "ebitdaratio": 0.4623513134, "operatingIncome": 100094000, "operatingIncomeRatio": 0.3488458817, "totalOtherIncomeExpensesNet": 100094000, "incomeBeforeTax": 100094000, "incomeBeforeTaxRatio": 0.3488458817, "incomeTaxExpense": 19087000, "netIncome": 81007000, "netIncomeRatio": 0.2823241987, "eps": 0.29, "epsdiluted": 0.29, "weightedAverageShsOut": 276694594, "weightedAverageShsOutDil": 278576254, "link": "https://www.sec.gov/Archives/edgar/data/1381668/000138166821000109/0001381668-21-000109-index.htm", "finalLink": "https://www.sec.gov/Archives/edgar/data/1381668/000138166821000109/tfsl-20210930.htm", "calculatedOtherExpenses": 49709000, "calculatedOperatingExpenses": 186835000, "calculatedNetInterest": 231630000, "calculatedOtherIncome": -231630000, "calculatedIncomeNonControlling": 0, "calculatedEbitda": 132662000}, {"date": "2020-09-30", "symbol": "TFSL", "reportedCurrency": "USD", "cik": "0001381668", "fillingDate": "2020-11-24", "acceptedDate": "2020-11-24 16:38:52", "calendarYear": "2020", "period": "FY", "revenue": 295519000, "costOfRevenue": 0, "grossProfit": 295519000, "grossProfitRatio": 1, "researchAndDevelopmentExpenses": 0, "generalAndAdministrativeExpenses": 114633000, "sellingAndMarketingExpenses": 16512000, "sellingGeneralAndAdministrativeExpenses": 131145000, "otherExpenses": -326419000, "operatingExpenses": -195274000, "costAndExpenses": -195274000, "interestIncome": 455298000, "interestExpense": 213030000, "depreciationAndAmortization": 32820000, "ebitda": 133065000, "ebitdaratio": 0.4502756168, "operatingIncome": 100245000, "operatingIncomeRatio": 0.3392167678, "totalOtherIncomeExpensesNet": 100245000, "incomeBeforeTax": 100245000, "incomeBeforeTaxRatio": 0.3392167678, "incomeTaxExpense": 16928000, "netIncome": 83317000, "netIncomeRatio": 0.2819344949, "eps": 0.3, "epsdiluted": 0.29, "weightedAverageShsOut": 275859660, "weightedAverageShsOutDil": 277803058, "link": "https://www.sec.gov/Archives/edgar/data/1381668/000138166820000107/0001381668-20-000107-index.htm", "finalLink": "https://www.sec.gov/Archives/edgar/data/1381668/000138166820000107/tfsl-20200930.htm", "calculatedOtherExpenses": 64129000, "calculatedOperatingExpenses": 195274000, "calculatedNetInterest": 242268000, "calculatedOtherIncome": -242268000, "calculatedIncomeNonControlling": 0, "calculatedEbitda": 133065000}, {"date": "2019-09-30", "symbol": "TFSL", "reportedCurrency": "USD", "cik": "0001381668", "fillingDate": "2019-11-26", "acceptedDate": "2019-11-26 17:19:28", "calendarYear": "2019", "period": "FY", "revenue": 285885000, "costOfRevenue": 0, "grossProfit": 285885000, "grossProfitRatio": 1, "researchAndDevelopmentExpenses": 0, "generalAndAdministrativeExpenses": 114423000, "sellingAndMarketingExpenses": 19364000, "sellingGeneralAndAdministrativeExpenses": 133787000, "otherExpenses": -317460000, "operatingExpenses": -183673000, "costAndExpenses": -183673000, "interestIncome": 482087000, "interestExpense": 216666000, "depreciationAndAmortization": 22950000, "ebitda": 125162000, "ebitdaratio": 0.4378054113, "operatingIncome": 102212000, "operatingIncomeRatio": 0.3575283768, "totalOtherIncomeExpensesNet": 102212000, "incomeBeforeTax": 102212000, "incomeBeforeTaxRatio": 0.3575283768, "incomeTaxExpense": 21975000, "netIncome": 80237000, "netIncomeRatio": 0.2806618046, "eps": 0.29, "epsdiluted": 0.28, "weightedAverageShsOut": 275395529, "weightedAverageShsOutDil": 277374426, "link": "https://www.sec.gov/Archives/edgar/data/1381668/000138166819000087/0001381668-19-000087-index.htm", "finalLink": "https://www.sec.gov/Archives/edgar/data/1381668/000138166819000087/tfslfy19septmaster10k.htm", "calculatedOtherExpenses": 49886000, "calculatedOperatingExpenses": 183673000, "calculatedNetInterest": 265421000, "calculatedOtherIncome": -265421000, "calculatedIncomeNonControlling": 0, "calculatedEbitda": 125162000}, {"date": "2018-09-30", "symbol": "TFSL", "reportedCurrency": "USD", "cik": "0001381668", "fillingDate": "2018-11-27", "acceptedDate": "2018-11-27 15:33:36", "calendarYear": "2018", "period": "FY", "revenue": 302477000, "costOfRevenue": 0, "grossProfit": 302477000, "grossProfitRatio": 1, "researchAndDevelopmentExpenses": 0, "generalAndAdministrativeExpenses": 112505000, "sellingAndMarketingExpenses": 19252000, "sellingGeneralAndAdministrativeExpenses": 131757000, "otherExpenses": -150966000, "operatingExpenses": -19209000, "costAndExpenses": -19209000, "interestIncome": 443045000, "interestExpense": 162104000, "depreciationAndAmortization": 25187000, "ebitda": 308455000, "ebitdaratio": 1.0197634861, "operatingIncome": 283268000, "operatingIncomeRatio": 0.936494345, "totalOtherIncomeExpensesNet": -162104000, "incomeBeforeTax": 121164000, "incomeBeforeTaxRatio": 0.4005726055, "incomeTaxExpense": 35757000, "netIncome": 85407000, "netIncomeRatio": 0.2823586587, "eps": 0.31, "epsdiluted": 0.31, "weightedAverageShsOut": 275590053, "weightedAverageShsOutDil": 277298425, "link": "https://www.sec.gov/Archives/edgar/data/1381668/000138166818000104/0001381668-18-000104-index.htm", "finalLink": "https://www.sec.gov/Archives/edgar/data/1381668/000138166818000104/tfslfy18septmaster10k.htm", "calculatedOtherExpenses": -112548000, "calculatedOperatingExpenses": 19209000, "calculatedNetInterest": 280941000, "calculatedOtherIncome": -443045000, "calculatedIncomeNonControlling": 0, "calculatedEbitda": 308455000}, {"date": "2017-09-30", "symbol": "TFSL", "reportedCurrency": "USD", "cik": "0001381668", "fillingDate": "2017-11-22", "acceptedDate": "2017-11-22 14:42:33", "calendarYear": "2017", "period": "FY", "revenue": 298745000, "costOfRevenue": 0, "grossProfit": 298745000, "grossProfitRatio": 1, "researchAndDevelopmentExpenses": 0, "generalAndAdministrativeExpenses": 105737000, "sellingAndMarketingExpenses": 19713000, "sellingGeneralAndAdministrativeExpenses": 125450000, "otherExpenses": -160755000, "operatingExpenses": -35305000, "costAndExpenses": -35305000, "interestIncome": 408995000, "interestExpense": 130099000, "depreciationAndAmortization": 20885000, "ebitda": 284325000, "ebitdaratio": 0.9517314097, "operatingIncome": 263440000, "operatingIncomeRatio": 0.8818222899, "totalOtherIncomeExpensesNet": -130099000, "incomeBeforeTax": 133341000, "incomeBeforeTaxRatio": 0.4463371772, "incomeTaxExpense": 44464000, "netIncome": 88877000, "netIncomeRatio": 0.2975012134, "eps": 0.32, "epsdiluted": 0.32, "weightedAverageShsOut": 277213258, "weightedAverageShsOutDil": 279268768, "link": "https://www.sec.gov/Archives/edgar/data/1381668/000138166817000077/0001381668-17-000077-index.htm", "finalLink": "https://www.sec.gov/Archives/edgar/data/1381668/000138166817000077/tfslfy17sepmaster10k.htm", "calculatedOtherExpenses": -90145000, "calculatedOperatingExpenses": 35305000, "calculatedNetInterest": 278896000, "calculatedOtherIncome": -408995000, "calculatedIncomeNonControlling": 0, "calculatedEbitda": 284325000}, {"date": "2016-09-30", "symbol": "TFSL", "reportedCurrency": "USD", "cik": "0001381668", "fillingDate": "2016-11-23", "acceptedDate": "2016-11-23 15:39:10", "calendarYear": "2016", "period": "FY", "revenue": 295367000, "costOfRevenue": 0, "grossProfit": 295367000, "grossProfitRatio": 1, "researchAndDevelopmentExpenses": 0, "generalAndAdministrativeExpenses": 106658000, "sellingAndMarketingExpenses": 16956000, "sellingGeneralAndAdministrativeExpenses": 123614000, "otherExpenses": -178592000, "operatingExpenses": -54978000, "costAndExpenses": -54978000, "interestIncome": 388441000, "interestExpense": 118026000, "depreciationAndAmortization": 19369000, "ebitda": 259758000, "ebitdaratio": 0.8794415084, "operatingIncome": 240389000, "operatingIncomeRatio": 0.8138654623, "totalOtherIncomeExpensesNet": -118026000, "incomeBeforeTax": 122363000, "incomeBeforeTaxRatio": 0.414274445, "incomeTaxExpense": 41810000, "netIncome": 80553000, "netIncomeRatio": 0.2727217326, "eps": 0.29, "epsdiluted": 0.28, "weightedAverageShsOut": 281566648, "weightedAverageShsOutDil": 283785713, "link": "https://www.sec.gov/Archives/edgar/data/1381668/000138166816000264/0001381668-16-000264-index.htm", "finalLink": "https://www.sec.gov/Archives/edgar/data/1381668/000138166816000264/tfslfy16sepmaster10k.htm", "calculatedOtherExpenses": -68636000, "calculatedOperatingExpenses": 54978000, "calculatedNetInterest": 270415000, "calculatedOtherIncome": -388441000, "calculatedIncomeNonControlling": 0, "calculatedEbitda": 259758000}, {"date": "2015-09-30", "symbol": "TFSL", "reportedCurrency": "USD", "cik": "0001381668", "fillingDate": "2015-11-25", "acceptedDate": "2015-11-25 15:14:39", "calendarYear": "2015", "period": "FY", "revenue": 294387000, "costOfRevenue": 0, "grossProfit": 294387000, "grossProfitRatio": 1, "researchAndDevelopmentExpenses": 0, "generalAndAdministrativeExpenses": 106773000, "sellingAndMarketingExpenses": 19904000, "sellingGeneralAndAdministrativeExpenses": 126677000, "otherExpenses": -198319000, "operatingExpenses": -71642000, "costAndExpenses": -71642000, "interestIncome": 383477000, "interestExpense": 113350000, "depreciationAndAmortization": 17453000, "ebitda": 240198000, "ebitdaratio": 0.815925975, "operatingIncome": 222745000, "operatingIncomeRatio": 0.756640069, "totalOtherIncomeExpensesNet": -113350000, "incomeBeforeTax": 109395000, "incomeBeforeTaxRatio": 0.3716026863, "incomeTaxExpense": 36804000, "netIncome": 72591000, "netIncomeRatio": 0.2465835788, "eps": 0.25, "epsdiluted": 0.25, "weightedAverageShsOut": 289935861, "weightedAverageShsOutDil": 292210417, "link": "https://www.sec.gov/Archives/edgar/data/1381668/000138166815000102/0001381668-15-000102-index.htm", "finalLink": "https://www.sec.gov/Archives/edgar/data/1381668/000138166815000102/tfslmaster9-30x201510xk.htm", "calculatedOtherExpenses": -55035000, "calculatedOperatingExpenses": 71642000, "calculatedNetInterest": 270127000, "calculatedOtherIncome": -383477000, "calculatedIncomeNonControlling": 0, "calculatedEbitda": 240198000}, {"date": "2014-09-30", "symbol": "TFSL", "reportedCurrency": "USD", "cik": "0001381668", "fillingDate": "2014-11-26", "acceptedDate": "2014-11-26 16:14:58", "calendarYear": "2014", "period": "FY", "revenue": 293333000, "costOfRevenue": 0, "grossProfit": 293333000, "grossProfitRatio": 1, "researchAndDevelopmentExpenses": 0, "generalAndAdministrativeExpenses": 100244000, "sellingAndMarketingExpenses": 14256000, "sellingGeneralAndAdministrativeExpenses": 114500000, "otherExpenses": -205725000, "operatingExpenses": -91225000, "costAndExpenses": -91225000, "interestIncome": 374684000, "interestExpense": 103251000, "depreciationAndAmortization": 13285000, "ebitda": 215393000, "ebitdaratio": 0.7342951526, "operatingIncome": 202108000, "operatingIncomeRatio": 0.6890053284, "totalOtherIncomeExpensesNet": -103251000, "incomeBeforeTax": 98857000, "incomeBeforeTaxRatio": 0.337012883, "incomeTaxExpense": 32966000, "netIncome": 65891000, "netIncomeRatio": 0.2246286644, "eps": 0.22, "epsdiluted": 0.22, "weightedAverageShsOut": 298974062, "weightedAverageShsOutDil": 300556767, "link": "https://www.sec.gov/Archives/edgar/data/1381668/000138166814000082/0001381668-14-000082-index.htm", "finalLink": "https://www.sec.gov/Archives/edgar/data/1381668/000138166814000082/tfslmaster9-30x201410xk.htm", "calculatedOtherExpenses": -23275000, "calculatedOperatingExpenses": 91225000, "calculatedNetInterest": 271433000, "calculatedOtherIncome": -374684000, "calculatedIncomeNonControlling": 0, "calculatedEbitda": 215393000}, {"date": "2013-09-30", "symbol": "TFSL", "reportedCurrency": "USD", "cik": "0001381668", "fillingDate": "2013-11-27", "acceptedDate": "2013-11-27 16:46:04", "calendarYear": "2013", "period": "FY", "revenue": 297021000, "costOfRevenue": 0, "grossProfit": 297021000, "grossProfitRatio": 1, "researchAndDevelopmentExpenses": 0, "generalAndAdministrativeExpenses": 99490000, "sellingAndMarketingExpenses": 12983000, "sellingGeneralAndAdministrativeExpenses": 112473000, "otherExpenses": -211714000, "operatingExpenses": -99241000, "costAndExpenses": -99241000, "interestIncome": 383972000, "interestExpense": 115419000, "depreciationAndAmortization": 21315000, "ebitda": 219095000, "ebitdaratio": 0.7376414462, "operatingIncome": 197780000, "operatingIncomeRatio": 0.6658788436, "totalOtherIncomeExpensesNet": -115419000, "incomeBeforeTax": 82361000, "incomeBeforeTaxRatio": 0.2772901579, "incomeTaxExpense": 26402000, "netIncome": 55959000, "netIncomeRatio": 0.1884008201, "eps": 0.19, "epsdiluted": 0.18, "weightedAverageShsOut": 301832758, "weightedAverageShsOutDil": 302746766, "link": "https://www.sec.gov/Archives/edgar/data/1381668/000138166813000088/0001381668-13-000088-index.htm", "finalLink": "https://www.sec.gov/Archives/edgar/data/1381668/000138166813000088/tfsl09302013master10-k.htm", "calculatedOtherExpenses": -13232000, "calculatedOperatingExpenses": 99241000, "calculatedNetInterest": 268553000, "calculatedOtherIncome": -383972000, "calculatedIncomeNonControlling": 0, "calculatedEbitda": 219095000}, {"date": "2012-09-30", "symbol": "TFSL", "reportedCurrency": "USD", "cik": "0001381668", "fillingDate": "2012-11-29", "acceptedDate": "2012-11-29 17:25:29", "calendarYear": "2012", "period": "FY", "revenue": 286614000, "costOfRevenue": 0, "grossProfit": 286614000, "grossProfitRatio": 1, "researchAndDevelopmentExpenses": 0, "generalAndAdministrativeExpenses": 94407000, "sellingAndMarketingExpenses": 9799000, "sellingGeneralAndAdministrativeExpenses": 104206000, "otherExpenses": -221562000, "operatingExpenses": -117356000, "costAndExpenses": -117356000, "interestIncome": 417853000, "interestExpense": 155646000, "depreciationAndAmortization": 22767000, "ebitda": 192025000, "ebitdaratio": 0.6699777401, "operatingIncome": 169258000, "operatingIncomeRatio": 0.5905433789, "totalOtherIncomeExpensesNet": -155646000, "incomeBeforeTax": 13612000, "incomeBeforeTaxRatio": 0.0474924463, "incomeTaxExpense": 2133000, "netIncome": 11479000, "netIncomeRatio": 0.0400503813, "eps": 0.0381, "epsdiluted": 0.038, "weightedAverageShsOut": 301226639, "weightedAverageShsOutDil": 301770338, "link": "https://www.sec.gov/Archives/edgar/data/1381668/000138166812000023/0001381668-12-000023-index.htm", "finalLink": "https://www.sec.gov/Archives/edgar/data/1381668/000138166812000023/tfsl09302012master10-k.htm", "calculatedOtherExpenses": 13150000, "calculatedOperatingExpenses": 117356000, "calculatedNetInterest": 262207000, "calculatedOtherIncome": -417853000, "calculatedIncomeNonControlling": 0, "calculatedEbitda": 192025000}, {"date": "2011-09-30", "symbol": "TFSL", "reportedCurrency": "USD", "cik": "0001381668", "fillingDate": "2011-11-29", "acceptedDate": "2011-11-29 16:32:21", "calendarYear": "2011", "period": "FY", "revenue": 277563000, "costOfRevenue": 0, "grossProfit": 277563000, "grossProfitRatio": 1, "researchAndDevelopmentExpenses": 0, "generalAndAdministrativeExpenses": 95530000, "sellingAndMarketingExpenses": 7745000, "sellingGeneralAndAdministrativeExpenses": 103275000, "otherExpenses": -188918000, "operatingExpenses": -85643000, "costAndExpenses": -85643000, "interestIncome": 427493000, "interestExpense": 179845000, "depreciationAndAmortization": 19404000, "ebitda": 211324000, "ebitdaratio": 0.7613550797, "operatingIncome": 191920000, "operatingIncomeRatio": 0.6914466265, "totalOtherIncomeExpensesNet": -179845000, "incomeBeforeTax": 12075000, "incomeBeforeTaxRatio": 0.043503637, "incomeTaxExpense": 2735000, "netIncome": 9340000, "netIncomeRatio": 0.0336500182, "eps": 0.0311, "epsdiluted": 0.031, "weightedAverageShsOut": 300358096, "weightedAverageShsOutDil": 300969843, "link": "https://www.sec.gov/Archives/edgar/data/1381668/000119312511324574/0001193125-11-324574-index.htm", "finalLink": "https://www.sec.gov/Archives/edgar/data/1381668/000119312511324574/d225982d10k.htm", "calculatedOtherExpenses": -17632000, "calculatedOperatingExpenses": 85643000, "calculatedNetInterest": 247648000, "calculatedOtherIncome": -427493000, "calculatedIncomeNonControlling": 0, "calculatedEbitda": 211324000}, {"date": "2010-09-30", "symbol": "TFSL", "reportedCurrency": "USD", "cik": "0001381668", "fillingDate": "2010-11-24", "acceptedDate": "2010-11-24 16:12:48", "calendarYear": "2010", "period": "FY", "revenue": 285475000, "costOfRevenue": 0, "grossProfit": 285475000, "grossProfitRatio": 1, "researchAndDevelopmentExpenses": 0, "generalAndAdministrativeExpenses": 102813000, "sellingAndMarketingExpenses": 6043000, "sellingGeneralAndAdministrativeExpenses": 108856000, "otherExpenses": -165735000, "operatingExpenses": -56879000, "costAndExpenses": -56879000, "interestIncome": 435072000, "interestExpense": 210385000, "depreciationAndAmortization": 18465000, "ebitda": 247061000, "ebitdaratio": 0.8654383046, "operatingIncome": 228596000, "operatingIncomeRatio": 0.8007566337, "totalOtherIncomeExpensesNet": -210385000, "incomeBeforeTax": 18211000, "incomeBeforeTaxRatio": 0.0637919257, "incomeTaxExpense": 6873000, "netIncome": 11338000, "netIncomeRatio": 0.0397162624, "eps": 0.0378, "epsdiluted": 0.0378, "weightedAverageShsOut": 299795588, "weightedAverageShsOutDil": 300252913, "link": "https://www.sec.gov/Archives/edgar/data/1381668/000119312510268786/0001193125-10-268786-index.htm", "finalLink": "https://www.sec.gov/Archives/edgar/data/1381668/000119312510268786/d10k.htm", "calculatedOtherExpenses": -51977000, "calculatedOperatingExpenses": 56879000, "calculatedNetInterest": 224687000, "calculatedOtherIncome": -435072000, "calculatedIncomeNonControlling": 0, "calculatedEbitda": 247061000}, {"date": "2009-09-30", "symbol": "TFSL", "reportedCurrency": "USD", "cik": "0001381668", "fillingDate": "2009-11-27", "acceptedDate": "2009-11-25 18:26:11", "calendarYear": "2009", "period": "FY", "revenue": 298280000, "costOfRevenue": 0, "grossProfit": 298280000, "grossProfitRatio": 1, "researchAndDevelopmentExpenses": 0, "generalAndAdministrativeExpenses": 96968000, "sellingAndMarketingExpenses": 7116000, "sellingGeneralAndAdministrativeExpenses": 104084000, "otherExpenses": -125146000, "operatingExpenses": -21062000, "costAndExpenses": -21062000, "interestIncome": 485325000, "interestExpense": 257147000, "depreciationAndAmortization": 18504000, "ebitda": 295722000, "ebitdaratio": 0.9914241652, "operatingIncome": 277218000, "operatingIncomeRatio": 0.929388494, "totalOtherIncomeExpensesNet": -257147000, "incomeBeforeTax": 20071000, "incomeBeforeTaxRatio": 0.0672891243, "incomeTaxExpense": 5676000, "netIncome": 14395000, "netIncomeRatio": 0.0482600241, "eps": 0.0478, "epsdiluted": 0.0477, "weightedAverageShsOut": 301227599, "weightedAverageShsOutDil": 301588632, "link": "https://www.sec.gov/Archives/edgar/data/1381668/000119312509242690/0001193125-09-242690-index.htm", "finalLink": "https://www.sec.gov/Archives/edgar/data/1381668/000119312509242690/d10k.htm", "calculatedOtherExpenses": -83022000, "calculatedOperatingExpenses": 21062000, "calculatedNetInterest": 228178000, "calculatedOtherIncome": -485325000, "calculatedIncomeNonControlling": 0, "calculatedEbitda": 295722000}, {"date": "2008-09-30", "symbol": "TFSL", "reportedCurrency": "USD", "cik": "0001381668", "fillingDate": "2008-11-26", "acceptedDate": "2008-11-26 14:46:00", "calendarYear": "2008", "period": "FY", "revenue": 267642000, "costOfRevenue": 0, "grossProfit": 267642000, "grossProfitRatio": 1, "researchAndDevelopmentExpenses": 0, "generalAndAdministrativeExpenses": 75919000, "sellingAndMarketingExpenses": 14147000, "sellingGeneralAndAdministrativeExpenses": 90066000, "otherExpenses": 54308000, "operatingExpenses": 144374000, "costAndExpenses": 144374000, "interestIncome": 550183000, "interestExpense": 330321000, "depreciationAndAmortization": 8846000, "ebitda": 420862000, "ebitdaratio": 1.5724811502, "operatingIncome": 412016000, "operatingIncomeRatio": 1.5394295365, "totalOtherIncomeExpensesNet": -330321000, "incomeBeforeTax": 81695000, "incomeBeforeTaxRatio": 0.3052398353, "incomeTaxExpense": 27205000, "netIncome": 54490000, "netIncomeRatio": 0.2035928591, "eps": 0.17, "epsdiluted": 0.17, "weightedAverageShsOut": 319386915, "weightedAverageShsOutDil": 319502094, "link": "https://www.sec.gov/Archives/edgar/data/1381668/000119312508244439/0001193125-08-244439-index.htm", "finalLink": "https://www.sec.gov/Archives/edgar/data/1381668/000119312508244439/d10k.htm", "calculatedOtherExpenses": -234440000, "calculatedOperatingExpenses": -144374000, "calculatedNetInterest": 219862000, "calculatedOtherIncome": -550183000, "calculatedIncomeNonControlling": 0, "calculatedEbitda": 420862000}, {"date": "2007-09-30", "symbol": "TFSL", "reportedCurrency": "USD", "cik": "0001381668", "fillingDate": "2007-12-21", "acceptedDate": "2007-12-21 14:33:51", "calendarYear": "2007", "period": "FY", "revenue": 244591000, "costOfRevenue": 0, "grossProfit": 244591000, "grossProfitRatio": 1, "researchAndDevelopmentExpenses": 0, "generalAndAdministrativeExpenses": 72996000, "sellingAndMarketingExpenses": 13528000, "sellingGeneralAndAdministrativeExpenses": 86524000, "otherExpenses": 57290000, "operatingExpenses": 143814000, "costAndExpenses": 143814000, "interestIncome": 537725000, "interestExpense": 344523000, "depreciationAndAmortization": 6878000, "ebitda": 395283000, "ebitdaratio": 1.616097894, "operatingIncome": 388405000, "operatingIncomeRatio": 1.5879774808, "totalOtherIncomeExpensesNet": -344523000, "incomeBeforeTax": 43882000, "incomeBeforeTaxRatio": 0.1794097085, "incomeTaxExpense": 18271000, "netIncome": 25611000, "netIncomeRatio": 0.1047094946, "eps": 0.095, "epsdiluted": 0.095, "weightedAverageShsOut": 269513427, "weightedAverageShsOutDil": 269513427, "link": "https://www.sec.gov/Archives/edgar/data/1381668/000119312507270220/0001193125-07-270220-index.htm", "finalLink": "https://www.sec.gov/Archives/edgar/data/1381668/000119312507270220/d10k.htm", "calculatedOtherExpenses": -230338000, "calculatedOperatingExpenses": -143814000, "calculatedNetInterest": 193202000, "calculatedOtherIncome": -537725000, "calculatedIncomeNonControlling": 0, "calculatedEbitda": 395283000}, {"date": "2006-09-30", "symbol": "TFSL", "reportedCurrency": "USD", "cik": "0001381668", "fillingDate": "2006-09-30", "acceptedDate": "2006-09-29 20:00:00", "calendarYear": "2006", "period": "FY", "revenue": 190274000, "costOfRevenue": 0, "grossProfit": 190274000, "grossProfitRatio": 1, "researchAndDevelopmentExpenses": 0, "generalAndAdministrativeExpenses": 68372000, "sellingAndMarketingExpenses": 10942000, "sellingGeneralAndAdministrativeExpenses": 79314000, "otherExpenses": 81258000, "operatingExpenses": 160572000, "costAndExpenses": 160572000, "interestIncome": 485804000, "interestExpense": 289137000, "depreciationAndAmortization": 11587000, "ebitda": 362433000, "ebitdaratio": 1.9047951901, "operatingIncome": 350846000, "operatingIncomeRatio": 1.8438987986, "totalOtherIncomeExpensesNet": -289137000, "incomeBeforeTax": 61709000, "incomeBeforeTaxRatio": 0.324316512, "incomeTaxExpense": 18170000, "netIncome": 43539000, "netIncomeRatio": 0.2288226452, "eps": 0.19, "epsdiluted": 0.19, "weightedAverageShsOut": 227119132, "weightedAverageShsOutDil": 227119132, "link": "", "finalLink": "", "calculatedOtherExpenses": -239886000, "calculatedOperatingExpenses": -160572000, "calculatedNetInterest": 196667000, "calculatedOtherIncome": -485804000, "calculatedIncomeNonControlling": 0, "calculatedEbitda": 362433000}, {"date": "2005-09-30", "symbol": "TFSL", "reportedCurrency": "USD", "cik": "0001381668", "fillingDate": "2005-09-30", "acceptedDate": "2005-09-29 20:00:00", "calendarYear": "2005", "period": "FY", "revenue": 226218000, "costOfRevenue": 0, "grossProfit": 226218000, "grossProfitRatio": 1, "researchAndDevelopmentExpenses": 0, "generalAndAdministrativeExpenses": 71146000, "sellingAndMarketingExpenses": 6558000, "sellingGeneralAndAdministrativeExpenses": 77704000, "otherExpenses": 20708000, "operatingExpenses": 98412000, "costAndExpenses": 98412000, "interestIncome": 418757000, "interestExpense": 227620000, "depreciationAndAmortization": 19420000, "ebitda": 344050000, "ebitdaratio": 1.520878091, "operatingIncome": 324630000, "operatingIncomeRatio": 1.4350316951, "totalOtherIncomeExpensesNet": -227620000, "incomeBeforeTax": 97010000, "incomeBeforeTaxRatio": 0.4288341334, "incomeTaxExpense": 32502000, "netIncome": 64508000, "netIncomeRatio": 0.2851585639, "eps": 0.22, "epsdiluted": 0.22, "weightedAverageShsOut": 293218182, "weightedAverageShsOutDil": 293218182, "link": "", "finalLink": "", "calculatedOtherExpenses": -176116000, "calculatedOperatingExpenses": -98412000, "calculatedNetInterest": 191137000, "calculatedOtherIncome": -418757000, "calculatedIncomeNonControlling": 0, "calculatedEbitda": 344050000}, {"date": "2004-09-30", "symbol": "TFSL", "reportedCurrency": "USD", "cik": "0001381668", "fillingDate": "2004-09-30", "acceptedDate": "2004-09-29 20:00:00", "calendarYear": "2004", "period": "FY", "revenue": 0, "costOfRevenue": 0, "grossProfit": 0, "grossProfitRatio": 0, "researchAndDevelopmentExpenses": 0, "generalAndAdministrativeExpenses": 0, "sellingAndMarketingExpenses": 0, "sellingGeneralAndAdministrativeExpenses": 0, "otherExpenses": 55467000, "operatingExpenses": 55467000, "costAndExpenses": 55467000, "interestIncome": 0, "interestExpense": 0, "depreciationAndAmortization": 0, "ebitda": 55467000, "ebitdaratio": 0, "operatingIncome": 55467000, "operatingIncomeRatio": 0, "totalOtherIncomeExpensesNet": 0, "incomeBeforeTax": 0, "incomeBeforeTaxRatio": 0, "incomeTaxExpense": -55467000, "netIncome": 55467000, "netIncomeRatio": 0, "eps": 0.19, "epsdiluted": 0.19, "weightedAverageShsOut": 289625000, "weightedAverageShsOutDil": 289625000, "link": "", "finalLink": "", "calculatedOtherExpenses": -55467000, "calculatedOperatingExpenses": -55467000, "calculatedNetInterest": 0, "calculatedOtherIncome": -55467000, "calculatedIncomeNonControlling": 0, "calculatedEbitda": 55467000}, {"date": "2003-09-30", "symbol": "TFSL", "reportedCurrency": "USD", "cik": "0001381668", "fillingDate": "2003-09-30", "acceptedDate": "2003-09-29 20:00:00", "calendarYear": "2003", "period": "FY", "revenue": 81468000, "costOfRevenue": 0, "grossProfit": 81468000, "grossProfitRatio": 1, "researchAndDevelopmentExpenses": 0, "generalAndAdministrativeExpenses": 0, "sellingAndMarketingExpenses": 0, "sellingGeneralAndAdministrativeExpenses": 0, "otherExpenses": 247092000, "operatingExpenses": 247092000, "costAndExpenses": 247092000, "interestIncome": 414106000, "interestExpense": 253196000, "depreciationAndAmortization": 0, "ebitda": 328560000, "ebitdaratio": 4.03299455, "operatingIncome": 328560000, "operatingIncomeRatio": 4.03299455, "totalOtherIncomeExpensesNet": -253196000, "incomeBeforeTax": 75364000, "incomeBeforeTaxRatio": 0.925074876, "incomeTaxExpense": 23378000, "netIncome": 51986000, "netIncomeRatio": 0.6381155791, "eps": 0.23, "epsdiluted": 0.23, "weightedAverageShsOut": 226026087, "weightedAverageShsOutDil": 226026087, "link": "", "finalLink": "", "calculatedOtherExpenses": -247092000, "calculatedOperatingExpenses": -247092000, "calculatedNetInterest": 160910000, "calculatedOtherIncome": -414106000, "calculatedIncomeNonControlling": 0, "calculatedEbitda": 328560000}, {"date": "2002-09-30", "symbol": "TFSL", "reportedCurrency": "USD", "cik": "0001381668", "fillingDate": "2002-09-30", "acceptedDate": "2002-09-29 20:00:00", "calendarYear": "2002", "period": "FY", "revenue": 44736000, "costOfRevenue": 0, "grossProfit": 44736000, "grossProfitRatio": 1, "researchAndDevelopmentExpenses": 0, "generalAndAdministrativeExpenses": 0, "sellingAndMarketingExpenses": 0, "sellingGeneralAndAdministrativeExpenses": 0, "otherExpenses": 292000000, "operatingExpenses": 292000000, "costAndExpenses": 292000000, "interestIncome": 445613000, "interestExpense": 306846000, "depreciationAndAmortization": 0, "ebitda": 336736000, "ebitdaratio": 7.5271816881, "operatingIncome": 336736000, "operatingIncomeRatio": 7.5271816881, "totalOtherIncomeExpensesNet": -306846000, "incomeBeforeTax": 29890000, "incomeBeforeTaxRatio": 0.6681419886, "incomeTaxExpense": 8053000, "netIncome": 21837000, "netIncomeRatio": 0.4881303648, "eps": 0.0745, "epsdiluted": 0.0745, "weightedAverageShsOut": 293166667, "weightedAverageShsOutDil": 293166667, "link": "", "finalLink": "", "calculatedOtherExpenses": -292000000, "calculatedOperatingExpenses": -292000000, "calculatedNetInterest": 138767000, "calculatedOtherIncome": -445613000, "calculatedIncomeNonControlling": 0, "calculatedEbitda": 336736000}]}