{"originalCurrency": "USD", "convertedCurrency": "USD", "report": [{"date": "2023-12-31", "symbol": "TFX", "reportedCurrency": "USD", "cik": "0000096943", "fillingDate": "2024-02-23", "acceptedDate": "2024-02-23 12:23:11", "calendarYear": "2023", "period": "FY", "revenue": 2974489000, "costOfRevenue": 1327558000, "grossProfit": 1646931000, "grossProfitRatio": 0.5536853557, "researchAndDevelopmentExpenses": 154351000, "generalAndAdministrativeExpenses": 0, "sellingAndMarketingExpenses": 0, "sellingGeneralAndAdministrativeExpenses": 929867000, "otherExpenses": 0, "operatingExpenses": 1084218000, "costAndExpenses": 2411776000, "interestIncome": 12781000, "interestExpense": 85082000, "depreciationAndAmortization": 242118000, "ebitda": 817612000, "ebitdaratio": 0.2748747768, "operatingIncome": 506313000, "operatingIncomeRatio": 0.1702184812, "totalOtherIncomeExpensesNet": -56400000, "incomeBeforeTax": 434012000, "incomeBeforeTaxRatio": 0.145911449, "incomeTaxExpense": 76440000, "netIncome": 356328000, "netIncomeRatio": 0.1197946941, "eps": 7.58, "epsdiluted": 7.53, "weightedAverageShsOut": 46981000, "weightedAverageShsOutDil": 47304000, "link": "https://www.sec.gov/Archives/edgar/data/96943/000009694324000036/0000096943-24-000036-index.htm", "finalLink": "https://www.sec.gov/Archives/edgar/data/96943/000009694324000036/tfx-20231231.htm", "calculatedOtherExpenses": 56400000, "calculatedOperatingExpenses": 1140618000, "calculatedNetInterest": -72301000, "calculatedOtherIncome": 0, "calculatedIncomeNonControlling": 1244000, "calculatedEbitda": 748431000}, {"date": "2022-12-31", "symbol": "TFX", "reportedCurrency": "USD", "cik": "0000096943", "fillingDate": "2023-02-23", "acceptedDate": "2023-02-23 13:28:21", "calendarYear": "2022", "period": "FY", "revenue": 2791041000, "costOfRevenue": 1259954000, "grossProfit": 1531087000, "grossProfitRatio": 0.5485720203, "researchAndDevelopmentExpenses": 153819000, "generalAndAdministrativeExpenses": 0, "sellingAndMarketingExpenses": 0, "sellingGeneralAndAdministrativeExpenses": 863748000, "otherExpenses": 0, "operatingExpenses": 1017567000, "costAndExpenses": 2277521000, "interestIncome": 912000, "interestExpense": 54264000, "depreciationAndAmortization": 245297000, "ebitda": 745022000, "ebitdaratio": 0.2669333772, "operatingIncome": 499725000, "operatingIncomeRatio": 0.1790460979, "totalOtherIncomeExpensesNet": -53806000, "incomeBeforeTax": 445919000, "incomeBeforeTaxRatio": 0.1597679862, "incomeTaxExpense": 83003000, "netIncome": 363139000, "netIncomeRatio": 0.1301088017, "eps": 7.74, "epsdiluted": 7.68, "weightedAverageShsOut": 46898000, "weightedAverageShsOutDil": 47309000, "link": "https://www.sec.gov/Archives/edgar/data/96943/000009694323000024/0000096943-23-000024-index.htm", "finalLink": "https://www.sec.gov/Archives/edgar/data/96943/000009694323000024/tfx-20221231.htm", "calculatedOtherExpenses": 13795000, "calculatedOperatingExpenses": 1031362000, "calculatedNetInterest": -53352000, "calculatedOtherIncome": -454000, "calculatedIncomeNonControlling": -223000, "calculatedEbitda": 745022000}, {"date": "2021-12-31", "symbol": "TFX", "reportedCurrency": "USD", "cik": "0000096943", "fillingDate": "2022-03-01", "acceptedDate": "2022-03-01 10:58:40", "calendarYear": "2021", "period": "FY", "revenue": 2809563000, "costOfRevenue": 1259961000, "grossProfit": 1549602000, "grossProfitRatio": 0.5515455606, "researchAndDevelopmentExpenses": 130841000, "generalAndAdministrativeExpenses": 0, "sellingAndMarketingExpenses": 0, "sellingGeneralAndAdministrativeExpenses": 860085000, "otherExpenses": 0, "operatingExpenses": 990926000, "costAndExpenses": 2250887000, "interestIncome": 1328000, "interestExpense": 56969000, "depreciationAndAmortization": 169271000, "ebitda": 797366000, "ebitdaratio": 0.2838042785, "operatingIncome": 628095000, "operatingIncomeRatio": 0.2235561189, "totalOtherIncomeExpensesNet": -68627000, "incomeBeforeTax": 559468000, "incomeBeforeTaxRatio": 0.1991299003, "incomeTaxExpense": 74349000, "netIncome": 485374000, "netIncomeRatio": 0.1727578275, "eps": 10.38, "epsdiluted": 10.23, "weightedAverageShsOut": 46774000, "weightedAverageShsOutDil": 47427000, "link": "https://www.sec.gov/Archives/edgar/data/96943/000009694322000016/0000096943-22-000016-index.htm", "finalLink": "https://www.sec.gov/Archives/edgar/data/96943/000009694322000016/tfx-20211231.htm", "calculatedOtherExpenses": -69419000, "calculatedOperatingExpenses": 921507000, "calculatedNetInterest": -55641000, "calculatedOtherIncome": -12986000, "calculatedIncomeNonControlling": -255000, "calculatedEbitda": 797366000}, {"date": "2020-12-31", "symbol": "TFX", "reportedCurrency": "USD", "cik": "0000096943", "fillingDate": "2021-02-25", "acceptedDate": "2021-02-25 12:34:16", "calendarYear": "2020", "period": "FY", "revenue": 2537156000, "costOfRevenue": 1212282000, "grossProfit": 1324874000, "grossProfitRatio": 0.5221886238, "researchAndDevelopmentExpenses": 119747000, "generalAndAdministrativeExpenses": 0, "sellingAndMarketingExpenses": 0, "sellingGeneralAndAdministrativeExpenses": 743568000, "otherExpenses": 0, "operatingExpenses": 863315000, "costAndExpenses": 2075597000, "interestIncome": 1158000, "interestExpense": 66494000, "depreciationAndAmortization": 266901000, "ebitda": 689969000, "ebitdaratio": 0.2719458323, "operatingIncome": 423068000, "operatingIncomeRatio": 0.166748911, "totalOtherIncomeExpensesNet": -65336000, "incomeBeforeTax": 357732000, "incomeBeforeTaxRatio": 0.1409972426, "incomeTaxExpense": 21931000, "netIncome": 335324000, "netIncomeRatio": 0.1321653064, "eps": 7.21, "epsdiluted": 7.09, "weightedAverageShsOut": 46488000, "weightedAverageShsOutDil": 47287000, "link": "https://www.sec.gov/Archives/edgar/data/96943/000009694321000013/0000096943-21-000013-index.htm", "finalLink": "https://www.sec.gov/Archives/edgar/data/96943/000009694321000013/tfx-20201231.htm", "calculatedOtherExpenses": 38491000, "calculatedOperatingExpenses": 901806000, "calculatedNetInterest": -65336000, "calculatedOtherIncome": 0, "calculatedIncomeNonControlling": 477000, "calculatedEbitda": 689969000}, {"date": "2019-12-31", "symbol": "TFX", "reportedCurrency": "USD", "cik": "0000096943", "fillingDate": "2020-02-21", "acceptedDate": "2020-02-21 12:15:22", "calendarYear": "2019", "period": "FY", "revenue": 2595362000, "costOfRevenue": 1103750000, "grossProfit": 1491612000, "grossProfitRatio": 0.574722139, "researchAndDevelopmentExpenses": 113857000, "generalAndAdministrativeExpenses": 0, "sellingAndMarketingExpenses": 0, "sellingGeneralAndAdministrativeExpenses": 934373000, "otherExpenses": 0, "operatingExpenses": 1048230000, "costAndExpenses": 2151980000, "interestIncome": 1741000, "interestExpense": 80270000, "depreciationAndAmortization": 231931000, "ebitda": 659185000, "ebitdaratio": 0.2539857638, "operatingIncome": 427254000, "operatingIncomeRatio": 0.1646221221, "totalOtherIncomeExpensesNet": -87351000, "incomeBeforeTax": 339903000, "incomeBeforeTaxRatio": 0.1309655455, "incomeTaxExpense": -122078000, "netIncome": 461466000, "netIncomeRatio": 0.1778040982, "eps": 9.99, "epsdiluted": 9.8, "weightedAverageShsOut": 46200000, "weightedAverageShsOutDil": 47090000, "link": "https://www.sec.gov/Archives/edgar/data/96943/000009694320000017/0000096943-20-000017-index.htm", "finalLink": "https://www.sec.gov/Archives/edgar/data/96943/000009694320000017/tfx-20191231.htm", "calculatedOtherExpenses": 16128000, "calculatedOperatingExpenses": 1064358000, "calculatedNetInterest": -78529000, "calculatedOtherIncome": -8822000, "calculatedIncomeNonControlling": 515000, "calculatedEbitda": 659185000}, {"date": "2018-12-31", "symbol": "TFX", "reportedCurrency": "USD", "cik": "0000096943", "fillingDate": "2019-02-21", "acceptedDate": "2019-02-21 15:09:35", "calendarYear": "2018", "period": "FY", "revenue": 2448383000, "costOfRevenue": 1063941000, "grossProfit": 1384442000, "grossProfitRatio": 0.5654515654, "researchAndDevelopmentExpenses": 106208000, "generalAndAdministrativeExpenses": 0, "sellingAndMarketingExpenses": 0, "sellingGeneralAndAdministrativeExpenses": 878688000, "otherExpenses": 0, "operatingExpenses": 984896000, "costAndExpenses": 2048837000, "interestIncome": 944000, "interestExpense": 103020000, "depreciationAndAmortization": 209980000, "ebitda": 610470000, "ebitdaratio": 0.2493359903, "operatingIncome": 321704000, "operatingIncomeRatio": 0.1313944755, "totalOtherIncomeExpensesNet": -77842000, "incomeBeforeTax": 219628000, "incomeBeforeTaxRatio": 0.0897032858, "incomeTaxExpense": 23196000, "netIncome": 200802000, "netIncomeRatio": 0.0820141293, "eps": 4.39, "epsdiluted": 4.29, "weightedAverageShsOut": 45689000, "weightedAverageShsOutDil": 46801000, "link": "https://www.sec.gov/Archives/edgar/data/96943/000009694319000021/0000096943-19-000021-index.htm", "finalLink": "https://www.sec.gov/Archives/edgar/data/96943/000009694319000021/tfx-20181231x10k.htm", "calculatedOtherExpenses": 77842000, "calculatedOperatingExpenses": 1062738000, "calculatedNetInterest": -102076000, "calculatedOtherIncome": 0, "calculatedIncomeNonControlling": -4370000, "calculatedEbitda": 531684000}, {"date": "2017-12-31", "symbol": "TFX", "reportedCurrency": "USD", "cik": "0000096943", "fillingDate": "2018-02-22", "acceptedDate": "2018-02-22 15:03:06", "calendarYear": "2017", "period": "FY", "revenue": 2146303000, "costOfRevenue": 974501000, "grossProfit": 1171802000, "grossProfitRatio": 0.5459629885, "researchAndDevelopmentExpenses": 84770000, "generalAndAdministrativeExpenses": 0, "sellingAndMarketingExpenses": 0, "sellingGeneralAndAdministrativeExpenses": 699963000, "otherExpenses": 0, "operatingExpenses": 784733000, "costAndExpenses": 1759234000, "interestIncome": 771000, "interestExpense": 82546000, "depreciationAndAmortization": 155263000, "ebitda": 543103000, "ebitdaratio": 0.2530411596, "operatingIncome": 372279000, "operatingIncomeRatio": 0.1734512788, "totalOtherIncomeExpensesNet": -20383000, "incomeBeforeTax": 284911000, "incomeBeforeTaxRatio": 0.1327450039, "incomeTaxExpense": 129648000, "netIncome": 152530000, "netIncomeRatio": 0.0710663872, "eps": 3.39, "epsdiluted": 3.27, "weightedAverageShsOut": 45004000, "weightedAverageShsOutDil": 46664000, "link": "https://www.sec.gov/Archives/edgar/data/96943/000009694318000028/0000096943-18-000028-index.htm", "finalLink": "https://www.sec.gov/Archives/edgar/data/96943/000009694318000028/tfx-20171231x10k.htm", "calculatedOtherExpenses": 14790000, "calculatedOperatingExpenses": 799523000, "calculatedNetInterest": -81775000, "calculatedOtherIncome": -5593000, "calculatedIncomeNonControlling": 2733000, "calculatedEbitda": 527542000}, {"date": "2016-12-31", "symbol": "TFX", "reportedCurrency": "USD", "cik": "0000096943", "fillingDate": "2017-02-23", "acceptedDate": "2017-02-23 09:03:47", "calendarYear": "2016", "period": "FY", "revenue": 1868027000, "costOfRevenue": 871827000, "grossProfit": 996200000, "grossProfitRatio": 0.5332899364, "researchAndDevelopmentExpenses": 58579000, "generalAndAdministrativeExpenses": 0, "sellingAndMarketingExpenses": 0, "sellingGeneralAndAdministrativeExpenses": 563308000, "otherExpenses": 0, "operatingExpenses": 621887000, "costAndExpenses": 1493714000, "interestIncome": 474000, "interestExpense": 54941000, "depreciationAndAmortization": 117906000, "ebitda": 492693000, "ebitdaratio": 0.2637504704, "operatingIncome": 319453000, "operatingIncomeRatio": 0.1710109115, "totalOtherIncomeExpensesNet": -74121000, "incomeBeforeTax": 245725000, "incomeBeforeTaxRatio": 0.1315425312, "incomeTaxExpense": 8074000, "netIncome": 237377000, "netIncomeRatio": 0.1270736451, "eps": 5.48, "epsdiluted": 4.98, "weightedAverageShsOut": 43325000, "weightedAverageShsOutDil": 47646000, "link": "https://www.sec.gov/Archives/edgar/data/96943/000009694317000014/0000096943-17-000014-index.htm", "finalLink": "https://www.sec.gov/Archives/edgar/data/96943/000009694317000014/tfx-20161231x10k.htm", "calculatedOtherExpenses": 54860000, "calculatedOperatingExpenses": 676747000, "calculatedNetInterest": -54467000, "calculatedOtherIncome": -19261000, "calculatedIncomeNonControlling": 274000, "calculatedEbitda": 437359000}, {"date": "2015-12-31", "symbol": "TFX", "reportedCurrency": "USD", "cik": "0000096943", "fillingDate": "2016-02-25", "acceptedDate": "2016-02-25 15:16:05", "calendarYear": "2015", "period": "FY", "revenue": 1809690000, "costOfRevenue": 865287000, "grossProfit": 944403000, "grossProfitRatio": 0.5218589924, "researchAndDevelopmentExpenses": 52119000, "generalAndAdministrativeExpenses": 0, "sellingAndMarketingExpenses": 0, "sellingGeneralAndAdministrativeExpenses": 568982000, "otherExpenses": 0, "operatingExpenses": 621101000, "costAndExpenses": 1486388000, "interestIncome": 532000, "interestExpense": 61323000, "depreciationAndAmortization": 108393000, "ebitda": 432227000, "ebitdaratio": 0.2388403539, "operatingIncome": 315891000, "operatingIncomeRatio": 0.1745553106, "totalOtherIncomeExpensesNet": -17865000, "incomeBeforeTax": 244646000, "incomeBeforeTaxRatio": 0.1351866894, "incomeTaxExpense": 7838000, "netIncome": 244863000, "netIncomeRatio": 0.1353065995, "eps": 5.89, "epsdiluted": 5.1, "weightedAverageShsOut": 41558000, "weightedAverageShsOutDil": 48058000, "link": "https://www.sec.gov/Archives/edgar/data/96943/000009694316000154/0000096943-16-000154-index.htm", "finalLink": "https://www.sec.gov/Archives/edgar/data/96943/000009694316000154/tfx-20151231x10k.htm", "calculatedOtherExpenses": 7411000, "calculatedOperatingExpenses": 628512000, "calculatedNetInterest": -60791000, "calculatedOtherIncome": -10454000, "calculatedIncomeNonControlling": -8055000, "calculatedEbitda": 424284000}, {"date": "2014-12-31", "symbol": "TFX", "reportedCurrency": "USD", "cik": "0000096943", "fillingDate": "2015-02-20", "acceptedDate": "2015-02-20 15:42:54", "calendarYear": "2014", "period": "FY", "revenue": 1839832000, "costOfRevenue": 897404000, "grossProfit": 942428000, "grossProfitRatio": 0.5122358998, "researchAndDevelopmentExpenses": 61040000, "generalAndAdministrativeExpenses": 0, "sellingAndMarketingExpenses": 0, "sellingGeneralAndAdministrativeExpenses": 578657000, "otherExpenses": 0, "operatingExpenses": 639697000, "costAndExpenses": 1537101000, "interestIncome": 706000, "interestExpense": 65458000, "depreciationAndAmortization": 111133000, "ebitda": 414570000, "ebitdaratio": 0.2253303562, "operatingIncome": 284862000, "operatingIncomeRatio": 0.154830441, "totalOtherIncomeExpensesNet": -17869000, "incomeBeforeTax": 220110000, "incomeBeforeTaxRatio": 0.1196359233, "incomeTaxExpense": 28650000, "netIncome": 187679000, "netIncomeRatio": 0.1020087704, "eps": 4.54, "epsdiluted": 4.04, "weightedAverageShsOut": 41366000, "weightedAverageShsOutDil": 46470000, "link": "https://www.sec.gov/Archives/edgar/data/96943/000009694315000023/0000096943-15-000023-index.htm", "finalLink": "https://www.sec.gov/Archives/edgar/data/96943/000009694315000023/tfx-20141231x10k.htm", "calculatedOtherExpenses": 17869000, "calculatedOperatingExpenses": 657566000, "calculatedNetInterest": -64752000, "calculatedOtherIncome": 0, "calculatedIncomeNonControlling": 3781000, "calculatedEbitda": 395995000}, {"date": "2013-12-31", "symbol": "TFX", "reportedCurrency": "USD", "cik": "0000096943", "fillingDate": "2014-02-24", "acceptedDate": "2014-02-24 06:18:59", "calendarYear": "2013", "period": "FY", "revenue": 1696271000, "costOfRevenue": 857326000, "grossProfit": 838945000, "grossProfitRatio": 0.4945819389, "researchAndDevelopmentExpenses": 65045000, "generalAndAdministrativeExpenses": 0, "sellingAndMarketingExpenses": 0, "sellingGeneralAndAdministrativeExpenses": 502187000, "otherExpenses": 0, "operatingExpenses": 567232000, "costAndExpenses": 1424558000, "interestIncome": 624000, "interestExpense": 56905000, "depreciationAndAmortization": 92976000, "ebitda": 365313000, "ebitdaratio": 0.2153624038, "operatingIncome": 233261000, "operatingIncomeRatio": 0.1375139939, "totalOtherIncomeExpensesNet": -39702000, "incomeBeforeTax": 175730000, "incomeBeforeTaxRatio": 0.1035978331, "incomeTaxExpense": 23547000, "netIncome": 150881000, "netIncomeRatio": 0.0889486409, "eps": 3.67, "epsdiluted": 3.45, "weightedAverageShsOut": 41105000, "weightedAverageShsOutDil": 43693000, "link": "https://www.sec.gov/Archives/edgar/data/96943/000156459014000320/0001564590-14-000320-index.htm", "finalLink": "https://www.sec.gov/Archives/edgar/data/96943/000156459014000320/tfx-10k_20131231.htm", "calculatedOtherExpenses": 38452000, "calculatedOperatingExpenses": 605684000, "calculatedNetInterest": -56281000, "calculatedOtherIncome": -1250000, "calculatedIncomeNonControlling": 1302000, "calculatedEbitda": 326237000}, {"date": "2012-12-31", "symbol": "TFX", "reportedCurrency": "USD", "cik": "0000096943", "fillingDate": "2013-02-22", "acceptedDate": "2013-02-22 13:54:10", "calendarYear": "2012", "period": "FY", "revenue": 1551009000, "costOfRevenue": 802784000, "grossProfit": 748225000, "grossProfitRatio": 0.4824117719, "researchAndDevelopmentExpenses": 56278000, "generalAndAdministrativeExpenses": 0, "sellingAndMarketingExpenses": 0, "sellingGeneralAndAdministrativeExpenses": 454489000, "otherExpenses": 0, "operatingExpenses": 510767000, "costAndExpenses": 1313551000, "interestIncome": 1571000, "interestExpense": 69565000, "depreciationAndAmortization": 80468000, "ebitda": 319497000, "ebitdaratio": 0.205993002, "operatingIncome": -97375000, "operatingIncomeRatio": -0.0627817118, "totalOtherIncomeExpensesNet": -334833000, "incomeBeforeTax": -165369000, "incomeBeforeTaxRatio": -0.1066202711, "incomeTaxExpense": 16413000, "netIncome": -190057000, "netIncomeRatio": -0.1225376513, "eps": -4.65, "epsdiluted": -4.65, "weightedAverageShsOut": 40859000, "weightedAverageShsOutDil": 40859000, "link": "https://www.sec.gov/Archives/edgar/data/96943/000119312513071160/0001193125-13-071160-index.htm", "finalLink": "https://www.sec.gov/Archives/edgar/data/96943/000119312513071160/d444647d10k.htm", "calculatedOtherExpenses": 334833000, "calculatedOperatingExpenses": 845600000, "calculatedNetInterest": -67994000, "calculatedOtherIncome": 0, "calculatedIncomeNonControlling": 8275000, "calculatedEbitda": -16907000}, {"date": "2011-12-31", "symbol": "TFX", "reportedCurrency": "USD", "cik": "0000096943", "fillingDate": "2012-02-24", "acceptedDate": "2012-02-23 20:41:52", "calendarYear": "2011", "period": "FY", "revenue": 1528911000, "costOfRevenue": 810070000, "grossProfit": 718841000, "grossProfitRatio": 0.4701653661, "researchAndDevelopmentExpenses": 48732000, "generalAndAdministrativeExpenses": 0, "sellingAndMarketingExpenses": 0, "sellingGeneralAndAdministrativeExpenses": 429262000, "otherExpenses": 582000, "operatingExpenses": 478576000, "costAndExpenses": 1288646000, "interestIncome": 1260000, "interestExpense": 70317000, "depreciationAndAmortization": 85617000, "ebitda": 241525000, "ebitdaratio": 0.157971916, "operatingIncome": 233173000, "operatingIncomeRatio": 0.1525092043, "totalOtherIncomeExpensesNet": -22505000, "incomeBeforeTax": 148703000, "incomeBeforeTaxRatio": 0.09726073, "incomeTaxExpense": 27000000, "netIncome": 323329000, "netIncomeRatio": 0.2114766654, "eps": 7.98, "epsdiluted": 7.92, "weightedAverageShsOut": 40501000, "weightedAverageShsOutDil": 40801000, "link": "https://www.sec.gov/Archives/edgar/data/96943/000119312512076013/0001193125-12-076013-index.htm", "finalLink": "https://www.sec.gov/Archives/edgar/data/96943/000119312512076013/d266472d10k.htm", "calculatedOtherExpenses": 7674000, "calculatedOperatingExpenses": 485668000, "calculatedNetInterest": -69057000, "calculatedOtherIncome": -15413000, "calculatedIncomeNonControlling": -201626000, "calculatedEbitda": 318790000}, {"date": "2010-12-31", "symbol": "TFX", "reportedCurrency": "USD", "cik": "0000096943", "fillingDate": "2011-02-25", "acceptedDate": "2011-02-24 17:56:58", "calendarYear": "2010", "period": "FY", "revenue": 1801705000, "costOfRevenue": 1007636000, "grossProfit": 794069000, "grossProfitRatio": 0.4407319733, "researchAndDevelopmentExpenses": 42621000, "generalAndAdministrativeExpenses": 0, "sellingAndMarketingExpenses": 0, "sellingGeneralAndAdministrativeExpenses": 475321000, "otherExpenses": -341000, "operatingExpenses": 517601000, "costAndExpenses": 1525237000, "interestIncome": 861000, "interestExpense": 80031000, "depreciationAndAmortization": 92189000, "ebitda": 369518000, "ebitdaratio": 0.2050935086, "operatingIncome": 273593000, "operatingIncomeRatio": 0.1518522733, "totalOtherIncomeExpensesNet": -49505000, "incomeBeforeTax": 147793000, "incomeBeforeTaxRatio": 0.082029522, "incomeTaxExpense": 21887000, "netIncome": 201094000, "netIncomeRatio": 0.1116131664, "eps": 5.04, "epsdiluted": 4.99, "weightedAverageShsOut": 39906000, "weightedAverageShsOutDil": 40280000, "link": "https://www.sec.gov/Archives/edgar/data/96943/000095012311018007/0000950123-11-018007-index.htm", "finalLink": "https://www.sec.gov/Archives/edgar/data/96943/000095012311018007/w80858e10vk.htm", "calculatedOtherExpenses": 2534000, "calculatedOperatingExpenses": 520476000, "calculatedNetInterest": -79170000, "calculatedOtherIncome": -46630000, "calculatedIncomeNonControlling": -75188000, "calculatedEbitda": 365782000}, {"date": "2009-12-31", "symbol": "TFX", "reportedCurrency": "USD", "cik": "0000096943", "fillingDate": "2010-02-25", "acceptedDate": "2010-02-24 19:05:06", "calendarYear": "2009", "period": "FY", "revenue": 1890062000, "costOfRevenue": 1075987000, "grossProfit": 814075000, "grossProfitRatio": 0.430713384, "researchAndDevelopmentExpenses": 0, "generalAndAdministrativeExpenses": 0, "sellingAndMarketingExpenses": 0, "sellingGeneralAndAdministrativeExpenses": 519925000, "otherExpenses": 2597000, "operatingExpenses": 522522000, "costAndExpenses": 1598509000, "interestIncome": 2541000, "interestExpense": 89463000, "depreciationAndAmortization": 101057000, "ebitda": 395151000, "ebitdaratio": 0.2090677449, "operatingIncome": 269768000, "operatingIncomeRatio": 0.1427297094, "totalOtherIncomeExpensesNet": -21785000, "incomeBeforeTax": 182846000, "incomeBeforeTaxRatio": 0.0967407418, "incomeTaxExpense": 39904000, "netIncome": 302994000, "netIncomeRatio": 0.1603090269, "eps": 7.63, "epsdiluted": 7.59, "weightedAverageShsOut": 39718000, "weightedAverageShsOutDil": 39936000, "link": "https://www.sec.gov/Archives/edgar/data/96943/000095012310016499/0000950123-10-016499-index.htm", "finalLink": "https://www.sec.gov/Archives/edgar/data/96943/000095012310016499/w77123e10vk.htm", "calculatedOtherExpenses": 24382000, "calculatedOperatingExpenses": 544307000, "calculatedNetInterest": -86922000, "calculatedOtherIncome": 0, "calculatedIncomeNonControlling": -160052000, "calculatedEbitda": 370825000}, {"date": "2008-12-31", "symbol": "TFX", "reportedCurrency": "USD", "cik": "0000096943", "fillingDate": "2009-02-25", "acceptedDate": "2009-02-25 15:14:32", "calendarYear": "2008", "period": "FY", "revenue": 2420949000, "costOfRevenue": 1456782000, "grossProfit": 964167000, "grossProfitRatio": 0.3982599386, "researchAndDevelopmentExpenses": 0, "generalAndAdministrativeExpenses": 0, "sellingAndMarketingExpenses": 0, "sellingGeneralAndAdministrativeExpenses": 596773000, "otherExpenses": 2339000, "operatingExpenses": 624178000, "costAndExpenses": 2080960000, "interestIncome": 2635000, "interestExpense": 121647000, "depreciationAndAmortization": 111218000, "ebitda": 453842000, "ebitdaratio": 0.1874645026, "operatingIncome": 339989000, "operatingIncomeRatio": 0.1404362504, "totalOtherIncomeExpensesNet": -27701000, "incomeBeforeTax": 220977000, "incomeBeforeTaxRatio": 0.0912770157, "incomeTaxExpense": 52169000, "netIncome": 119774000, "netIncomeRatio": 0.0494739873, "eps": 3.03, "epsdiluted": 3.01, "weightedAverageShsOut": 39584000, "weightedAverageShsOutDil": 39832000, "link": "https://www.sec.gov/Archives/edgar/data/96943/000089322009000387/0000893220-09-000387-index.htm", "finalLink": "https://www.sec.gov/Archives/edgar/data/96943/000089322009000387/w72765e10vk.htm", "calculatedOtherExpenses": 27405000, "calculatedOperatingExpenses": 624178000, "calculatedNetInterest": -119012000, "calculatedOtherIncome": 0, "calculatedIncomeNonControlling": 49034000, "calculatedEbitda": 451207000}, {"date": "2007-12-31", "symbol": "TFX", "reportedCurrency": "USD", "cik": "0000096943", "fillingDate": "2008-02-29", "acceptedDate": "2008-02-29 14:13:15", "calendarYear": "2007", "period": "FY", "revenue": 1934332000, "costOfRevenue": 1253978000, "grossProfit": 680354000, "grossProfitRatio": 0.3517255569, "researchAndDevelopmentExpenses": 30000000, "generalAndAdministrativeExpenses": 0, "sellingAndMarketingExpenses": 0, "sellingGeneralAndAdministrativeExpenses": 445254000, "otherExpenses": 0, "operatingExpenses": 445254000, "costAndExpenses": 1699232000, "interestIncome": -10482000, "interestExpense": 74876000, "depreciationAndAmortization": 78760000, "ebitda": 375218000, "ebitdaratio": 0.1939780762, "operatingIncome": 192638000, "operatingIncomeRatio": 0.099588902, "totalOtherIncomeExpensesNet": -61358000, "incomeBeforeTax": 109348000, "incomeBeforeTaxRatio": 0.0565301096, "incomeTaxExpense": 122767000, "netIncome": 146484000, "netIncomeRatio": 0.0757284685, "eps": 3.73, "epsdiluted": 3.73, "weightedAverageShsOut": 39259000, "weightedAverageShsOutDil": 39259000, "link": "https://www.sec.gov/Archives/edgar/data/96943/000089322008000569/0000893220-08-000569-index.htm", "finalLink": "https://www.sec.gov/Archives/edgar/data/96943/000089322008000569/w47957e10vk.htm", "calculatedOtherExpenses": 12462000, "calculatedOperatingExpenses": 487716000, "calculatedNetInterest": -85358000, "calculatedOtherIncome": 2068000, "calculatedIncomeNonControlling": -159903000, "calculatedEbitda": 271398000}, {"date": "2006-12-31", "symbol": "TFX", "reportedCurrency": "USD", "cik": "0000096943", "fillingDate": "2007-03-01", "acceptedDate": "2007-03-01 14:21:20", "calendarYear": "2006", "period": "FY", "revenue": 2646757000, "costOfRevenue": 1872565000, "grossProfit": 774192000, "grossProfitRatio": 0.2925058855, "researchAndDevelopmentExpenses": 0, "generalAndAdministrativeExpenses": 0, "sellingAndMarketingExpenses": 0, "sellingGeneralAndAdministrativeExpenses": 493516000, "otherExpenses": 838000, "operatingExpenses": 494354000, "costAndExpenses": 2366919000, "interestIncome": -6412000, "interestExpense": 41997000, "depreciationAndAmortization": 99004000, "ebitda": 404906000, "ebitdaratio": 0.1529819322, "operatingIncome": 254612000, "operatingIncomeRatio": 0.0961977242, "totalOtherIncomeExpensesNet": -26064000, "incomeBeforeTax": 219027000, "incomeBeforeTaxRatio": 0.082752969, "incomeTaxExpense": 54140000, "netIncome": 139430000, "netIncomeRatio": 0.0526795622, "eps": 3.51, "epsdiluted": 3.49, "weightedAverageShsOut": 39760000, "weightedAverageShsOutDil": 39988000, "link": "https://www.sec.gov/Archives/edgar/data/96943/000089322007000527/0000893220-07-000527-index.htm", "finalLink": "https://www.sec.gov/Archives/edgar/data/96943/000089322007000527/w30240e10vk.htm", "calculatedOtherExpenses": 26064000, "calculatedOperatingExpenses": 519580000, "calculatedNetInterest": -48409000, "calculatedOtherIncome": 12824000, "calculatedIncomeNonControlling": 25457000, "calculatedEbitda": 353616000}, {"date": "2005-12-25", "symbol": "TFX", "reportedCurrency": "USD", "cik": "0000096943", "fillingDate": "2006-03-20", "acceptedDate": "2006-03-20 16:32:18", "calendarYear": "2005", "period": "FY", "revenue": 2514552000, "costOfRevenue": 1804601000, "grossProfit": 709951000, "grossProfitRatio": 0.2823369729, "researchAndDevelopmentExpenses": 0, "generalAndAdministrativeExpenses": 0, "sellingAndMarketingExpenses": 0, "sellingGeneralAndAdministrativeExpenses": 449040000, "otherExpenses": -14223000, "operatingExpenses": 434817000, "costAndExpenses": 2239418000, "interestIncome": -4363000, "interestExpense": 44516000, "depreciationAndAmortization": 100853000, "ebitda": 388830000, "ebitdaratio": 0.1546319185, "operatingIncome": 248068000, "operatingIncomeRatio": 0.0986529608, "totalOtherIncomeExpensesNet": -12843000, "incomeBeforeTax": 207915000, "incomeBeforeTaxRatio": 0.0826847088, "incomeTaxExpense": 47806000, "netIncome": 138817000, "netIncomeRatio": 0.0552054601, "eps": 3.43, "epsdiluted": 3.39, "weightedAverageShsOut": 40516000, "weightedAverageShsOutDil": 40958000, "link": "https://www.sec.gov/Archives/edgar/data/96943/000089322006000621/0000893220-06-000621-index.htm", "finalLink": "https://www.sec.gov/Archives/edgar/data/96943/000089322006000621/w17700e10vk.htm", "calculatedOtherExpenses": 12843000, "calculatedOperatingExpenses": 461883000, "calculatedNetInterest": -48879000, "calculatedOtherIncome": 8726000, "calculatedIncomeNonControlling": 21292000, "calculatedEbitda": 348921000}, {"date": "2004-12-26", "symbol": "TFX", "reportedCurrency": "USD", "cik": "0000096943", "fillingDate": "2005-03-09", "acceptedDate": "2005-03-09 17:08:56", "calendarYear": "2004", "period": "FY", "revenue": 2485378000, "costOfRevenue": 1786577000, "grossProfit": 698801000, "grossProfitRatio": 0.2811648771, "researchAndDevelopmentExpenses": 0, "generalAndAdministrativeExpenses": 0, "sellingAndMarketingExpenses": 0, "sellingGeneralAndAdministrativeExpenses": 494430000, "otherExpenses": -2733000, "operatingExpenses": 491697000, "costAndExpenses": 2278274000, "interestIncome": 0, "interestExpense": 37118000, "depreciationAndAmortization": 114595000, "ebitda": 386584000, "ebitdaratio": 0.1555433419, "operatingIncome": 139486000, "operatingIncomeRatio": 0.0561226502, "totalOtherIncomeExpensesNet": -64885000, "incomeBeforeTax": 102368000, "incomeBeforeTaxRatio": 0.041188101, "incomeTaxExpense": 14351000, "netIncome": 9517000, "netIncomeRatio": 0.0038291962, "eps": 0.24, "epsdiluted": 0.24, "weightedAverageShsOut": 40205000, "weightedAverageShsOutDil": 40495000, "link": "https://www.sec.gov/Archives/edgar/data/96943/000089322005000499/0000893220-05-000499-index.htm", "finalLink": "https://www.sec.gov/Archives/edgar/data/96943/000089322005000499/w68607e10vk.htm", "calculatedOtherExpenses": 64885000, "calculatedOperatingExpenses": 559315000, "calculatedNetInterest": -37118000, "calculatedOtherIncome": 0, "calculatedIncomeNonControlling": 78500000, "calculatedEbitda": 254081000}, {"date": "2003-12-28", "symbol": "TFX", "reportedCurrency": "USD", "cik": "0000096943", "fillingDate": "2004-03-11", "acceptedDate": "2004-03-11 15:47:46", "calendarYear": "2003", "period": "FY", "revenue": 2282435000, "costOfRevenue": 1684647000, "grossProfit": 597788000, "grossProfitRatio": 0.2619080061, "researchAndDevelopmentExpenses": 0, "generalAndAdministrativeExpenses": 0, "sellingAndMarketingExpenses": 0, "sellingGeneralAndAdministrativeExpenses": 423028000, "otherExpenses": -1929847000, "operatingExpenses": -1506819000, "costAndExpenses": 177828000, "interestIncome": 0, "interestExpense": 26337000, "depreciationAndAmortization": 104352000, "ebitda": 2205891000, "ebitdaratio": 0.9664638862, "operatingIncome": 2104607000, "operatingIncomeRatio": 0.9220884713, "totalOtherIncomeExpensesNet": 3068000, "incomeBeforeTax": 151491000, "incomeBeforeTaxRatio": 0.0663725363, "incomeTaxExpense": 42388000, "netIncome": 109103000, "netIncomeRatio": 0.0478011422, "eps": 2.76, "epsdiluted": 2.73, "weightedAverageShsOut": 39598000, "weightedAverageShsOutDil": 39942000, "link": "https://www.sec.gov/Archives/edgar/data/96943/000089322004000402/0000893220-04-000402-index.htm", "finalLink": "https://www.sec.gov/Archives/edgar/data/96943/000089322004000402/w94871e10vk.htm", "calculatedOtherExpenses": -1929847000, "calculatedOperatingExpenses": -1506819000, "calculatedNetInterest": -26337000, "calculatedOtherIncome": -1926779000, "calculatedIncomeNonControlling": 0, "calculatedEbitda": 2208959000}, {"date": "2002-12-29", "symbol": "TFX", "reportedCurrency": "USD", "cik": "0000096943", "fillingDate": "2003-03-24", "acceptedDate": "2003-03-24 14:11:20", "calendarYear": "2002", "period": "FY", "revenue": 2076229000, "costOfRevenue": 1523779000, "grossProfit": 552450000, "grossProfitRatio": 0.2660833656, "researchAndDevelopmentExpenses": 0, "generalAndAdministrativeExpenses": 0, "sellingAndMarketingExpenses": 0, "sellingGeneralAndAdministrativeExpenses": 365024000, "otherExpenses": -18904000, "operatingExpenses": 346120000, "costAndExpenses": 1869899000, "interestIncome": 0, "interestExpense": 0, "depreciationAndAmortization": 95117000, "ebitda": 291362000, "ebitdaratio": 0.1403323044, "operatingIncome": 206330000, "operatingIncomeRatio": 0.0993772845, "totalOtherIncomeExpensesNet": 10085000, "incomeBeforeTax": 172488000, "incomeBeforeTaxRatio": 0.0830775411, "incomeTaxExpense": 47222000, "netIncome": 125266000, "netIncomeRatio": 0.0603334218, "eps": 3.12, "epsdiluted": 3.08, "weightedAverageShsOut": 40149359, "weightedAverageShsOutDil": 40670779, "link": "https://www.sec.gov/Archives/edgar/data/96943/000089322003000375/0000893220-03-000375-index.htm", "finalLink": "https://www.sec.gov/Archives/edgar/data/96943/000089322003000375/w84287e10vk.htm", "calculatedOtherExpenses": -18904000, "calculatedOperatingExpenses": 346120000, "calculatedNetInterest": 0, "calculatedOtherIncome": -33842000, "calculatedIncomeNonControlling": 0, "calculatedEbitda": 301447000}, {"date": "2001-12-31", "symbol": "TFX", "reportedCurrency": "USD", "cik": "0000096943", "fillingDate": "2002-03-27", "acceptedDate": "2002-03-27 00:00:00", "calendarYear": "2001", "period": "FY", "revenue": 1905004000, "costOfRevenue": 1369713000, "grossProfit": 535291000, "grossProfitRatio": 0.2809920609, "researchAndDevelopmentExpenses": 0, "generalAndAdministrativeExpenses": 0, "sellingAndMarketingExpenses": 0, "sellingGeneralAndAdministrativeExpenses": 347131000, "otherExpenses": 0, "operatingExpenses": 347131000, "costAndExpenses": 1716844000, "interestIncome": 0, "interestExpense": 0, "depreciationAndAmortization": 92401000, "ebitda": 280561000, "ebitdaratio": 0.1472758062, "operatingIncome": 188160000, "operatingIncomeRatio": 0.0987714461, "totalOtherIncomeExpensesNet": -28465000, "incomeBeforeTax": 159695000, "incomeBeforeTaxRatio": 0.0838292203, "incomeTaxExpense": 47384000, "netIncome": 112311000, "netIncomeRatio": 0.0589557817, "eps": 2.9, "epsdiluted": 2.86, "weightedAverageShsOut": 38727931, "weightedAverageShsOutDil": 39269580, "link": "https://www.sec.gov/Archives/edgar/data/96943/000089322002000311/0000893220-02-000311-index.htm", "finalLink": "https://www.sec.gov/Archives/edgar/data/96943/000089322002000311/w58094e10-k.txt", "calculatedOtherExpenses": 0, "calculatedOperatingExpenses": 347131000, "calculatedNetInterest": 0, "calculatedOtherIncome": -28465000, "calculatedIncomeNonControlling": 0, "calculatedEbitda": 280561000}, {"date": "2000-12-31", "symbol": "TFX", "reportedCurrency": "USD", "cik": "0000096943", "fillingDate": "2001-03-27", "acceptedDate": "2001-03-27 00:00:00", "calendarYear": "2000", "period": "FY", "revenue": 1764482000, "costOfRevenue": 1196786000, "grossProfit": 567696000, "grossProfitRatio": 0.3217352175, "researchAndDevelopmentExpenses": 0, "generalAndAdministrativeExpenses": 0, "sellingAndMarketingExpenses": 0, "sellingGeneralAndAdministrativeExpenses": 311278000, "otherExpenses": 77417000, "operatingExpenses": 388695000, "costAndExpenses": 1585481000, "interestIncome": 0, "interestExpense": 0, "depreciationAndAmortization": 77417000, "ebitda": 256418000, "ebitdaratio": 0.1453219698, "operatingIncome": 179001000, "operatingIncomeRatio": 0.1014467702, "totalOtherIncomeExpensesNet": -20787000, "incomeBeforeTax": 158214000, "incomeBeforeTaxRatio": 0.0896659756, "incomeTaxExpense": 48990000, "netIncome": 109224000, "netIncomeRatio": 0.0619014532, "eps": 2.86, "epsdiluted": 2.83, "weightedAverageShsOut": 38190210, "weightedAverageShsOutDil": 38595053, "link": "https://www.sec.gov/Archives/edgar/data/96943/000089322001000317/0000893220-01-000317-index.htm", "finalLink": "https://www.sec.gov/Archives/edgar/data/96943/000089322001000317/w45905e10-k.txt", "calculatedOtherExpenses": 77417000, "calculatedOperatingExpenses": 388695000, "calculatedNetInterest": 0, "calculatedOtherIncome": -20787000, "calculatedIncomeNonControlling": 0, "calculatedEbitda": 256418000}, {"date": "1999-12-26", "symbol": "TFX", "reportedCurrency": "USD", "cik": "0000096943", "fillingDate": "2000-03-23", "acceptedDate": "2000-03-23 00:00:00", "calendarYear": "1999", "period": "FY", "revenue": 1601100000, "costOfRevenue": 1088500000, "grossProfit": 512600000, "grossProfitRatio": 0.3201548935, "researchAndDevelopmentExpenses": 0, "generalAndAdministrativeExpenses": 0, "sellingAndMarketingExpenses": 0, "sellingGeneralAndAdministrativeExpenses": 284700000, "otherExpenses": 67400000, "operatingExpenses": 352100000, "costAndExpenses": 1440600000, "interestIncome": 0, "interestExpense": 0, "depreciationAndAmortization": 67400000, "ebitda": 227900000, "ebitdaratio": 0.1423396415, "operatingIncome": 160500000, "operatingIncomeRatio": 0.1002435825, "totalOtherIncomeExpensesNet": -17800000, "incomeBeforeTax": 142700000, "incomeBeforeTaxRatio": 0.0891262257, "incomeTaxExpense": 47500000, "netIncome": 95200000, "netIncomeRatio": 0.0594591219, "eps": 2.52, "epsdiluted": 2.47, "weightedAverageShsOut": 37777778, "weightedAverageShsOutDil": 38542510, "link": "https://www.sec.gov/Archives/edgar/data/96943/000089322000000311/0000893220-00-000311-index.html", "finalLink": "https://www.sec.gov/Archives/edgar/data/96943/000089322000000311/", "calculatedOtherExpenses": 67400000, "calculatedOperatingExpenses": 352100000, "calculatedNetInterest": 0, "calculatedOtherIncome": -17800000, "calculatedIncomeNonControlling": 0, "calculatedEbitda": 227900000}, {"date": "1998-12-27", "symbol": "TFX", "reportedCurrency": "USD", "cik": "0000096943", "fillingDate": "1999-03-29", "acceptedDate": "1999-03-29 00:00:00", "calendarYear": "1998", "period": "FY", "revenue": 1437600000, "costOfRevenue": 969600000, "grossProfit": 468000000, "grossProfitRatio": 0.325542571, "researchAndDevelopmentExpenses": 0, "generalAndAdministrativeExpenses": 0, "sellingAndMarketingExpenses": 0, "sellingGeneralAndAdministrativeExpenses": 266100000, "otherExpenses": 60100000, "operatingExpenses": 326200000, "costAndExpenses": 1295800000, "interestIncome": 0, "interestExpense": 0, "depreciationAndAmortization": 60100000, "ebitda": 201900000, "ebitdaratio": 0.140442404, "operatingIncome": 141800000, "operatingIncomeRatio": 0.0986366166, "totalOtherIncomeExpensesNet": -17000000, "incomeBeforeTax": 124800000, "incomeBeforeTaxRatio": 0.0868113523, "incomeTaxExpense": 42200000, "netIncome": 82600000, "netIncomeRatio": 0.0574568726, "eps": 2.21, "epsdiluted": 2.15, "weightedAverageShsOut": 37375566, "weightedAverageShsOutDil": 38418605, "link": "https://www.sec.gov/Archives/edgar/data/96943/000089322099000364/0000893220-99-000364-index.html", "finalLink": "https://www.sec.gov/Archives/edgar/data/96943/", "calculatedOtherExpenses": 60100000, "calculatedOperatingExpenses": 326200000, "calculatedNetInterest": 0, "calculatedOtherIncome": -17000000, "calculatedIncomeNonControlling": 0, "calculatedEbitda": 201900000}, {"date": "1997-12-28", "symbol": "TFX", "reportedCurrency": "USD", "cik": "0000096943", "fillingDate": "1998-03-26", "acceptedDate": "1998-03-26 00:00:00", "calendarYear": "1997", "period": "FY", "revenue": 1145800000, "costOfRevenue": 746900000, "grossProfit": 398900000, "grossProfitRatio": 0.3481410368, "researchAndDevelopmentExpenses": 0, "generalAndAdministrativeExpenses": 0, "sellingAndMarketingExpenses": 0, "sellingGeneralAndAdministrativeExpenses": 230200000, "otherExpenses": 47900000, "operatingExpenses": 278100000, "costAndExpenses": 1025000000, "interestIncome": 0, "interestExpense": 0, "depreciationAndAmortization": 47900000, "ebitda": 168700000, "ebitdaratio": 0.1472333741, "operatingIncome": 120800000, "operatingIncomeRatio": 0.1054285216, "totalOtherIncomeExpensesNet": -14400000, "incomeBeforeTax": 106400000, "incomeBeforeTaxRatio": 0.0928608832, "incomeTaxExpense": 36300000, "netIncome": 70100000, "netIncomeRatio": 0.0611799616, "eps": 1.91, "epsdiluted": 1.86, "weightedAverageShsOut": 36701571, "weightedAverageShsOutDil": 37688172, "link": "https://www.sec.gov/Archives/edgar/data/96943/000089322098000588/0000893220-98-000588-index.html", "finalLink": "https://www.sec.gov/Archives/edgar/data/96943/", "calculatedOtherExpenses": 47900000, "calculatedOperatingExpenses": 278100000, "calculatedNetInterest": 0, "calculatedOtherIncome": -14400000, "calculatedIncomeNonControlling": 0, "calculatedEbitda": 168700000}, {"date": "1996-12-29", "symbol": "TFX", "reportedCurrency": "USD", "cik": "0000096943", "fillingDate": "1997-03-24", "acceptedDate": "1997-03-24 00:00:00", "calendarYear": "1996", "period": "FY", "revenue": 931200000, "costOfRevenue": 601400000, "grossProfit": 329800000, "grossProfitRatio": 0.3541666667, "researchAndDevelopmentExpenses": 0, "generalAndAdministrativeExpenses": 0, "sellingAndMarketingExpenses": 0, "sellingGeneralAndAdministrativeExpenses": 190300000, "otherExpenses": 38800000, "operatingExpenses": 229100000, "costAndExpenses": 830500000, "interestIncome": 0, "interestExpense": 0, "depreciationAndAmortization": 38800000, "ebitda": 139500000, "ebitdaratio": 0.149806701, "operatingIncome": 100700000, "operatingIncomeRatio": 0.1081400344, "totalOtherIncomeExpensesNet": -13900000, "incomeBeforeTax": 86800000, "incomeBeforeTaxRatio": 0.0932130584, "incomeTaxExpense": 29600000, "netIncome": 57200000, "netIncomeRatio": 0.0614261168, "eps": 1.58, "epsdiluted": 1.58, "weightedAverageShsOut": 36202532, "weightedAverageShsOutDil": 36202532, "link": "https://www.sec.gov/Archives/edgar/data/96943/000089322097000597/0000893220-97-000597-index.html", "finalLink": "https://www.sec.gov/Archives/edgar/data/96943/", "calculatedOtherExpenses": 38800000, "calculatedOperatingExpenses": 229100000, "calculatedNetInterest": 0, "calculatedOtherIncome": -13900000, "calculatedIncomeNonControlling": 0, "calculatedEbitda": 139500000}, {"date": "1995-12-31", "symbol": "TFX", "reportedCurrency": "USD", "cik": "0000096943", "fillingDate": "1996-03-25", "acceptedDate": "1996-03-25 00:00:00", "calendarYear": "1995", "period": "FY", "revenue": 912700000, "costOfRevenue": 590300000, "grossProfit": 322400000, "grossProfitRatio": 0.3532376465, "researchAndDevelopmentExpenses": 0, "generalAndAdministrativeExpenses": 0, "sellingAndMarketingExpenses": 0, "sellingGeneralAndAdministrativeExpenses": 192400000, "otherExpenses": 37700000, "operatingExpenses": 230100000, "costAndExpenses": 820400000, "interestIncome": 0, "interestExpense": 0, "depreciationAndAmortization": 37700000, "ebitda": 130000000, "ebitdaratio": 0.1424345349, "operatingIncome": 92300000, "operatingIncomeRatio": 0.1011285198, "totalOtherIncomeExpensesNet": -18700000, "incomeBeforeTax": 73600000, "incomeBeforeTaxRatio": 0.0806398598, "incomeTaxExpense": 24700000, "netIncome": 48900000, "netIncomeRatio": 0.0535772981, "eps": 1.38, "epsdiluted": 1.38, "weightedAverageShsOut": 35563636, "weightedAverageShsOutDil": 35563636, "link": "https://www.sec.gov/Archives/edgar/data/96943/000089322096000475/0000893220-96-000475-index.html", "finalLink": "https://www.sec.gov/Archives/edgar/data/96943/", "calculatedOtherExpenses": 37700000, "calculatedOperatingExpenses": 230100000, "calculatedNetInterest": 0, "calculatedOtherIncome": -18700000, "calculatedIncomeNonControlling": 0, "calculatedEbitda": 130000000}, {"date": "1994-12-25", "symbol": "TFX", "reportedCurrency": "USD", "cik": "0000096943", "fillingDate": "1995-03-24", "acceptedDate": "1995-03-24 00:00:00", "calendarYear": "1994", "period": "FY", "revenue": 812700000, "costOfRevenue": 524400000, "grossProfit": 288300000, "grossProfitRatio": 0.3547434478, "researchAndDevelopmentExpenses": 0, "generalAndAdministrativeExpenses": 0, "sellingAndMarketingExpenses": 0, "sellingGeneralAndAdministrativeExpenses": 173900000, "otherExpenses": 33000000, "operatingExpenses": 206900000, "costAndExpenses": 731300000, "interestIncome": 0, "interestExpense": 0, "depreciationAndAmortization": 33000000, "ebitda": 114400000, "ebitdaratio": 0.1407653501, "operatingIncome": 81400000, "operatingIncomeRatio": 0.1001599606, "totalOtherIncomeExpensesNet": -18400000, "incomeBeforeTax": 63000000, "incomeBeforeTaxRatio": 0.0775193798, "incomeTaxExpense": 21800000, "netIncome": 41200000, "netIncomeRatio": 0.0506952135, "eps": 1.18, "epsdiluted": 1.18, "weightedAverageShsOut": 35063830, "weightedAverageShsOutDil": 35063830, "link": "https://www.sec.gov/Archives/edgar/data/96943/000089322095000165/0000893220-95-000165-index.html", "finalLink": "https://www.sec.gov/Archives/edgar/data/96943/", "calculatedOtherExpenses": 33000000, "calculatedOperatingExpenses": 206900000, "calculatedNetInterest": 0, "calculatedOtherIncome": -18400000, "calculatedIncomeNonControlling": 0, "calculatedEbitda": 114400000}, {"date": "1993-12-26", "symbol": "TFX", "reportedCurrency": "USD", "cik": "0000096943", "fillingDate": "1994-03-23", "acceptedDate": "1994-03-23 00:00:00", "calendarYear": "1993", "period": "FY", "revenue": 666800000, "costOfRevenue": 431000000, "grossProfit": 235800000, "grossProfitRatio": 0.3536292741, "researchAndDevelopmentExpenses": 0, "generalAndAdministrativeExpenses": 0, "sellingAndMarketingExpenses": 0, "sellingGeneralAndAdministrativeExpenses": 141000000, "otherExpenses": 28100000, "operatingExpenses": 169100000, "costAndExpenses": 600100000, "interestIncome": 0, "interestExpense": 0, "depreciationAndAmortization": 28100000, "ebitda": 94800000, "ebitdaratio": 0.1421715657, "operatingIncome": 66700000, "operatingIncomeRatio": 0.100029994, "totalOtherIncomeExpensesNet": -14400000, "incomeBeforeTax": 52300000, "incomeBeforeTaxRatio": 0.0784343131, "incomeTaxExpense": 18600000, "netIncome": 33700000, "netIncomeRatio": 0.050539892, "eps": 0.98, "epsdiluted": 0.98, "weightedAverageShsOut": 34387755, "weightedAverageShsOutDil": 34387755, "link": "https://www.sec.gov/Archives/edgar/data/96943/000089322094000170/0000893220-94-000170-index.html", "finalLink": "https://www.sec.gov/Archives/edgar/data/96943/", "calculatedOtherExpenses": 28100000, "calculatedOperatingExpenses": 169100000, "calculatedNetInterest": 0, "calculatedOtherIncome": -14400000, "calculatedIncomeNonControlling": 0, "calculatedEbitda": 94800000}, {"date": "1992-12-31", "symbol": "TFX", "reportedCurrency": "USD", "cik": "0000096943", "fillingDate": "1992-12-31", "acceptedDate": "1992-12-30 19:00:00", "calendarYear": "1992", "period": "FY", "revenue": 567100000, "costOfRevenue": 360400000, "grossProfit": 206700000, "grossProfitRatio": 0.3644859813, "researchAndDevelopmentExpenses": 0, "generalAndAdministrativeExpenses": 0, "sellingAndMarketingExpenses": 0, "sellingGeneralAndAdministrativeExpenses": 124200000, "otherExpenses": 21600000, "operatingExpenses": 145800000, "costAndExpenses": 506200000, "interestIncome": 0, "interestExpense": 0, "depreciationAndAmortization": 21600000, "ebitda": 79300000, "ebitdaratio": 0.1398342444, "operatingIncome": 60900000, "operatingIncomeRatio": 0.1073884676, "totalOtherIncomeExpensesNet": 3200000, "incomeBeforeTax": 48600000, "incomeBeforeTaxRatio": 0.0856991712, "incomeTaxExpense": 16600000, "netIncome": 32900000, "netIncomeRatio": 0.0580144595, "eps": 0.97, "epsdiluted": 0.97, "weightedAverageShsOut": 33917526, "weightedAverageShsOutDil": 33917526, "link": "", "finalLink": "", "calculatedOtherExpenses": 21600000, "calculatedOperatingExpenses": 145800000, "calculatedNetInterest": 0, "calculatedOtherIncome": -12300000, "calculatedIncomeNonControlling": -900000, "calculatedEbitda": 82500000}, {"date": "1991-12-31", "symbol": "TFX", "reportedCurrency": "USD", "cik": "0000096943", "fillingDate": "1991-12-31", "acceptedDate": "1991-12-30 19:00:00", "calendarYear": "1991", "period": "FY", "revenue": 479500000, "costOfRevenue": 311800000, "grossProfit": 167700000, "grossProfitRatio": 0.3497393118, "researchAndDevelopmentExpenses": 0, "generalAndAdministrativeExpenses": 0, "sellingAndMarketingExpenses": 0, "sellingGeneralAndAdministrativeExpenses": 93700000, "otherExpenses": 18400000, "operatingExpenses": 112100000, "costAndExpenses": 423900000, "interestIncome": 0, "interestExpense": 0, "depreciationAndAmortization": 18400000, "ebitda": 70500000, "ebitdaratio": 0.1470281543, "operatingIncome": 55600000, "operatingIncomeRatio": 0.1159541189, "totalOtherIncomeExpensesNet": 3500000, "incomeBeforeTax": 45300000, "incomeBeforeTaxRatio": 0.0944734098, "incomeTaxExpense": 15500000, "netIncome": 29800000, "netIncomeRatio": 0.0621480709, "eps": 0.89, "epsdiluted": 0.89, "weightedAverageShsOut": 33483146, "weightedAverageShsOutDil": 33483146, "link": "", "finalLink": "", "calculatedOtherExpenses": 18400000, "calculatedOperatingExpenses": 112100000, "calculatedNetInterest": 0, "calculatedOtherIncome": -10300000, "calculatedIncomeNonControlling": 0, "calculatedEbitda": 74000000}, {"date": "1990-12-31", "symbol": "TFX", "reportedCurrency": "USD", "cik": "0000096943", "fillingDate": "1990-12-31", "acceptedDate": "1990-12-30 19:00:00", "calendarYear": "1990", "period": "FY", "revenue": 441100000, "costOfRevenue": 286900000, "grossProfit": 154200000, "grossProfitRatio": 0.349580594, "researchAndDevelopmentExpenses": 0, "generalAndAdministrativeExpenses": 0, "sellingAndMarketingExpenses": 0, "sellingGeneralAndAdministrativeExpenses": 84800000, "otherExpenses": 17200000, "operatingExpenses": 102000000, "costAndExpenses": 388900000, "interestIncome": 0, "interestExpense": 0, "depreciationAndAmortization": 17200000, "ebitda": 66300000, "ebitdaratio": 0.150306053, "operatingIncome": 52200000, "operatingIncomeRatio": 0.1183405124, "totalOtherIncomeExpensesNet": 3100000, "incomeBeforeTax": 42900000, "incomeBeforeTaxRatio": 0.0972568579, "incomeTaxExpense": 14300000, "netIncome": 28600000, "netIncomeRatio": 0.0648379052, "eps": 0.87, "epsdiluted": 0.87, "weightedAverageShsOut": 32873563, "weightedAverageShsOutDil": 32873563, "link": "", "finalLink": "", "calculatedOtherExpenses": 17200000, "calculatedOperatingExpenses": 102000000, "calculatedNetInterest": 0, "calculatedOtherIncome": -9300000, "calculatedIncomeNonControlling": 0, "calculatedEbitda": 69400000}, {"date": "1989-12-31", "symbol": "TFX", "reportedCurrency": "USD", "cik": "0000096943", "fillingDate": "1989-12-31", "acceptedDate": "1989-12-30 19:00:00", "calendarYear": "1989", "period": "FY", "revenue": 355600000, "costOfRevenue": 237200000, "grossProfit": 118400000, "grossProfitRatio": 0.3329583802, "researchAndDevelopmentExpenses": 0, "generalAndAdministrativeExpenses": 0, "sellingAndMarketingExpenses": 0, "sellingGeneralAndAdministrativeExpenses": 63900000, "otherExpenses": 12900000, "operatingExpenses": 76800000, "costAndExpenses": 314000000, "interestIncome": 0, "interestExpense": 0, "depreciationAndAmortization": 12900000, "ebitda": 50100000, "ebitdaratio": 0.1408886389, "operatingIncome": 41600000, "operatingIncomeRatio": 0.1169853768, "totalOtherIncomeExpensesNet": 4400000, "incomeBeforeTax": 39200000, "incomeBeforeTaxRatio": 0.1102362205, "incomeTaxExpense": 12400000, "netIncome": 26800000, "netIncomeRatio": 0.0753655793, "eps": 0.82, "epsdiluted": 0.82, "weightedAverageShsOut": 32682927, "weightedAverageShsOutDil": 32682927, "link": "", "finalLink": "", "calculatedOtherExpenses": 12900000, "calculatedOperatingExpenses": 76800000, "calculatedNetInterest": 0, "calculatedOtherIncome": -2400000, "calculatedIncomeNonControlling": 0, "calculatedEbitda": 54500000}, {"date": "1988-12-31", "symbol": "TFX", "reportedCurrency": "USD", "cik": "0000096943", "fillingDate": "1988-12-31", "acceptedDate": "1988-12-30 19:00:00", "calendarYear": "1988", "period": "FY", "revenue": 328200000, "costOfRevenue": 215500000, "grossProfit": 112700000, "grossProfitRatio": 0.3433881779, "researchAndDevelopmentExpenses": 0, "generalAndAdministrativeExpenses": 0, "sellingAndMarketingExpenses": 0, "sellingGeneralAndAdministrativeExpenses": 59100000, "otherExpenses": 11000000, "operatingExpenses": 70100000, "costAndExpenses": 285600000, "interestIncome": 0, "interestExpense": 0, "depreciationAndAmortization": 11000000, "ebitda": 53600000, "ebitdaratio": 0.1633150518, "operatingIncome": 42600000, "operatingIncomeRatio": 0.1297989031, "totalOtherIncomeExpensesNet": -6200000, "incomeBeforeTax": 36400000, "incomeBeforeTaxRatio": 0.1109079829, "incomeTaxExpense": 12400000, "netIncome": 24000000, "netIncomeRatio": 0.0731261426, "eps": 0.74, "epsdiluted": 0.74, "weightedAverageShsOut": 32432432, "weightedAverageShsOutDil": 32432432, "link": "", "finalLink": "", "calculatedOtherExpenses": 11000000, "calculatedOperatingExpenses": 70100000, "calculatedNetInterest": 0, "calculatedOtherIncome": -6200000, "calculatedIncomeNonControlling": 0, "calculatedEbitda": 53600000}, {"date": "1987-12-31", "symbol": "TFX", "reportedCurrency": "USD", "cik": "0000096943", "fillingDate": "1987-12-31", "acceptedDate": "1987-12-30 19:00:00", "calendarYear": "1987", "period": "FY", "revenue": 269800000, "costOfRevenue": 175800000, "grossProfit": 94000000, "grossProfitRatio": 0.3484062268, "researchAndDevelopmentExpenses": 0, "generalAndAdministrativeExpenses": 0, "sellingAndMarketingExpenses": 0, "sellingGeneralAndAdministrativeExpenses": 49600000, "otherExpenses": 9800000, "operatingExpenses": 59400000, "costAndExpenses": 235200000, "interestIncome": 0, "interestExpense": 0, "depreciationAndAmortization": 9800000, "ebitda": 42400000, "ebitdaratio": 0.157153447, "operatingIncome": 34600000, "operatingIncomeRatio": 0.1282431431, "totalOtherIncomeExpensesNet": 2000000, "incomeBeforeTax": 31700000, "incomeBeforeTaxRatio": 0.1174944403, "incomeTaxExpense": 12000000, "netIncome": 19700000, "netIncomeRatio": 0.0730170497, "eps": 0.6, "epsdiluted": 0.6, "weightedAverageShsOut": 32833333, "weightedAverageShsOutDil": 32833333, "link": "", "finalLink": "", "calculatedOtherExpenses": 9800000, "calculatedOperatingExpenses": 59400000, "calculatedNetInterest": 0, "calculatedOtherIncome": -2900000, "calculatedIncomeNonControlling": 0, "calculatedEbitda": 44400000}, {"date": "1986-12-31", "symbol": "TFX", "reportedCurrency": "USD", "cik": "0000096943", "fillingDate": "1986-12-31", "acceptedDate": "1986-12-30 19:00:00", "calendarYear": "1986", "period": "FY", "revenue": 214200000, "costOfRevenue": 140500000, "grossProfit": 73700000, "grossProfitRatio": 0.3440709617, "researchAndDevelopmentExpenses": 0, "generalAndAdministrativeExpenses": 0, "sellingAndMarketingExpenses": 0, "sellingGeneralAndAdministrativeExpenses": 39800000, "otherExpenses": 7200000, "operatingExpenses": 47000000, "costAndExpenses": 187500000, "interestIncome": 0, "interestExpense": 0, "depreciationAndAmortization": 7200000, "ebitda": 29900000, "ebitdaratio": 0.139589169, "operatingIncome": 26700000, "operatingIncomeRatio": 0.1246498599, "totalOtherIncomeExpensesNet": 4000000, "incomeBeforeTax": 26900000, "incomeBeforeTaxRatio": 0.1255835668, "incomeTaxExpense": 10500000, "netIncome": 16400000, "netIncomeRatio": 0.0765639589, "eps": 0.51, "epsdiluted": 0.51, "weightedAverageShsOut": 32156863, "weightedAverageShsOutDil": 32156863, "link": "", "finalLink": "", "calculatedOtherExpenses": 7200000, "calculatedOperatingExpenses": 47000000, "calculatedNetInterest": 0, "calculatedOtherIncome": 200000, "calculatedIncomeNonControlling": 0, "calculatedEbitda": 33900000}, {"date": "1985-12-31", "symbol": "TFX", "reportedCurrency": "USD", "cik": "0000096943", "fillingDate": "1985-12-31", "acceptedDate": "1985-12-30 19:00:00", "calendarYear": "1985", "period": "FY", "revenue": 171800000, "costOfRevenue": 114700000, "grossProfit": 57100000, "grossProfitRatio": 0.332363213, "researchAndDevelopmentExpenses": 0, "generalAndAdministrativeExpenses": 0, "sellingAndMarketingExpenses": 0, "sellingGeneralAndAdministrativeExpenses": 31700000, "otherExpenses": 4800000, "operatingExpenses": 36500000, "costAndExpenses": 151200000, "interestIncome": 0, "interestExpense": 0, "depreciationAndAmortization": 4800000, "ebitda": 22200000, "ebitdaratio": 0.1292200233, "operatingIncome": 20600000, "operatingIncomeRatio": 0.1199068685, "totalOtherIncomeExpensesNet": 3200000, "incomeBeforeTax": 22200000, "incomeBeforeTaxRatio": 0.1292200233, "incomeTaxExpense": 8900000, "netIncome": 13300000, "netIncomeRatio": 0.0774155995, "eps": 0.42, "epsdiluted": 0.42, "weightedAverageShsOut": 31666667, "weightedAverageShsOutDil": 31666667, "link": "", "finalLink": "", "calculatedOtherExpenses": 4800000, "calculatedOperatingExpenses": 36500000, "calculatedNetInterest": 0, "calculatedOtherIncome": 1600000, "calculatedIncomeNonControlling": 0, "calculatedEbitda": 25400000}]}