{"originalCurrency": "USD", "convertedCurrency": "USD", "report": [{"date": "2023-12-31", "symbol": "TGNA", "reportedCurrency": "USD", "cik": "0000039899", "fillingDate": "2024-02-29", "acceptedDate": "2024-02-29 17:03:35", "calendarYear": "2023", "period": "FY", "revenue": 2910930000, "costOfRevenue": 1832093000, "grossProfit": 1078837000, "grossProfitRatio": 0.37061592, "researchAndDevelopmentExpenses": 0, "generalAndAdministrativeExpenses": 477933000, "sellingAndMarketingExpenses": 346067000, "sellingGeneralAndAdministrativeExpenses": 458085000, "otherExpenses": 17490000, "operatingExpenses": 458085000, "costAndExpenses": 2290178000, "interestIncome": 29292000, "interestExpense": 172904000, "depreciationAndAmortization": 113236000, "ebitda": 733988000, "ebitdaratio": 0.2521489696, "operatingIncome": 620752000, "operatingIncomeRatio": 0.2132486868, "totalOtherIncomeExpensesNet": -14206000, "incomeBeforeTax": 606546000, "incomeBeforeTaxRatio": 0.2083684596, "incomeTaxExpense": 130199000, "netIncome": 474953000, "netIncomeRatio": 0.1631619448, "eps": 2.29, "epsdiluted": 2.28, "weightedAverageShsOut": 207594000, "weightedAverageShsOutDil": 207947000, "link": "https://www.sec.gov/Archives/edgar/data/39899/000003989924000006/0000039899-24-000006-index.htm", "finalLink": "https://www.sec.gov/Archives/edgar/data/39899/000003989924000006/tgna-20231231.htm", "calculatedOtherExpenses": 0, "calculatedOperatingExpenses": 458085000, "calculatedNetInterest": -143612000, "calculatedOtherIncome": 129406000, "calculatedIncomeNonControlling": 1394000, "calculatedEbitda": 733988000}, {"date": "2022-12-31", "symbol": "TGNA", "reportedCurrency": "USD", "cik": "0000039899", "fillingDate": "2023-02-27", "acceptedDate": "2023-02-27 08:43:58", "calendarYear": "2022", "period": "FY", "revenue": 3279245000, "costOfRevenue": 1693221000, "grossProfit": 1586024000, "grossProfitRatio": 0.4836552316, "researchAndDevelopmentExpenses": 0, "generalAndAdministrativeExpenses": 474638000, "sellingAndMarketingExpenses": 9700000, "sellingGeneralAndAdministrativeExpenses": 474638000, "otherExpenses": 121077000, "operatingExpenses": 595715000, "costAndExpenses": 2288936000, "interestIncome": 174022000, "interestExpense": 174022000, "depreciationAndAmortization": 137712000, "ebitda": 1128344000, "ebitdaratio": 0.3440865199, "operatingIncome": 990632000, "operatingIncomeRatio": 0.3020914875, "totalOtherIncomeExpensesNet": -157064000, "incomeBeforeTax": 833568000, "incomeBeforeTaxRatio": 0.2541950967, "incomeTaxExpense": 202370000, "netIncome": 629909000, "netIncomeRatio": 0.1920896426, "eps": 2.82, "epsdiluted": 2.81, "weightedAverageShsOut": 223652000, "weightedAverageShsOutDil": 224486000, "link": "https://www.sec.gov/Archives/edgar/data/39899/000003989923000008/0000039899-23-000008-index.htm", "finalLink": "https://www.sec.gov/Archives/edgar/data/39899/000003989923000008/tgna-20221231.htm", "calculatedOtherExpenses": 120754000, "calculatedOperatingExpenses": 595392000, "calculatedNetInterest": 0, "calculatedOtherIncome": -157064000, "calculatedIncomeNonControlling": 1289000, "calculatedEbitda": 1128344000}, {"date": "2021-12-31", "symbol": "TGNA", "reportedCurrency": "USD", "cik": "0000039899", "fillingDate": "2022-03-01", "acceptedDate": "2022-03-01 16:06:53", "calendarYear": "2021", "period": "FY", "revenue": 2991093000, "costOfRevenue": 1598759000, "grossProfit": 1392334000, "grossProfitRatio": 0.4654933832, "researchAndDevelopmentExpenses": 0, "generalAndAdministrativeExpenses": 464573000, "sellingAndMarketingExpenses": 9800000, "sellingGeneralAndAdministrativeExpenses": 464573000, "otherExpenses": 127852000, "operatingExpenses": 592425000, "costAndExpenses": 2191184000, "interestIncome": 185650000, "interestExpense": 185650000, "depreciationAndAmortization": 122657000, "ebitda": 924873000, "ebitdaratio": 0.3092090416, "operatingIncome": 802216000, "operatingIncomeRatio": 0.268201624, "totalOtherIncomeExpensesNet": -188538000, "incomeBeforeTax": 613678000, "incomeBeforeTaxRatio": 0.2051684785, "incomeTaxExpense": 135481000, "netIncome": 477001000, "netIncomeRatio": 0.1594738111, "eps": 2.15, "epsdiluted": 2.14, "weightedAverageShsOut": 221504000, "weightedAverageShsOutDil": 222471000, "link": "https://www.sec.gov/Archives/edgar/data/39899/000003989922000007/0000039899-22-000007-index.htm", "finalLink": "https://www.sec.gov/Archives/edgar/data/39899/000003989922000007/tgna-20211231.htm", "calculatedOtherExpenses": 125545000, "calculatedOperatingExpenses": 590118000, "calculatedNetInterest": 0, "calculatedOtherIncome": -188538000, "calculatedIncomeNonControlling": 1196000, "calculatedEbitda": 924873000}, {"date": "2020-12-31", "symbol": "TGNA", "reportedCurrency": "USD", "cik": "0000039899", "fillingDate": "2021-03-01", "acceptedDate": "2021-03-01 16:36:59", "calendarYear": "2020", "period": "FY", "revenue": 2937780000, "costOfRevenue": 1503287000, "grossProfit": 1434493000, "grossProfitRatio": 0.488291499, "researchAndDevelopmentExpenses": 0, "generalAndAdministrativeExpenses": 438896000, "sellingAndMarketingExpenses": 365601000, "sellingGeneralAndAdministrativeExpenses": 438896000, "otherExpenses": 134570000, "operatingExpenses": 573466000, "costAndExpenses": 2076753000, "interestIncome": 210294000, "interestExpense": 210294000, "depreciationAndAmortization": 100983000, "ebitda": 971965000, "ebitdaratio": 0.3308501658, "operatingIncome": 870982000, "operatingIncomeRatio": 0.2964762508, "totalOtherIncomeExpensesNet": -233926000, "incomeBeforeTax": 637056000, "incomeBeforeTaxRatio": 0.2168494578, "incomeTaxExpense": 154293000, "netIncome": 481830000, "netIncomeRatio": 0.1640116006, "eps": 2.2, "epsdiluted": 2.19, "weightedAverageShsOut": 219232000, "weightedAverageShsOutDil": 219733000, "link": "https://www.sec.gov/Archives/edgar/data/39899/000003989921000008/0000039899-21-000008-index.htm", "finalLink": "https://www.sec.gov/Archives/edgar/data/39899/000003989921000008/tgna-20201231.htm", "calculatedOtherExpenses": 124615000, "calculatedOperatingExpenses": 563511000, "calculatedNetInterest": 0, "calculatedOtherIncome": -233926000, "calculatedIncomeNonControlling": 933000, "calculatedEbitda": 971965000}, {"date": "2019-12-31", "symbol": "TGNA", "reportedCurrency": "USD", "cik": "0000039899", "fillingDate": "2020-03-02", "acceptedDate": "2020-03-02 16:16:09", "calendarYear": "2019", "period": "FY", "revenue": 2299497000, "costOfRevenue": 1228237000, "grossProfit": 1071260000, "grossProfitRatio": 0.4658671005, "researchAndDevelopmentExpenses": 0, "generalAndAdministrativeExpenses": 406948000, "sellingAndMarketingExpenses": 326804000, "sellingGeneralAndAdministrativeExpenses": 406948000, "otherExpenses": 110629000, "operatingExpenses": 517577000, "costAndExpenses": 1745814000, "interestIncome": 205470000, "interestExpense": 205470000, "depreciationAndAmortization": 127403000, "ebitda": 686421000, "ebitdaratio": 0.2985091957, "operatingIncome": 559018000, "operatingIncomeRatio": 0.2431044702, "totalOtherIncomeExpensesNet": -183361000, "incomeBeforeTax": 375657000, "incomeBeforeTaxRatio": 0.1633648576, "incomeTaxExpense": 89422000, "netIncome": 286235000, "netIncomeRatio": 0.1244772226, "eps": 1.32, "epsdiluted": 1.31, "weightedAverageShsOut": 217138000, "weightedAverageShsOutDil": 217977000, "link": "https://www.sec.gov/Archives/edgar/data/39899/000003989920000006/0000039899-20-000006-index.htm", "finalLink": "https://www.sec.gov/Archives/edgar/data/39899/000003989920000006/tgna-20191231x10k.htm", "calculatedOtherExpenses": 105294000, "calculatedOperatingExpenses": 512242000, "calculatedNetInterest": 0, "calculatedOtherIncome": -183361000, "calculatedIncomeNonControlling": 0, "calculatedEbitda": 686421000}, {"date": "2018-12-31", "symbol": "TGNA", "reportedCurrency": "USD", "cik": "0000039899", "fillingDate": "2019-03-01", "acceptedDate": "2019-03-01 11:04:35", "calendarYear": "2018", "period": "FY", "revenue": 2207282000, "costOfRevenue": 1065933000, "grossProfit": 1141349000, "grossProfitRatio": 0.5170834538, "researchAndDevelopmentExpenses": 0, "generalAndAdministrativeExpenses": 367787000, "sellingAndMarketingExpenses": 315320000, "sellingGeneralAndAdministrativeExpenses": 367787000, "otherExpenses": -11496000, "operatingExpenses": 454574000, "costAndExpenses": 1520507000, "interestIncome": 0, "interestExpense": 192065000, "depreciationAndAmortization": 86787000, "ebitda": 775858000, "ebitdaratio": 0.3514992647, "operatingIncome": 698476000, "operatingIncomeRatio": 0.316441669, "totalOtherIncomeExpensesNet": 13997000, "incomeBeforeTax": 508707000, "incomeBeforeTaxRatio": 0.2304676068, "incomeTaxExpense": 107367000, "netIncome": 401340000, "netIncomeRatio": 0.1818254306, "eps": 1.86, "epsdiluted": 1.85, "weightedAverageShsOut": 216184000, "weightedAverageShsOutDil": 216621000, "link": "https://www.sec.gov/Archives/edgar/data/39899/000003989919000011/0000039899-19-000011-index.htm", "finalLink": "https://www.sec.gov/Archives/edgar/data/39899/000003989919000011/tgna-20181231x10k.htm", "calculatedOtherExpenses": 75086000, "calculatedOperatingExpenses": 442873000, "calculatedNetInterest": -192065000, "calculatedOtherIncome": 2296000, "calculatedIncomeNonControlling": 0, "calculatedEbitda": 785263000}, {"date": "2017-12-31", "symbol": "TGNA", "reportedCurrency": "USD", "cik": "0000039899", "fillingDate": "2018-03-01", "acceptedDate": "2018-03-01 15:37:40", "calendarYear": "2017", "period": "FY", "revenue": 1903026000, "costOfRevenue": 933718000, "grossProfit": 969308000, "grossProfitRatio": 0.5093508969, "researchAndDevelopmentExpenses": 0, "generalAndAdministrativeExpenses": 342339000, "sellingAndMarketingExpenses": 287396000, "sellingGeneralAndAdministrativeExpenses": 342339000, "otherExpenses": -35304000, "operatingExpenses": 418977000, "costAndExpenses": 1352695000, "interestIncome": 0, "interestExpense": 210284000, "depreciationAndAmortization": 76638000, "ebitda": 602067000, "ebitdaratio": 0.316373502, "operatingIncome": 545902000, "operatingIncomeRatio": 0.2868599798, "totalOtherIncomeExpensesNet": -29331000, "incomeBeforeTax": 310716000, "incomeBeforeTaxRatio": 0.1632747004, "incomeTaxExpense": -137246000, "netIncome": 447962000, "netIncomeRatio": 0.2353945768, "eps": 2.08, "epsdiluted": 2.06, "weightedAverageShsOut": 215587000, "weightedAverageShsOutDil": 217478000, "link": "https://www.sec.gov/Archives/edgar/data/39899/000003989918000011/0000039899-18-000011-index.htm", "finalLink": "https://www.sec.gov/Archives/edgar/data/39899/000003989918000011/tgna-20171231x10k.htm", "calculatedOtherExpenses": 81067000, "calculatedOperatingExpenses": 423406000, "calculatedNetInterest": -210284000, "calculatedOtherIncome": -24902000, "calculatedIncomeNonControlling": 0, "calculatedEbitda": 622540000}, {"date": "2016-12-31", "symbol": "TGNA", "reportedCurrency": "USD", "cik": "0000039899", "fillingDate": "2017-02-28", "acceptedDate": "2017-02-27 19:53:52", "calendarYear": "2016", "period": "FY", "revenue": 3341198000, "costOfRevenue": 1038667000, "grossProfit": 2302531000, "grossProfitRatio": 0.6891333588, "researchAndDevelopmentExpenses": 0, "generalAndAdministrativeExpenses": 58692000, "sellingAndMarketingExpenses": 7100000, "sellingGeneralAndAdministrativeExpenses": 1093837000, "otherExpenses": -20439000, "operatingExpenses": 1298327000, "costAndExpenses": 2336994000, "interestIncome": 0, "interestExpense": 232013000, "depreciationAndAmortization": 204490000, "ebitda": 1181085000, "ebitdaratio": 0.3534914722, "operatingIncome": 972074000, "operatingIncomeRatio": 0.2909357662, "totalOtherIncomeExpensesNet": -59739000, "incomeBeforeTax": 712452000, "incomeBeforeTaxRatio": 0.2132324992, "incomeTaxExpense": 216979000, "netIncome": 444171000, "netIncomeRatio": 0.1329376469, "eps": 2.05, "epsdiluted": 2.02, "weightedAverageShsOut": 216358000, "weightedAverageShsOutDil": 219681000, "link": "https://www.sec.gov/Archives/edgar/data/39899/000003989917000010/0000039899-17-000010-index.htm", "finalLink": "https://www.sec.gov/Archives/edgar/data/39899/000003989917000010/tgna-20161231x10k.htm", "calculatedOtherExpenses": 236620000, "calculatedOperatingExpenses": 1330457000, "calculatedNetInterest": -232013000, "calculatedOtherIncome": -27609000, "calculatedIncomeNonControlling": 51302000, "calculatedEbitda": 1176564000}, {"date": "2015-12-31", "symbol": "TGNA", "reportedCurrency": "USD", "cik": "0000039899", "fillingDate": "2016-02-29", "acceptedDate": "2016-02-29 13:38:22", "calendarYear": "2015", "period": "FY", "revenue": 3050945000, "costOfRevenue": 923336000, "grossProfit": 2127609000, "grossProfitRatio": 0.6973606538, "researchAndDevelopmentExpenses": 0, "generalAndAdministrativeExpenses": 61045000, "sellingAndMarketingExpenses": 9500000, "sellingGeneralAndAdministrativeExpenses": 1068221000, "otherExpenses": -11529000, "operatingExpenses": 1273308000, "costAndExpenses": 2196644000, "interestIncome": 0, "interestExpense": 273629000, "depreciationAndAmortization": 205087000, "ebitda": 1042795000, "ebitdaratio": 0.3417940999, "operatingIncome": 913158000, "operatingIncomeRatio": 0.2993033306, "totalOtherIncomeExpensesNet": 42264000, "incomeBeforeTax": 622936000, "incomeBeforeTaxRatio": 0.2041780498, "incomeTaxExpense": 202314000, "netIncome": 357458000, "netIncomeRatio": 0.1171630429, "eps": 1.59, "epsdiluted": 1.56, "weightedAverageShsOut": 224688000, "weightedAverageShsOutDil": 229721000, "link": "https://www.sec.gov/Archives/edgar/data/39899/000003989916000034/0000039899-16-000034-index.htm", "finalLink": "https://www.sec.gov/Archives/edgar/data/39899/000003989916000034/tgna-20151231x10k.htm", "calculatedOtherExpenses": 146230000, "calculatedOperatingExpenses": 1214451000, "calculatedNetInterest": -273629000, "calculatedOtherIncome": -16593000, "calculatedIncomeNonControlling": 63164000, "calculatedEbitda": 1118245000}, {"date": "2014-12-28", "symbol": "TGNA", "reportedCurrency": "USD", "cik": "0000039899", "fillingDate": "2015-02-25", "acceptedDate": "2015-02-25 16:51:09", "calendarYear": "2014", "period": "FY", "revenue": 6008174000, "costOfRevenue": 3048579000, "grossProfit": 2959595000, "grossProfitRatio": 0.4925947551, "researchAndDevelopmentExpenses": 0, "generalAndAdministrativeExpenses": 1429376000, "sellingAndMarketingExpenses": 110100000, "sellingGeneralAndAdministrativeExpenses": 1539476000, "otherExpenses": 403954000, "operatingExpenses": 1805200000, "costAndExpenses": 4853779000, "interestIncome": 0, "interestExpense": 273244000, "depreciationAndAmortization": 265724000, "ebitda": 1991392000, "ebitdaratio": 0.3314471252, "operatingIncome": 1058031000, "operatingIncomeRatio": 0.176098595, "totalOtherIncomeExpensesNet": 474909000, "incomeBeforeTax": 1356060000, "incomeBeforeTaxRatio": 0.2257025179, "incomeTaxExpense": 225600000, "netIncome": 1062171000, "netIncomeRatio": 0.1767876563, "eps": 4.69, "epsdiluted": 4.58, "weightedAverageShsOut": 226292000, "weightedAverageShsOutDil": 231907000, "link": "https://www.sec.gov/Archives/edgar/data/39899/000003989915000006/0000039899-15-000006-index.htm", "finalLink": "https://www.sec.gov/Archives/edgar/data/39899/000003989915000006/gci-20141228x10k.htm", "calculatedOtherExpenses": 362088000, "calculatedOperatingExpenses": 1901564000, "calculatedNetInterest": -273244000, "calculatedOtherIncome": 571273000, "calculatedIncomeNonControlling": 68289000, "calculatedEbitda": 1323755000}, {"date": "2013-12-29", "symbol": "TGNA", "reportedCurrency": "USD", "cik": "0000039899", "fillingDate": "2014-02-27", "acceptedDate": "2014-02-26 19:03:09", "calendarYear": "2013", "period": "FY", "revenue": 5161362000, "costOfRevenue": 2882449000, "grossProfit": 2278913000, "grossProfitRatio": 0.441533262, "researchAndDevelopmentExpenses": 0, "generalAndAdministrativeExpenses": 1193258000, "sellingAndMarketingExpenses": 98600000, "sellingGeneralAndAdministrativeExpenses": 1291858000, "otherExpenses": -47890000, "operatingExpenses": 1481430000, "costAndExpenses": 4363879000, "interestIncome": 0, "interestExpense": 176064000, "depreciationAndAmortization": 189572000, "ebitda": 982989000, "ebitdaratio": 0.1904514739, "operatingIncome": 739243000, "operatingIncomeRatio": 0.1432263422, "totalOtherIncomeExpensesNet": -62306000, "incomeBeforeTax": 559113000, "incomeBeforeTaxRatio": 0.1083266394, "incomeTaxExpense": 113200000, "netIncome": 388680000, "netIncomeRatio": 0.0753057042, "eps": 1.7, "epsdiluted": 1.66, "weightedAverageShsOut": 228541000, "weightedAverageShsOutDil": 234189000, "link": "https://www.sec.gov/Archives/edgar/data/39899/000003989914000010/0000039899-14-000010-index.htm", "finalLink": "https://www.sec.gov/Archives/edgar/data/39899/000003989914000010/gci-20131229x10k.htm", "calculatedOtherExpenses": 247812000, "calculatedOperatingExpenses": 1539670000, "calculatedNetInterest": -176064000, "calculatedOtherIncome": -4066000, "calculatedIncomeNonControlling": 57233000, "calculatedEbitda": 928815000}, {"date": "2012-12-30", "symbol": "TGNA", "reportedCurrency": "USD", "cik": "0000039899", "fillingDate": "2013-02-26", "acceptedDate": "2013-02-26 16:09:09", "calendarYear": "2012", "period": "FY", "revenue": 5353197000, "costOfRevenue": 2943847000, "grossProfit": 2409350000, "grossProfitRatio": 0.4500768419, "researchAndDevelopmentExpenses": 0, "generalAndAdministrativeExpenses": 0, "sellingAndMarketingExpenses": 0, "sellingGeneralAndAdministrativeExpenses": 1303427000, "otherExpenses": 8734000, "operatingExpenses": 1497466000, "costAndExpenses": 4441313000, "interestIncome": 0, "interestExpense": 150469000, "depreciationAndAmortization": 194039000, "ebitda": 1137044000, "ebitdaratio": 0.2124046621, "operatingIncome": 789755000, "operatingIncomeRatio": 0.1475295977, "totalOtherIncomeExpensesNet": -91008000, "incomeBeforeTax": 670407000, "incomeBeforeTaxRatio": 0.125234883, "incomeTaxExpense": 195400000, "netIncome": 424280000, "netIncomeRatio": 0.0792573111, "eps": 1.83, "epsdiluted": 1.79, "weightedAverageShsOut": 232327000, "weightedAverageShsOutDil": 236690000, "link": "https://www.sec.gov/Archives/edgar/data/39899/000003989913000007/0000039899-13-000007-index.htm", "finalLink": "https://www.sec.gov/Archives/edgar/data/39899/000003989913000007/gci-20121230x10k.htm", "calculatedOtherExpenses": 316168000, "calculatedOperatingExpenses": 1619595000, "calculatedNetInterest": -150469000, "calculatedOtherIncome": 31121000, "calculatedIncomeNonControlling": 50727000, "calculatedEbitda": 983794000}, {"date": "2011-12-25", "symbol": "TGNA", "reportedCurrency": "USD", "cik": "0000039899", "fillingDate": "2012-02-22", "acceptedDate": "2012-02-22 16:03:54", "calendarYear": "2011", "period": "FY", "revenue": 5239989000, "costOfRevenue": 2961097000, "grossProfit": 2278892000, "grossProfitRatio": 0.4349039664, "researchAndDevelopmentExpenses": 0, "generalAndAdministrativeExpenses": 0, "sellingAndMarketingExpenses": 0, "sellingGeneralAndAdministrativeExpenses": 1223485000, "otherExpenses": -12921000, "operatingExpenses": 1420858000, "costAndExpenses": 4381955000, "interestIncome": 0, "interestExpense": 173140000, "depreciationAndAmortization": 197373000, "ebitda": 1063604000, "ebitdaratio": 0.2029782887, "operatingIncome": 830791000, "operatingIncomeRatio": 0.1585482336, "totalOtherIncomeExpensesNet": -31967000, "incomeBeforeTax": 652927000, "incomeBeforeTaxRatio": 0.1246046509, "incomeTaxExpense": 152800000, "netIncome": 458748000, "netIncomeRatio": 0.087547512, "eps": 1.92, "epsdiluted": 1.89, "weightedAverageShsOut": 239228000, "weightedAverageShsOutDil": 242768000, "link": "https://www.sec.gov/Archives/edgar/data/39899/000119312512072714/0001193125-12-072714-index.htm", "finalLink": "https://www.sec.gov/Archives/edgar/data/39899/000119312512072714/d258830d10k.htm", "calculatedOtherExpenses": 224616000, "calculatedOperatingExpenses": 1448101000, "calculatedNetInterest": -173140000, "calculatedOtherIncome": -4724000, "calculatedIncomeNonControlling": 41379000, "calculatedEbitda": 1028164000}, {"date": "2010-12-26", "symbol": "TGNA", "reportedCurrency": "USD", "cik": "0000039899", "fillingDate": "2011-02-23", "acceptedDate": "2011-02-23 16:20:21", "calendarYear": "2010", "period": "FY", "revenue": 5438678000, "costOfRevenue": 2980465000, "grossProfit": 2458213000, "grossProfitRatio": 0.4519872292, "researchAndDevelopmentExpenses": 0, "generalAndAdministrativeExpenses": 0, "sellingAndMarketingExpenses": 0, "sellingGeneralAndAdministrativeExpenses": 1187633000, "otherExpenses": 213876000, "operatingExpenses": 1401509000, "costAndExpenses": 4381974000, "interestIncome": 0, "interestExpense": 172986000, "depreciationAndAmortization": 213876000, "ebitda": 1289720000, "ebitdaratio": 0.2371385105, "operatingIncome": 999695000, "operatingIncomeRatio": 0.1838121323, "totalOtherIncomeExpensesNet": -37758000, "incomeBeforeTax": 845960000, "incomeBeforeTaxRatio": 0.1555451527, "incomeTaxExpense": 244013000, "netIncome": 588201000, "netIncomeRatio": 0.1081514662, "eps": 2.47, "epsdiluted": 2.43, "weightedAverageShsOut": 238230000, "weightedAverageShsOutDil": 241605000, "link": "https://www.sec.gov/Archives/edgar/data/39899/000095012311017139/0000950123-11-017139-index.htm", "finalLink": "https://www.sec.gov/Archives/edgar/data/39899/000095012311017139/c11288e10vk.htm", "calculatedOtherExpenses": 270885000, "calculatedOperatingExpenses": 1458518000, "calculatedNetInterest": -172986000, "calculatedOtherIncome": 19251000, "calculatedIncomeNonControlling": 13746000, "calculatedEbitda": 1213571000}, {"date": "2009-12-27", "symbol": "TGNA", "reportedCurrency": "USD", "cik": "0000039899", "fillingDate": "2010-02-24", "acceptedDate": "2010-02-24 16:17:01", "calendarYear": "2009", "period": "FY", "revenue": 5612993000, "costOfRevenue": 3304784000, "grossProfit": 2308209000, "grossProfitRatio": 0.4112260607, "researchAndDevelopmentExpenses": 0, "generalAndAdministrativeExpenses": 0, "sellingAndMarketingExpenses": 0, "sellingGeneralAndAdministrativeExpenses": 1207313000, "otherExpenses": 242809000, "operatingExpenses": 1450122000, "costAndExpenses": 4754906000, "interestIncome": 0, "interestExpense": 175748000, "depreciationAndAmortization": 242809000, "ebitda": 1104823000, "ebitdaratio": 0.1968331334, "operatingIncome": 725183000, "operatingIncomeRatio": 0.1291972037, "totalOtherIncomeExpensesNet": -106178000, "incomeBeforeTax": 576161000, "incomeBeforeTaxRatio": 0.1026477318, "incomeTaxExpense": 193800000, "netIncome": 355270000, "netIncomeRatio": 0.0632942175, "eps": 1.52, "epsdiluted": 1.51, "weightedAverageShsOut": 233730263, "weightedAverageShsOutDil": 235278146, "link": "https://www.sec.gov/Archives/edgar/data/39899/000095012310016360/0000950123-10-016360-index.htm", "finalLink": "https://www.sec.gov/Archives/edgar/data/39899/000095012310016360/c95384e10vk.htm", "calculatedOtherExpenses": 375713000, "calculatedOperatingExpenses": 1583026000, "calculatedNetInterest": -175748000, "calculatedOtherIncome": 26726000, "calculatedIncomeNonControlling": 27091000, "calculatedEbitda": 967992000}, {"date": "2008-12-28", "symbol": "TGNA", "reportedCurrency": "USD", "cik": "0000039899", "fillingDate": "2009-02-25", "acceptedDate": "2009-02-25 17:16:05", "calendarYear": "2008", "period": "FY", "revenue": 6767650000, "costOfRevenue": 4012727000, "grossProfit": 2754923000, "grossProfitRatio": 0.407072322, "researchAndDevelopmentExpenses": 0, "generalAndAdministrativeExpenses": 0, "sellingAndMarketingExpenses": 0, "sellingGeneralAndAdministrativeExpenses": 1277962000, "otherExpenses": 262198000, "operatingExpenses": 1550669000, "costAndExpenses": 5563396000, "interestIncome": 0, "interestExpense": 190845000, "depreciationAndAmortization": 272707000, "ebitda": 1221708000, "ebitdaratio": 0.1805217468, "operatingIncome": -1287111000, "operatingIncomeRatio": -0.1901858104, "totalOtherIncomeExpensesNet": -2728159000, "incomeBeforeTax": -1714750000, "incomeBeforeTaxRatio": -0.2533745096, "incomeTaxExpense": 68200000, "netIncome": -1782950000, "netIncomeRatio": -0.2634518629, "eps": -7.81, "epsdiluted": -7.81, "weightedAverageShsOut": 228290653, "weightedAverageShsOutDil": 228290653, "link": "https://www.sec.gov/Archives/edgar/data/39899/000136231009002765/0001362310-09-002765-index.htm", "finalLink": "https://www.sec.gov/Archives/edgar/data/39899/000136231009002765/c81466e10vk.htm", "calculatedOtherExpenses": 2764072000, "calculatedOperatingExpenses": 4042034000, "calculatedNetInterest": -190845000, "calculatedOtherIncome": -236794000, "calculatedIncomeNonControlling": 0, "calculatedEbitda": -1014404000}, {"date": "2007-12-30", "symbol": "TGNA", "reportedCurrency": "USD", "cik": "0000039899", "fillingDate": "2008-02-28", "acceptedDate": "2008-02-28 13:33:48", "calendarYear": "2007", "period": "FY", "revenue": 7439460000, "costOfRevenue": 4164083000, "grossProfit": 3275377000, "grossProfitRatio": 0.4402707992, "researchAndDevelopmentExpenses": 0, "generalAndAdministrativeExpenses": 0, "sellingAndMarketingExpenses": 0, "sellingGeneralAndAdministrativeExpenses": 1270090000, "otherExpenses": 354391000, "operatingExpenses": 1624481000, "costAndExpenses": 5788564000, "interestIncome": 0, "interestExpense": 187322000, "depreciationAndAmortization": 285125000, "ebitda": 2001359000, "ebitdaratio": 0.2690193912, "operatingIncome": 1650896000, "operatingIncomeRatio": 0.2219107301, "totalOtherIncomeExpensesNet": -24645000, "incomeBeforeTax": 1448877000, "incomeBeforeTaxRatio": 0.1947556678, "incomeTaxExpense": 473300000, "netIncome": 1055612000, "netIncomeRatio": 0.1418936321, "eps": 4.53, "epsdiluted": 4.52, "weightedAverageShsOut": 233026932, "weightedAverageShsOutDil": 233542478, "link": "https://www.sec.gov/Archives/edgar/data/39899/000119312508041403/0001193125-08-041403-index.htm", "finalLink": "https://www.sec.gov/Archives/edgar/data/39899/000119312508041403/d10k.htm", "calculatedOtherExpenses": 354391000, "calculatedOperatingExpenses": 1624481000, "calculatedNetInterest": -187322000, "calculatedOtherIncome": -14697000, "calculatedIncomeNonControlling": -80035000, "calculatedEbitda": 1936021000}, {"date": "2006-12-31", "symbol": "TGNA", "reportedCurrency": "USD", "cik": "0000039899", "fillingDate": "2007-03-01", "acceptedDate": "2007-03-01 10:40:53", "calendarYear": "2006", "period": "FY", "revenue": 8033354000, "costOfRevenue": 4438236000, "grossProfit": 3595118000, "grossProfitRatio": 0.4475239109, "researchAndDevelopmentExpenses": 0, "generalAndAdministrativeExpenses": 0, "sellingAndMarketingExpenses": 0, "sellingGeneralAndAdministrativeExpenses": 1320111000, "otherExpenses": 276770000, "operatingExpenses": 1596881000, "costAndExpenses": 6035117000, "interestIncome": 0, "interestExpense": 274287000, "depreciationAndAmortization": 276770000, "ebitda": 2270539000, "ebitdaratio": 0.2826389824, "operatingIncome": 1998237000, "operatingIncomeRatio": 0.2487425551, "totalOtherIncomeExpensesNet": 4468000, "incomeBeforeTax": 1719482000, "incomeBeforeTaxRatio": 0.2140428518, "incomeTaxExpense": 558700000, "netIncome": 1160782000, "netIncomeRatio": 0.1444953129, "eps": 4.91, "epsdiluted": 4.9, "weightedAverageShsOut": 236411813, "weightedAverageShsOutDil": 236894286, "link": "https://www.sec.gov/Archives/edgar/data/39899/000119312507043708/0001193125-07-043708-index.htm", "finalLink": "https://www.sec.gov/Archives/edgar/data/39899/000119312507043708/d10k.htm", "calculatedOtherExpenses": 276770000, "calculatedOperatingExpenses": 1596881000, "calculatedNetInterest": -274287000, "calculatedOtherIncome": -4468000, "calculatedIncomeNonControlling": 0, "calculatedEbitda": 2275007000}, {"date": "2005-12-25", "symbol": "TGNA", "reportedCurrency": "USD", "cik": "0000039899", "fillingDate": "2006-02-24", "acceptedDate": "2006-02-24 15:37:53", "calendarYear": "2005", "period": "FY", "revenue": 7598939000, "costOfRevenue": 4061246000, "grossProfit": 3537693000, "grossProfitRatio": 0.4655509144, "researchAndDevelopmentExpenses": 0, "generalAndAdministrativeExpenses": 0, "sellingAndMarketingExpenses": 0, "sellingGeneralAndAdministrativeExpenses": 1215256000, "otherExpenses": 274366000, "operatingExpenses": 1489622000, "costAndExpenses": 5550868000, "interestIncome": 0, "interestExpense": 222340000, "depreciationAndAmortization": 276186000, "ebitda": 2349780000, "ebitdaratio": 0.3092247483, "operatingIncome": 2048071000, "operatingIncomeRatio": 0.2695206528, "totalOtherIncomeExpensesNet": -25523000, "incomeBeforeTax": 1817855000, "incomeBeforeTaxRatio": 0.2392248444, "incomeTaxExpense": 606600000, "netIncome": 1244654000, "netIncomeRatio": 0.1637931295, "eps": 5.08, "epsdiluted": 5.06, "weightedAverageShsOut": 244958000, "weightedAverageShsOutDil": 246256000, "link": "https://www.sec.gov/Archives/edgar/data/39899/000119312506038810/0001193125-06-038810-index.htm", "finalLink": "https://www.sec.gov/Archives/edgar/data/39899/000119312506038810/d10k.htm", "calculatedOtherExpenses": 274366000, "calculatedOperatingExpenses": 1489622000, "calculatedNetInterest": -222340000, "calculatedOtherIncome": -7876000, "calculatedIncomeNonControlling": -33399000, "calculatedEbitda": 2324257000}, {"date": "2004-12-26", "symbol": "TGNA", "reportedCurrency": "USD", "cik": "0000039899", "fillingDate": "2005-03-01", "acceptedDate": "2005-02-28 18:10:31", "calendarYear": "2004", "period": "FY", "revenue": 7381283000, "costOfRevenue": 3821435000, "grossProfit": 3559848000, "grossProfitRatio": 0.482280384, "researchAndDevelopmentExpenses": 0, "generalAndAdministrativeExpenses": 0, "sellingAndMarketingExpenses": 0, "sellingGeneralAndAdministrativeExpenses": 1168148000, "otherExpenses": 244021000, "operatingExpenses": 1412169000, "costAndExpenses": 5233604000, "interestIncome": 0, "interestExpense": 168487000, "depreciationAndAmortization": 244021000, "ebitda": 2407894000, "ebitdaratio": 0.3262161876, "operatingIncome": 2147679000, "operatingIncomeRatio": 0.2909628313, "totalOtherIncomeExpensesNet": -16194000, "incomeBeforeTax": 1995386000, "incomeBeforeTaxRatio": 0.2703305103, "incomeTaxExpense": 678200000, "netIncome": 1317186000, "netIncomeRatio": 0.1784494647, "eps": 4.97, "epsdiluted": 4.92, "weightedAverageShsOut": 264714000, "weightedAverageShsOutDil": 267590000, "link": "https://www.sec.gov/Archives/edgar/data/39899/000119312505038875/0001193125-05-038875-index.htm", "finalLink": "https://www.sec.gov/Archives/edgar/data/39899/000119312505038875/d10k.htm", "calculatedOtherExpenses": 244021000, "calculatedOperatingExpenses": 1412169000, "calculatedNetInterest": -168487000, "calculatedOtherIncome": 16194000, "calculatedIncomeNonControlling": 0, "calculatedEbitda": 2391700000}, {"date": "2003-12-28", "symbol": "TGNA", "reportedCurrency": "USD", "cik": "0000039899", "fillingDate": "2004-03-12", "acceptedDate": "2004-03-12 09:26:21", "calendarYear": "2003", "period": "FY", "revenue": 6711115000, "costOfRevenue": 3453769000, "grossProfit": 3257346000, "grossProfitRatio": 0.4853658446, "researchAndDevelopmentExpenses": 0, "generalAndAdministrativeExpenses": 0, "sellingAndMarketingExpenses": 0, "sellingGeneralAndAdministrativeExpenses": 1044796000, "otherExpenses": 231532000, "operatingExpenses": 1276328000, "costAndExpenses": 4730097000, "interestIncome": 0, "interestExpense": 147346000, "depreciationAndAmortization": 231532000, "ebitda": 2219191000, "ebitdaratio": 0.330673964, "operatingIncome": 1981018000, "operatingIncomeRatio": 0.2951846303, "totalOtherIncomeExpensesNet": -6641000, "incomeBeforeTax": 1840313000, "incomeBeforeTaxRatio": 0.2742186656, "incomeTaxExpense": 629100000, "netIncome": 1211213000, "netIncomeRatio": 0.1804786537, "eps": 4.49, "epsdiluted": 4.46, "weightedAverageShsOut": 269559000, "weightedAverageShsOutDil": 271872000, "link": "https://www.sec.gov/Archives/edgar/data/39899/000095013304000855/0000950133-04-000855-index.htm", "finalLink": "https://www.sec.gov/Archives/edgar/data/39899/000095013304000855/w94831e10vk.htm", "calculatedOtherExpenses": 231532000, "calculatedOperatingExpenses": 1276328000, "calculatedNetInterest": -147346000, "calculatedOtherIncome": 6641000, "calculatedIncomeNonControlling": 0, "calculatedEbitda": 2212550000}, {"date": "2002-12-29", "symbol": "TGNA", "reportedCurrency": "USD", "cik": "0000039899", "fillingDate": "2003-03-18", "acceptedDate": "2003-03-18 13:35:04", "calendarYear": "2002", "period": "FY", "revenue": 6422249000, "costOfRevenue": 3254003000, "grossProfit": 3168246000, "grossProfitRatio": 0.4933234448, "researchAndDevelopmentExpenses": 0, "generalAndAdministrativeExpenses": 0, "sellingAndMarketingExpenses": 0, "sellingGeneralAndAdministrativeExpenses": 1019493000, "otherExpenses": 222444000, "operatingExpenses": 1241937000, "costAndExpenses": 4495940000, "interestIncome": 0, "interestExpense": 180651000, "depreciationAndAmortization": 222444000, "ebitda": 2167623000, "ebitdaratio": 0.337517745, "operatingIncome": 1926309000, "operatingIncomeRatio": 0.2999430573, "totalOtherIncomeExpensesNet": -18870000, "incomeBeforeTax": 1764528000, "incomeBeforeTaxRatio": 0.2747523492, "incomeTaxExpense": 604400000, "netIncome": 1160128000, "netIncomeRatio": 0.180642015, "eps": 4.35, "epsdiluted": 4.31, "weightedAverageShsOut": 266696092, "weightedAverageShsOutDil": 269171230, "link": "https://www.sec.gov/Archives/edgar/data/39899/000095013303000812/0000950133-03-000812-index.htm", "finalLink": "https://www.sec.gov/Archives/edgar/data/39899/000095013303000812/w83892e10vk.htm", "calculatedOtherExpenses": 222444000, "calculatedOperatingExpenses": 1241937000, "calculatedNetInterest": -180651000, "calculatedOtherIncome": 18870000, "calculatedIncomeNonControlling": 0, "calculatedEbitda": 2148753000}, {"date": "2001-12-30", "symbol": "TGNA", "reportedCurrency": "USD", "cik": "0000039899", "fillingDate": "2002-03-22", "acceptedDate": "2002-03-22 00:00:00", "calendarYear": "2001", "period": "FY", "revenue": 6344245000, "costOfRevenue": 3320161000, "grossProfit": 3024084000, "grossProfitRatio": 0.4766657025, "researchAndDevelopmentExpenses": 0, "generalAndAdministrativeExpenses": 0, "sellingAndMarketingExpenses": 0, "sellingGeneralAndAdministrativeExpenses": 990472000, "otherExpenses": 443777000, "operatingExpenses": 1434249000, "costAndExpenses": 4754410000, "interestIncome": 0, "interestExpense": 221298000, "depreciationAndAmortization": 443777000, "ebitda": 2035672000, "ebitdaratio": 0.3208690711, "operatingIncome": 1589835000, "operatingIncomeRatio": 0.2505948304, "totalOtherIncomeExpensesNet": -2060000, "incomeBeforeTax": 1370597000, "incomeBeforeTaxRatio": 0.2160378422, "incomeTaxExpense": 539400000, "netIncome": 831197000, "netIncomeRatio": 0.131015905, "eps": 3.05, "epsdiluted": 3.03, "weightedAverageShsOut": 264821000, "weightedAverageShsOutDil": 266833000, "link": "https://www.sec.gov/Archives/edgar/data/39899/000003989902000002/0000039899-02-000002-index.htm", "finalLink": "https://www.sec.gov/Archives/edgar/data/39899/000003989902000002/front_section.txt", "calculatedOtherExpenses": 443777000, "calculatedOperatingExpenses": 1434249000, "calculatedNetInterest": -221298000, "calculatedOtherIncome": 2060000, "calculatedIncomeNonControlling": 0, "calculatedEbitda": 2033612000}, {"date": "2000-12-31", "symbol": "TGNA", "reportedCurrency": "USD", "cik": "0000039899", "fillingDate": "2001-03-27", "acceptedDate": "2001-03-27 00:00:00", "calendarYear": "2000", "period": "FY", "revenue": 6222318000, "costOfRevenue": 3057252000, "grossProfit": 3165066000, "grossProfitRatio": 0.5086634916, "researchAndDevelopmentExpenses": 0, "generalAndAdministrativeExpenses": 0, "sellingAndMarketingExpenses": 0, "sellingGeneralAndAdministrativeExpenses": 971895000, "otherExpenses": 375915000, "operatingExpenses": 1347810000, "costAndExpenses": 4405062000, "interestIncome": 0, "interestExpense": -522324000, "depreciationAndAmortization": 375915000, "ebitda": 2209568000, "ebitdaratio": 0.3551036768, "operatingIncome": 1817256000, "operatingIncomeRatio": 0.2920545044, "totalOtherIncomeExpensesNet": -16397000, "incomeBeforeTax": 1608840000, "incomeBeforeTaxRatio": 0.2585595915, "incomeTaxExpense": 636900000, "netIncome": 1719077000, "netIncomeRatio": 0.2762759795, "eps": 6.45, "epsdiluted": 6.41, "weightedAverageShsOut": 266426000, "weightedAverageShsOutDil": 268118000, "link": "https://www.sec.gov/Archives/edgar/data/39899/000003989901500005/0000039899-01-500005-index.htm", "finalLink": "https://www.sec.gov/Archives/edgar/data/39899/000003989901500005/front_section.txt", "calculatedOtherExpenses": 375915000, "calculatedOperatingExpenses": 1347810000, "calculatedNetInterest": 522324000, "calculatedOtherIncome": -730740000, "calculatedIncomeNonControlling": -747137000, "calculatedEbitda": 2193171000}, {"date": "1999-12-26", "symbol": "TGNA", "reportedCurrency": "USD", "cik": "0000039899", "fillingDate": "2000-03-17", "acceptedDate": "2000-03-17 00:00:00", "calendarYear": "1999", "period": "FY", "revenue": 5260200000, "costOfRevenue": 2608500000, "grossProfit": 2651700000, "grossProfitRatio": 0.5041063077, "researchAndDevelopmentExpenses": 0, "generalAndAdministrativeExpenses": 0, "sellingAndMarketingExpenses": 0, "sellingGeneralAndAdministrativeExpenses": 808500000, "otherExpenses": 280100000, "operatingExpenses": 1088600000, "costAndExpenses": 3697100000, "interestIncome": 0, "interestExpense": -55600000, "depreciationAndAmortization": 280100000, "ebitda": 1790200000, "ebitdaratio": 0.340329265, "operatingIncome": 1563100000, "operatingIncomeRatio": 0.2971560017, "totalOtherIncomeExpensesNet": 53000000, "incomeBeforeTax": 1527200000, "incomeBeforeTaxRatio": 0.2903311661, "incomeTaxExpense": 607800000, "netIncome": 957900000, "netIncomeRatio": 0.1821033421, "eps": 3.43, "epsdiluted": 3.4, "weightedAverageShsOut": 279271137, "weightedAverageShsOutDil": 281735294, "link": "https://www.sec.gov/Archives/edgar/data/39899/000003989900000006/0000039899-00-000006-index.html", "finalLink": "https://www.sec.gov/Archives/edgar/data/39899/000003989900000006/", "calculatedOtherExpenses": 280100000, "calculatedOperatingExpenses": 1088600000, "calculatedNetInterest": 55600000, "calculatedOtherIncome": -91500000, "calculatedIncomeNonControlling": -38500000, "calculatedEbitda": 1843200000}, {"date": "1998-12-27", "symbol": "TGNA", "reportedCurrency": "USD", "cik": "0000039899", "fillingDate": "1999-03-22", "acceptedDate": "1999-03-22 00:00:00", "calendarYear": "1998", "period": "FY", "revenue": 5121300000, "costOfRevenue": 2594000000, "grossProfit": 2527300000, "grossProfitRatio": 0.4934879816, "researchAndDevelopmentExpenses": 0, "generalAndAdministrativeExpenses": 0, "sellingAndMarketingExpenses": 0, "sellingGeneralAndAdministrativeExpenses": 773600000, "otherExpenses": 310200000, "operatingExpenses": 1083800000, "costAndExpenses": 3677800000, "interestIncome": 0, "interestExpense": -531200000, "depreciationAndAmortization": 310200000, "ebitda": 1448400000, "ebitdaratio": 0.2828188155, "operatingIncome": 1443500000, "operatingIncomeRatio": 0.2818620272, "totalOtherIncomeExpensesNet": 305300000, "incomeBeforeTax": 1669400000, "incomeBeforeTaxRatio": 0.3259719212, "incomeTaxExpense": 669500000, "netIncome": 999900000, "netIncomeRatio": 0.1952433952, "eps": 3.53, "epsdiluted": 3.5, "weightedAverageShsOut": 283257790, "weightedAverageShsOutDil": 285685714, "link": "https://www.sec.gov/Archives/edgar/data/39899/000003989999000011/0000039899-99-000011-index.html", "finalLink": "https://www.sec.gov/Archives/edgar/data/39899/", "calculatedOtherExpenses": 310200000, "calculatedOperatingExpenses": 1083800000, "calculatedNetInterest": 531200000, "calculatedOtherIncome": -305300000, "calculatedIncomeNonControlling": 0, "calculatedEbitda": 1753700000}, {"date": "1997-12-28", "symbol": "TGNA", "reportedCurrency": "USD", "cik": "0000039899", "fillingDate": "1998-03-23", "acceptedDate": "1998-03-23 00:00:00", "calendarYear": "1997", "period": "FY", "revenue": 4729500000, "costOfRevenue": 2368600000, "grossProfit": 2360900000, "grossProfitRatio": 0.4991859605, "researchAndDevelopmentExpenses": 0, "generalAndAdministrativeExpenses": 0, "sellingAndMarketingExpenses": 0, "sellingGeneralAndAdministrativeExpenses": 743600000, "otherExpenses": 301100000, "operatingExpenses": 1044700000, "costAndExpenses": 3413300000, "interestIncome": 0, "interestExpense": 116200000, "depreciationAndAmortization": 301100000, "ebitda": 1626300000, "ebitdaratio": 0.3438629876, "operatingIncome": 1316200000, "operatingIncomeRatio": 0.2782958029, "totalOtherIncomeExpensesNet": -9000000, "incomeBeforeTax": 1209000000, "incomeBeforeTaxRatio": 0.2556295592, "incomeTaxExpense": 496300000, "netIncome": 712700000, "netIncomeRatio": 0.1506924622, "eps": 2.52, "epsdiluted": 2.5, "weightedAverageShsOut": 282817460, "weightedAverageShsOutDil": 285080000, "link": "https://www.sec.gov/Archives/edgar/data/39899/000003989998000002/0000039899-98-000002-index.html", "finalLink": "https://www.sec.gov/Archives/edgar/data/39899/", "calculatedOtherExpenses": 301100000, "calculatedOperatingExpenses": 1044700000, "calculatedNetInterest": -116200000, "calculatedOtherIncome": 9000000, "calculatedIncomeNonControlling": 0, "calculatedEbitda": 1617300000}, {"date": "1996-12-29", "symbol": "TGNA", "reportedCurrency": "USD", "cik": "0000039899", "fillingDate": "1997-03-21", "acceptedDate": "1997-03-21 00:00:00", "calendarYear": "1996", "period": "FY", "revenue": 4421100000, "costOfRevenue": 2367800000, "grossProfit": 2053300000, "grossProfitRatio": 0.4644319287, "researchAndDevelopmentExpenses": 0, "generalAndAdministrativeExpenses": 0, "sellingAndMarketingExpenses": 0, "sellingGeneralAndAdministrativeExpenses": 699500000, "otherExpenses": 287400000, "operatingExpenses": 986900000, "costAndExpenses": 3354700000, "interestIncome": 0, "interestExpense": -495200000, "depreciationAndAmortization": 287400000, "ebitda": 1198000000, "ebitdaratio": 0.2709732872, "operatingIncome": 1066400000, "operatingIncomeRatio": 0.2412069394, "totalOtherIncomeExpensesNet": 155800000, "incomeBeforeTax": 1086700000, "incomeBeforeTaxRatio": 0.2457985569, "incomeTaxExpense": 462700000, "netIncome": 943100000, "netIncomeRatio": 0.2133179525, "eps": 3.35, "epsdiluted": 3.33, "weightedAverageShsOut": 281522388, "weightedAverageShsOutDil": 283213213, "link": "https://www.sec.gov/Archives/edgar/data/39899/000003989997000009/0000039899-97-000009-index.html", "finalLink": "https://www.sec.gov/Archives/edgar/data/39899/", "calculatedOtherExpenses": 287400000, "calculatedOperatingExpenses": 986900000, "calculatedNetInterest": 495200000, "calculatedOtherIncome": -474900000, "calculatedIncomeNonControlling": -319100000, "calculatedEbitda": 1353800000}, {"date": "1995-12-31", "symbol": "TGNA", "reportedCurrency": "USD", "cik": "0000039899", "fillingDate": "1996-03-29", "acceptedDate": "1996-03-29 00:00:00", "calendarYear": "1995", "period": "FY", "revenue": 4006700000, "costOfRevenue": 2252500000, "grossProfit": 1754200000, "grossProfitRatio": 0.4378166571, "researchAndDevelopmentExpenses": 0, "generalAndAdministrativeExpenses": 0, "sellingAndMarketingExpenses": 0, "sellingGeneralAndAdministrativeExpenses": 692400000, "otherExpenses": 210000000, "operatingExpenses": 902400000, "costAndExpenses": 3154900000, "interestIncome": 0, "interestExpense": 44600000, "depreciationAndAmortization": 210000000, "ebitda": 1058100000, "ebitdaratio": 0.2640826615, "operatingIncome": 851800000, "operatingIncomeRatio": 0.2125939052, "totalOtherIncomeExpensesNet": 3700000, "incomeBeforeTax": 803500000, "incomeBeforeTaxRatio": 0.200539097, "incomeTaxExpense": 326200000, "netIncome": 477300000, "netIncomeRatio": 0.1191254648, "eps": 1.71, "epsdiluted": 1.71, "weightedAverageShsOut": 279941349, "weightedAverageShsOutDil": 279941349, "link": "https://www.sec.gov/Archives/edgar/data/39899/000003989996000003/0000039899-96-000003-index.html", "finalLink": "https://www.sec.gov/Archives/edgar/data/39899/", "calculatedOtherExpenses": 210000000, "calculatedOperatingExpenses": 902400000, "calculatedNetInterest": -44600000, "calculatedOtherIncome": -3700000, "calculatedIncomeNonControlling": 0, "calculatedEbitda": 1061800000}, {"date": "1994-12-25", "symbol": "TGNA", "reportedCurrency": "USD", "cik": "0000039899", "fillingDate": "1995-03-24", "acceptedDate": "1995-03-24 00:00:00", "calendarYear": "1994", "period": "FY", "revenue": 3824500000, "costOfRevenue": 2106800000, "grossProfit": 1717700000, "grossProfitRatio": 0.4491306053, "researchAndDevelopmentExpenses": 0, "generalAndAdministrativeExpenses": 0, "sellingAndMarketingExpenses": 0, "sellingGeneralAndAdministrativeExpenses": 696100000, "otherExpenses": 208800000, "operatingExpenses": 904900000, "costAndExpenses": 3011700000, "interestIncome": 0, "interestExpense": 15800000, "depreciationAndAmortization": 208800000, "ebitda": 1006700000, "ebitdaratio": 0.2632239508, "operatingIncome": 812800000, "operatingIncomeRatio": 0.212524513, "totalOtherIncomeExpensesNet": 14900000, "incomeBeforeTax": 782100000, "incomeBeforeTaxRatio": 0.2044973199, "incomeTaxExpense": 316700000, "netIncome": 465400000, "netIncomeRatio": 0.1216891097, "eps": 1.62, "epsdiluted": 1.62, "weightedAverageShsOut": 288173375, "weightedAverageShsOutDil": 289908257, "link": "https://www.sec.gov/Archives/edgar/data/39899/000003989995000004/0000039899-95-000004-index.html", "finalLink": "https://www.sec.gov/Archives/edgar/data/39899/", "calculatedOtherExpenses": 208800000, "calculatedOperatingExpenses": 904900000, "calculatedNetInterest": -15800000, "calculatedOtherIncome": -14900000, "calculatedIncomeNonControlling": 0, "calculatedEbitda": 1021600000}, {"date": "1993-12-26", "symbol": "TGNA", "reportedCurrency": "USD", "cik": "0000039899", "fillingDate": "1994-03-22", "acceptedDate": "1994-03-22 00:00:00", "calendarYear": "1993", "period": "FY", "revenue": 3641600000, "costOfRevenue": 2067200000, "grossProfit": 1574400000, "grossProfitRatio": 0.4323374341, "researchAndDevelopmentExpenses": 0, "generalAndAdministrativeExpenses": 0, "sellingAndMarketingExpenses": 0, "sellingGeneralAndAdministrativeExpenses": 650400000, "otherExpenses": 209600000, "operatingExpenses": 860000000, "costAndExpenses": 2927200000, "interestIncome": 0, "interestExpense": 40500000, "depreciationAndAmortization": 209600000, "ebitda": 918600000, "ebitdaratio": 0.2522517575, "operatingIncome": 714400000, "operatingIncomeRatio": 0.1961775044, "totalOtherIncomeExpensesNet": 5400000, "incomeBeforeTax": 668500000, "incomeBeforeTaxRatio": 0.1835731547, "incomeTaxExpense": 270700000, "netIncome": 397800000, "netIncomeRatio": 0.1092376977, "eps": 1.36, "epsdiluted": 1.35, "weightedAverageShsOut": 292500000, "weightedAverageShsOutDil": 294666667, "link": "https://www.sec.gov/Archives/edgar/data/39899/000003989994000003/0000039899-94-000003-index.html", "finalLink": "https://www.sec.gov/Archives/edgar/data/39899/", "calculatedOtherExpenses": 209600000, "calculatedOperatingExpenses": 860000000, "calculatedNetInterest": -40500000, "calculatedOtherIncome": -5400000, "calculatedIncomeNonControlling": 0, "calculatedEbitda": 924000000}, {"date": "1992-12-31", "symbol": "TGNA", "reportedCurrency": "USD", "cik": "0000039899", "fillingDate": "1992-12-31", "acceptedDate": "1992-12-31 00:00:00", "calendarYear": "1992", "period": "FY", "revenue": 3469000000, "costOfRevenue": 2024600000, "grossProfit": 1444400000, "grossProfitRatio": 0.4163735947, "researchAndDevelopmentExpenses": 0, "generalAndAdministrativeExpenses": 0, "sellingAndMarketingExpenses": 0, "sellingGeneralAndAdministrativeExpenses": 629200000, "otherExpenses": 197900000, "operatingExpenses": 827100000, "costAndExpenses": 2851700000, "interestIncome": 0, "interestExpense": 181200000, "depreciationAndAmortization": 197900000, "ebitda": 807400000, "ebitdaratio": 0.2327471894, "operatingIncome": 617300000, "operatingIncomeRatio": 0.1779475353, "totalOtherIncomeExpensesNet": 7800000, "incomeBeforeTax": 574300000, "incomeBeforeTaxRatio": 0.1655520323, "incomeTaxExpense": 228600000, "netIncome": 199700000, "netIncomeRatio": 0.0575670222, "eps": 0.69, "epsdiluted": 0.69, "weightedAverageShsOut": 289420290, "weightedAverageShsOutDil": 289420290, "link": null, "finalLink": null, "calculatedOtherExpenses": 197900000, "calculatedOperatingExpenses": 827100000, "calculatedNetInterest": -181200000, "calculatedOtherIncome": 138200000, "calculatedIncomeNonControlling": 146000000, "calculatedEbitda": 815200000}, {"date": "1991-12-31", "symbol": "TGNA", "reportedCurrency": "USD", "cik": "0000039899", "fillingDate": "1991-12-31", "acceptedDate": "1991-12-31 00:00:00", "calendarYear": "1991", "period": "FY", "revenue": 3382000000, "costOfRevenue": 2022400000, "grossProfit": 1359600000, "grossProfitRatio": 0.4020106446, "researchAndDevelopmentExpenses": 0, "generalAndAdministrativeExpenses": 0, "sellingAndMarketingExpenses": 0, "sellingGeneralAndAdministrativeExpenses": 600900000, "otherExpenses": 199800000, "operatingExpenses": 800700000, "costAndExpenses": 2823100000, "interestIncome": 0, "interestExpense": 41300000, "depreciationAndAmortization": 199800000, "ebitda": 743800000, "ebitdaratio": 0.2199290361, "operatingIncome": 558900000, "operatingIncomeRatio": 0.1652572442, "totalOtherIncomeExpensesNet": 14900000, "incomeBeforeTax": 502700000, "incomeBeforeTaxRatio": 0.1486398581, "incomeTaxExpense": 201100000, "netIncome": 301600000, "netIncomeRatio": 0.0891780012, "eps": 0.97, "epsdiluted": 0.96, "weightedAverageShsOut": 310927835, "weightedAverageShsOutDil": 314166667, "link": null, "finalLink": null, "calculatedOtherExpenses": 199800000, "calculatedOperatingExpenses": 800700000, "calculatedNetInterest": -41300000, "calculatedOtherIncome": -14900000, "calculatedIncomeNonControlling": 0, "calculatedEbitda": 758700000}, {"date": "1990-12-31", "symbol": "TGNA", "reportedCurrency": "USD", "cik": "0000039899", "fillingDate": "1990-12-31", "acceptedDate": "1990-12-31 00:00:00", "calendarYear": "1990", "period": "FY", "revenue": 3441600000, "costOfRevenue": 1983600000, "grossProfit": 1458000000, "grossProfitRatio": 0.4236401674, "researchAndDevelopmentExpenses": 0, "generalAndAdministrativeExpenses": 0, "sellingAndMarketingExpenses": 0, "sellingGeneralAndAdministrativeExpenses": 585200000, "otherExpenses": 194000000, "operatingExpenses": 779200000, "costAndExpenses": 2762800000, "interestIncome": 0, "interestExpense": 50100000, "depreciationAndAmortization": 194000000, "ebitda": 862100000, "ebitdaratio": 0.2504939563, "operatingIncome": 678800000, "operatingIncomeRatio": 0.1972338447, "totalOtherIncomeExpensesNet": 10700000, "incomeBeforeTax": 618000000, "incomeBeforeTaxRatio": 0.179567643, "incomeTaxExpense": 241000000, "netIncome": 377000000, "netIncomeRatio": 0.1095420735, "eps": 1.11, "epsdiluted": 1.1, "weightedAverageShsOut": 339639640, "weightedAverageShsOutDil": 342727273, "link": null, "finalLink": null, "calculatedOtherExpenses": 194000000, "calculatedOperatingExpenses": 779200000, "calculatedNetInterest": -50100000, "calculatedOtherIncome": -10700000, "calculatedIncomeNonControlling": 0, "calculatedEbitda": 872800000}, {"date": "1989-12-31", "symbol": "TGNA", "reportedCurrency": "USD", "cik": "0000039899", "fillingDate": "1989-12-31", "acceptedDate": "1989-12-31 00:00:00", "calendarYear": "1989", "period": "FY", "revenue": 3518200000, "costOfRevenue": 1991800000, "grossProfit": 1526400000, "grossProfitRatio": 0.433858223, "researchAndDevelopmentExpenses": 0, "generalAndAdministrativeExpenses": 0, "sellingAndMarketingExpenses": 0, "sellingGeneralAndAdministrativeExpenses": 579800000, "otherExpenses": 190100000, "operatingExpenses": 769900000, "costAndExpenses": 2761700000, "interestIncome": 0, "interestExpense": 127400000, "depreciationAndAmortization": 190100000, "ebitda": 965000000, "ebitdaratio": 0.2742879882, "operatingIncome": 756500000, "operatingIncomeRatio": 0.2150247286, "totalOtherIncomeExpensesNet": -18400000, "incomeBeforeTax": 647500000, "incomeBeforeTaxRatio": 0.1840429765, "incomeTaxExpense": 250000000, "netIncome": 397500000, "netIncomeRatio": 0.1129839122, "eps": 1.16, "epsdiluted": 1.16, "weightedAverageShsOut": 342672414, "weightedAverageShsOutDil": 342672414, "link": null, "finalLink": null, "calculatedOtherExpenses": 190100000, "calculatedOperatingExpenses": 769900000, "calculatedNetInterest": -127400000, "calculatedOtherIncome": 18400000, "calculatedIncomeNonControlling": 0, "calculatedEbitda": 946600000}, {"date": "1988-12-31", "symbol": "TGNA", "reportedCurrency": "USD", "cik": "0000039899", "fillingDate": "1988-12-31", "acceptedDate": "1988-12-31 00:00:00", "calendarYear": "1988", "period": "FY", "revenue": 3314500000, "costOfRevenue": 1886000000, "grossProfit": 1428500000, "grossProfitRatio": 0.4309850656, "researchAndDevelopmentExpenses": 0, "generalAndAdministrativeExpenses": 0, "sellingAndMarketingExpenses": 0, "sellingGeneralAndAdministrativeExpenses": 563600000, "otherExpenses": 177200000, "operatingExpenses": 740800000, "costAndExpenses": 2626800000, "interestIncome": 0, "interestExpense": 71900000, "depreciationAndAmortization": 177200000, "ebitda": 856600000, "ebitdaratio": 0.2584401871, "operatingIncome": 687700000, "operatingIncomeRatio": 0.2074822749, "totalOtherIncomeExpensesNet": 8300000, "incomeBeforeTax": 607500000, "incomeBeforeTaxRatio": 0.1832855634, "incomeTaxExpense": 243000000, "netIncome": 364500000, "netIncomeRatio": 0.1099713381, "eps": 1.05, "epsdiluted": 1.05, "weightedAverageShsOut": 347142857, "weightedAverageShsOutDil": 347142857, "link": null, "finalLink": null, "calculatedOtherExpenses": 177200000, "calculatedOperatingExpenses": 740800000, "calculatedNetInterest": -71900000, "calculatedOtherIncome": -8300000, "calculatedIncomeNonControlling": 0, "calculatedEbitda": 864900000}, {"date": "1987-12-31", "symbol": "TGNA", "reportedCurrency": "USD", "cik": "0000039899", "fillingDate": "1987-12-31", "acceptedDate": "1987-12-31 00:00:00", "calendarYear": "1987", "period": "FY", "revenue": 3079400000, "costOfRevenue": 1717500000, "grossProfit": 1361900000, "grossProfitRatio": 0.4422614795, "researchAndDevelopmentExpenses": 0, "generalAndAdministrativeExpenses": 0, "sellingAndMarketingExpenses": 0, "sellingGeneralAndAdministrativeExpenses": 539800000, "otherExpenses": 161100000, "operatingExpenses": 700900000, "costAndExpenses": 2418400000, "interestIncome": 0, "interestExpense": 55600000, "depreciationAndAmortization": 161100000, "ebitda": 807100000, "ebitdaratio": 0.2620965123, "operatingIncome": 661000000, "operatingIncomeRatio": 0.214652205, "totalOtherIncomeExpensesNet": 15000000, "incomeBeforeTax": 590400000, "incomeBeforeTaxRatio": 0.1917256608, "incomeTaxExpense": 271000000, "netIncome": 319400000, "netIncomeRatio": 0.1037215042, "eps": 0.99, "epsdiluted": 0.99, "weightedAverageShsOut": 322626263, "weightedAverageShsOutDil": 322626263, "link": null, "finalLink": null, "calculatedOtherExpenses": 161100000, "calculatedOperatingExpenses": 700900000, "calculatedNetInterest": -55600000, "calculatedOtherIncome": -15000000, "calculatedIncomeNonControlling": 0, "calculatedEbitda": 822100000}, {"date": "1986-12-31", "symbol": "TGNA", "reportedCurrency": "USD", "cik": "0000039899", "fillingDate": "1986-12-31", "acceptedDate": "1986-12-31 00:00:00", "calendarYear": "1986", "period": "FY", "revenue": 2801500000, "costOfRevenue": 1564500000, "grossProfit": 1237000000, "grossProfitRatio": 0.4415491701, "researchAndDevelopmentExpenses": 0, "generalAndAdministrativeExpenses": 0, "sellingAndMarketingExpenses": 0, "sellingGeneralAndAdministrativeExpenses": 497200000, "otherExpenses": 143200000, "operatingExpenses": 640400000, "costAndExpenses": 2204900000, "interestIncome": 0, "interestExpense": 33300000, "depreciationAndAmortization": 143200000, "ebitda": 716700000, "ebitdaratio": 0.2558272354, "operatingIncome": 596600000, "operatingIncomeRatio": 0.2129573443, "totalOtherIncomeExpensesNet": 23100000, "incomeBeforeTax": 540200000, "incomeBeforeTaxRatio": 0.1928252722, "incomeTaxExpense": 263800000, "netIncome": 276400000, "netIncomeRatio": 0.0986614314, "eps": 0.86, "epsdiluted": 0.86, "weightedAverageShsOut": 321395349, "weightedAverageShsOutDil": 321395349, "link": null, "finalLink": null, "calculatedOtherExpenses": 143200000, "calculatedOperatingExpenses": 640400000, "calculatedNetInterest": -33300000, "calculatedOtherIncome": -23100000, "calculatedIncomeNonControlling": 0, "calculatedEbitda": 739800000}, {"date": "1985-12-31", "symbol": "TGNA", "reportedCurrency": "USD", "cik": "0000039899", "fillingDate": "1985-12-31", "acceptedDate": "1985-12-31 00:00:00", "calendarYear": "1985", "period": "FY", "revenue": 2209400000, "costOfRevenue": 1231200000, "grossProfit": 978200000, "grossProfitRatio": 0.4427446366, "researchAndDevelopmentExpenses": 0, "generalAndAdministrativeExpenses": 0, "sellingAndMarketingExpenses": 0, "sellingGeneralAndAdministrativeExpenses": 370200000, "otherExpenses": 103500000, "operatingExpenses": 473700000, "costAndExpenses": 1704900000, "interestIncome": 0, "interestExpense": 13500000, "depreciationAndAmortization": 103500000, "ebitda": 601800000, "ebitdaratio": 0.2723816421, "operatingIncome": 504500000, "operatingIncomeRatio": 0.2283425364, "totalOtherIncomeExpensesNet": 6200000, "incomeBeforeTax": 484800000, "incomeBeforeTaxRatio": 0.2194260885, "incomeTaxExpense": 231500000, "netIncome": 253300000, "netIncomeRatio": 0.1146465104, "eps": 0.79, "epsdiluted": 0.79, "weightedAverageShsOut": 320632911, "weightedAverageShsOutDil": 320632911, "link": null, "finalLink": null, "calculatedOtherExpenses": 103500000, "calculatedOperatingExpenses": 473700000, "calculatedNetInterest": -13500000, "calculatedOtherIncome": -6200000, "calculatedIncomeNonControlling": 0, "calculatedEbitda": 608000000}, {"date": "1984-12-30", "symbol": "TGNA", "reportedCurrency": "USD", "cik": "0000039899", "fillingDate": "1984-12-30", "acceptedDate": "1984-12-29 19:00:00", "calendarYear": "1984", "period": "FY", "revenue": 1960200000, "costOfRevenue": 1102000000, "grossProfit": 858200000, "grossProfitRatio": 0.4378124681, "researchAndDevelopmentExpenses": 0, "generalAndAdministrativeExpenses": 321100000, "sellingAndMarketingExpenses": 0, "sellingGeneralAndAdministrativeExpenses": 321100000, "otherExpenses": 90499999, "operatingExpenses": 411599999, "costAndExpenses": 1513600000, "interestIncome": 0, "interestExpense": -24200000, "depreciationAndAmortization": 90500000, "ebitda": 497100000, "ebitdaratio": 0.2535965718, "operatingIncome": 406600000, "operatingIncomeRatio": 0.2074278135, "totalOtherIncomeExpensesNet": 24200000, "incomeBeforeTax": 430800000, "incomeBeforeTaxRatio": 0.2197734925, "incomeTaxExpense": 206900000, "netIncome": 223900000, "netIncomeRatio": 0.1142230385, "eps": 0.7, "epsdiluted": 0.7, "weightedAverageShsOut": 320400000, "weightedAverageShsOutDil": 320400000, "link": "", "finalLink": "", "calculatedOtherExpenses": 130500000, "calculatedOperatingExpenses": 451600000, "calculatedNetInterest": 24200000, "calculatedOtherIncome": 0, "calculatedIncomeNonControlling": 0, "calculatedEbitda": 497100000}, {"date": "1983-12-25", "symbol": "TGNA", "reportedCurrency": "USD", "cik": "0000039899", "fillingDate": "1983-12-25", "acceptedDate": "1983-12-24 19:00:00", "calendarYear": "1983", "period": "FY", "revenue": 1703600000, "costOfRevenue": 950300000, "grossProfit": 753300000, "grossProfitRatio": 0.4421812632, "researchAndDevelopmentExpenses": 0, "generalAndAdministrativeExpenses": 296300000, "sellingAndMarketingExpenses": 0, "sellingGeneralAndAdministrativeExpenses": 296300000, "otherExpenses": 81400000, "operatingExpenses": 377700000, "costAndExpenses": 1328000000, "interestIncome": 0, "interestExpense": -26300000, "depreciationAndAmortization": -33700000, "ebitda": 342000000, "ebitdaratio": 0.2007513501, "operatingIncome": 375700000, "operatingIncomeRatio": 0.220532989, "totalOtherIncomeExpensesNet": -7400000, "incomeBeforeTax": 368300000, "incomeBeforeTaxRatio": 0.2161892463, "incomeTaxExpense": 176600000, "netIncome": 191700000, "netIncomeRatio": 0.1125264147, "eps": 0.6, "epsdiluted": 0.6, "weightedAverageShsOut": 319900000, "weightedAverageShsOutDil": 319900000, "link": "", "finalLink": "", "calculatedOtherExpenses": 81300000, "calculatedOperatingExpenses": 377600000, "calculatedNetInterest": 26300000, "calculatedOtherIncome": -33700000, "calculatedIncomeNonControlling": 0, "calculatedEbitda": 342000000}]}