{"originalCurrency": "USD", "convertedCurrency": "USD", "report": [{"date": "2024-02-03", "symbol": "TGT", "reportedCurrency": "USD", "cik": "0000027419", "fillingDate": "2024-03-13", "acceptedDate": "2024-03-13 17:04:51", "calendarYear": "2023", "period": "FY", "revenue": 107412000000, "costOfRevenue": 80151000000, "grossProfit": 27261000000, "grossProfitRatio": 0.2537984583, "researchAndDevelopmentExpenses": 0, "generalAndAdministrativeExpenses": 20052000000, "sellingAndMarketingExpenses": 1400000000, "sellingGeneralAndAdministrativeExpenses": 21452000000, "otherExpenses": 92000000, "operatingExpenses": 21452000000, "costAndExpenses": 101603000000, "interestIncome": 0, "interestExpense": 526000000, "depreciationAndAmortization": 2801000000, "ebitda": 8610000000, "ebitdaratio": 0.0801586415, "operatingIncome": 5809000000, "operatingIncomeRatio": 0.0540814807, "totalOtherIncomeExpensesNet": -512000000, "incomeBeforeTax": 5297000000, "incomeBeforeTaxRatio": 0.0493147879, "incomeTaxExpense": 1159000000, "netIncome": 4138000000, "netIncomeRatio": 0.0385245596, "eps": 8.97, "epsdiluted": 8.94, "weightedAverageShsOut": 461500000, "weightedAverageShsOutDil": 462800000, "link": "https://www.sec.gov/Archives/edgar/data/27419/000002741924000032/0000027419-24-000032-index.htm", "finalLink": "https://www.sec.gov/Archives/edgar/data/27419/000002741924000032/tgt-20240203.htm", "calculatedOtherExpenses": 0, "calculatedOperatingExpenses": 21452000000, "calculatedNetInterest": -526000000, "calculatedOtherIncome": 14000000, "calculatedIncomeNonControlling": 0, "calculatedEbitda": 8610000000}, {"date": "2023-01-28", "symbol": "TGT", "reportedCurrency": "USD", "cik": "0000027419", "fillingDate": "2023-03-08", "acceptedDate": "2023-03-08 16:04:18", "calendarYear": "2022", "period": "FY", "revenue": 109120000000, "costOfRevenue": 82229000000, "grossProfit": 26891000000, "grossProfitRatio": 0.2464351173, "researchAndDevelopmentExpenses": 0, "generalAndAdministrativeExpenses": 19158000000, "sellingAndMarketingExpenses": 1500000000, "sellingGeneralAndAdministrativeExpenses": 20658000000, "otherExpenses": 2385000000, "operatingExpenses": 23043000000, "costAndExpenses": 105272000000, "interestIncome": 478000000, "interestExpense": 478000000, "depreciationAndAmortization": 2748000000, "ebitda": 6596000000, "ebitdaratio": 0.0604472141, "operatingIncome": 3848000000, "operatingIncomeRatio": 0.0352639296, "totalOtherIncomeExpensesNet": -430000000, "incomeBeforeTax": 3418000000, "incomeBeforeTaxRatio": 0.0313233138, "incomeTaxExpense": 638000000, "netIncome": 2780000000, "netIncomeRatio": 0.0254765396, "eps": 6.02, "epsdiluted": 5.98, "weightedAverageShsOut": 462100000, "weightedAverageShsOutDil": 464700000, "link": "https://www.sec.gov/Archives/edgar/data/27419/000002741923000015/0000027419-23-000015-index.htm", "finalLink": "https://www.sec.gov/Archives/edgar/data/27419/000002741923000015/tgt-20230128.htm", "calculatedOtherExpenses": 2385000000, "calculatedOperatingExpenses": 23043000000, "calculatedNetInterest": 0, "calculatedOtherIncome": -430000000, "calculatedIncomeNonControlling": 0, "calculatedEbitda": 6596000000}, {"date": "2022-01-29", "symbol": "TGT", "reportedCurrency": "USD", "cik": "0000027419", "fillingDate": "2022-03-09", "acceptedDate": "2022-03-09 16:36:42", "calendarYear": "2021", "period": "FY", "revenue": 106005000000, "costOfRevenue": 74963000000, "grossProfit": 31042000000, "grossProfitRatio": 0.2928352436, "researchAndDevelopmentExpenses": 0, "generalAndAdministrativeExpenses": 18252000000, "sellingAndMarketingExpenses": 1500000000, "sellingGeneralAndAdministrativeExpenses": 19752000000, "otherExpenses": 2344000000, "operatingExpenses": 22096000000, "costAndExpenses": 97059000000, "interestIncome": 421000000, "interestExpense": 421000000, "depreciationAndAmortization": 3024000000, "ebitda": 11970000000, "ebitdaratio": 0.1129192019, "operatingIncome": 8946000000, "operatingIncomeRatio": 0.0843922456, "totalOtherIncomeExpensesNet": -39000000, "incomeBeforeTax": 8907000000, "incomeBeforeTaxRatio": 0.0840243385, "incomeTaxExpense": 1961000000, "netIncome": 6946000000, "netIncomeRatio": 0.0655252111, "eps": 14.23, "epsdiluted": 14.1, "weightedAverageShsOut": 488100000, "weightedAverageShsOutDil": 492700000, "link": "https://www.sec.gov/Archives/edgar/data/27419/000002741922000007/0000027419-22-000007-index.htm", "finalLink": "https://www.sec.gov/Archives/edgar/data/27419/000002741922000007/tgt-20220129.htm", "calculatedOtherExpenses": 2344000000, "calculatedOperatingExpenses": 22096000000, "calculatedNetInterest": 0, "calculatedOtherIncome": -39000000, "calculatedIncomeNonControlling": 0, "calculatedEbitda": 11970000000}, {"date": "2021-01-30", "symbol": "TGT", "reportedCurrency": "USD", "cik": "0000027419", "fillingDate": "2021-03-10", "acceptedDate": "2021-03-10 14:49:10", "calendarYear": "2020", "period": "FY", "revenue": 93561000000, "costOfRevenue": 66177000000, "grossProfit": 27384000000, "grossProfitRatio": 0.2926860551, "researchAndDevelopmentExpenses": 0, "generalAndAdministrativeExpenses": 17115000000, "sellingAndMarketingExpenses": 1500000000, "sellingGeneralAndAdministrativeExpenses": 18615000000, "otherExpenses": 2230000000, "operatingExpenses": 20845000000, "costAndExpenses": 87022000000, "interestIncome": 465000000, "interestExpense": 977000000, "depreciationAndAmortization": 2469000000, "ebitda": 9008000000, "ebitdaratio": 0.0962794327, "operatingIncome": 6539000000, "operatingIncomeRatio": 0.069890232, "totalOtherIncomeExpensesNet": -993000000, "incomeBeforeTax": 5546000000, "incomeBeforeTaxRatio": 0.0592768354, "incomeTaxExpense": 1178000000, "netIncome": 4368000000, "netIncomeRatio": 0.0466861192, "eps": 8.73, "epsdiluted": 8.64, "weightedAverageShsOut": 500600000, "weightedAverageShsOutDil": 505400000, "link": "https://www.sec.gov/Archives/edgar/data/27419/000002741921000010/0000027419-21-000010-index.htm", "finalLink": "https://www.sec.gov/Archives/edgar/data/27419/000002741921000010/tgt-20210130.htm", "calculatedOtherExpenses": 2230000000, "calculatedOperatingExpenses": 20845000000, "calculatedNetInterest": -512000000, "calculatedOtherIncome": -481000000, "calculatedIncomeNonControlling": 0, "calculatedEbitda": 9008000000}, {"date": "2020-02-01", "symbol": "TGT", "reportedCurrency": "USD", "cik": "0000027419", "fillingDate": "2020-03-11", "acceptedDate": "2020-03-11 16:14:26", "calendarYear": "2019", "period": "FY", "revenue": 78112000000, "costOfRevenue": 54864000000, "grossProfit": 23248000000, "grossProfitRatio": 0.2976239246, "researchAndDevelopmentExpenses": 0, "generalAndAdministrativeExpenses": 14633000000, "sellingAndMarketingExpenses": 1600000000, "sellingGeneralAndAdministrativeExpenses": 16233000000, "otherExpenses": 2357000000, "operatingExpenses": 18590000000, "costAndExpenses": 73454000000, "interestIncome": 467000000, "interestExpense": 477000000, "depreciationAndAmortization": 2613000000, "ebitda": 7271000000, "ebitdaratio": 0.0930842892, "operatingIncome": 4658000000, "operatingIncomeRatio": 0.0596323228, "totalOtherIncomeExpensesNet": -468000000, "incomeBeforeTax": 4190000000, "incomeBeforeTaxRatio": 0.0536409259, "incomeTaxExpense": 921000000, "netIncome": 3281000000, "netIncomeRatio": 0.0420037894, "eps": 6.42, "epsdiluted": 6.36, "weightedAverageShsOut": 510900000, "weightedAverageShsOutDil": 515600000, "link": "https://www.sec.gov/Archives/edgar/data/27419/000002741920000008/0000027419-20-000008-index.htm", "finalLink": "https://www.sec.gov/Archives/edgar/data/27419/000002741920000008/tgt-20200201.htm", "calculatedOtherExpenses": 2357000000, "calculatedOperatingExpenses": 18590000000, "calculatedNetInterest": -10000000, "calculatedOtherIncome": -458000000, "calculatedIncomeNonControlling": -12000000, "calculatedEbitda": 7271000000}, {"date": "2019-02-02", "symbol": "TGT", "reportedCurrency": "USD", "cik": "0000027419", "fillingDate": "2019-03-13", "acceptedDate": "2019-03-13 16:27:49", "calendarYear": "2018", "period": "FY", "revenue": 75356000000, "costOfRevenue": 53299000000, "grossProfit": 22057000000, "grossProfitRatio": 0.2927039652, "researchAndDevelopmentExpenses": 0, "generalAndAdministrativeExpenses": 15631000000, "sellingAndMarketingExpenses": 92000000, "sellingGeneralAndAdministrativeExpenses": 15723000000, "otherExpenses": 27000000, "operatingExpenses": 17947000000, "costAndExpenses": 71246000000, "interestIncome": 0, "interestExpense": 461000000, "depreciationAndAmortization": 2474000000, "ebitda": 6611000000, "ebitdaratio": 0.0877302405, "operatingIncome": 4110000000, "operatingIncomeRatio": 0.0545411115, "totalOtherIncomeExpensesNet": 27000000, "incomeBeforeTax": 3676000000, "incomeBeforeTaxRatio": 0.0487817825, "incomeTaxExpense": 746000000, "netIncome": 2937000000, "netIncomeRatio": 0.0389749987, "eps": 5.56, "epsdiluted": 5.51, "weightedAverageShsOut": 528600000, "weightedAverageShsOutDil": 533200000, "link": "https://www.sec.gov/Archives/edgar/data/27419/000002741919000006/0000027419-19-000006-index.htm", "finalLink": "https://www.sec.gov/Archives/edgar/data/27419/000002741919000006/tgt-20190202x10k.htm", "calculatedOtherExpenses": 2224000000, "calculatedOperatingExpenses": 17947000000, "calculatedNetInterest": -461000000, "calculatedOtherIncome": 27000000, "calculatedIncomeNonControlling": -7000000, "calculatedEbitda": 6584000000}, {"date": "2018-02-03", "symbol": "TGT", "reportedCurrency": "USD", "cik": "0000027419", "fillingDate": "2018-03-14", "acceptedDate": "2018-03-14 14:09:12", "calendarYear": "2017", "period": "FY", "revenue": 72714000000, "costOfRevenue": 51125000000, "grossProfit": 21589000000, "grossProfitRatio": 0.2969029348, "researchAndDevelopmentExpenses": 0, "generalAndAdministrativeExpenses": 15049000000, "sellingAndMarketingExpenses": 91000000, "sellingGeneralAndAdministrativeExpenses": 15140000000, "otherExpenses": 59000000, "operatingExpenses": 17365000000, "costAndExpenses": 68490000000, "interestIncome": 0, "interestExpense": 653000000, "depreciationAndAmortization": 2225000000, "ebitda": 6508000000, "ebitdaratio": 0.089501334, "operatingIncome": 4224000000, "operatingIncomeRatio": 0.0580906015, "totalOtherIncomeExpensesNet": 59000000, "incomeBeforeTax": 3630000000, "incomeBeforeTaxRatio": 0.0499216107, "incomeTaxExpense": 722000000, "netIncome": 2914000000, "netIncomeRatio": 0.0400748137, "eps": 5.32, "epsdiluted": 5.29, "weightedAverageShsOut": 547744361, "weightedAverageShsOutDil": 550850662, "link": "https://www.sec.gov/Archives/edgar/data/27419/000002741918000010/0000027419-18-000010-index.htm", "finalLink": "https://www.sec.gov/Archives/edgar/data/27419/000002741918000010/tgt-20180203x10k.htm", "calculatedOtherExpenses": 2225000000, "calculatedOperatingExpenses": 17365000000, "calculatedNetInterest": -653000000, "calculatedOtherIncome": 59000000, "calculatedIncomeNonControlling": -6000000, "calculatedEbitda": 6449000000}, {"date": "2017-01-28", "symbol": "TGT", "reportedCurrency": "USD", "cik": "0000027419", "fillingDate": "2017-03-08", "acceptedDate": "2017-03-08 16:22:08", "calendarYear": "2016", "period": "FY", "revenue": 69495000000, "costOfRevenue": 48872000000, "grossProfit": 20623000000, "grossProfitRatio": 0.2967551622, "researchAndDevelopmentExpenses": 0, "generalAndAdministrativeExpenses": 14174000000, "sellingAndMarketingExpenses": -818000000, "sellingGeneralAndAdministrativeExpenses": 13356000000, "otherExpenses": 3328000000, "operatingExpenses": 15654000000, "costAndExpenses": 64526000000, "interestIncome": 0, "interestExpense": 1004000000, "depreciationAndAmortization": 2298000000, "ebitda": 7267000000, "ebitdaratio": 0.104568674, "operatingIncome": 4969000000, "operatingIncomeRatio": 0.0715015469, "totalOtherIncomeExpensesNet": -1008000000, "incomeBeforeTax": 3965000000, "incomeBeforeTaxRatio": 0.0570544643, "incomeTaxExpense": 1296000000, "netIncome": 2737000000, "netIncomeRatio": 0.0393841284, "eps": 4.74, "epsdiluted": 4.7, "weightedAverageShsOut": 577600000, "weightedAverageShsOutDil": 582500000, "link": "https://www.sec.gov/Archives/edgar/data/27419/000002741917000008/0000027419-17-000008-index.htm", "finalLink": "https://www.sec.gov/Archives/edgar/data/27419/000002741917000008/tgt-20170128x10k.htm", "calculatedOtherExpenses": 2298000000, "calculatedOperatingExpenses": 15654000000, "calculatedNetInterest": -1004000000, "calculatedOtherIncome": 0, "calculatedIncomeNonControlling": -68000000, "calculatedEbitda": 7267000000}, {"date": "2016-01-30", "symbol": "TGT", "reportedCurrency": "USD", "cik": "0000027419", "fillingDate": "2016-03-11", "acceptedDate": "2016-03-11 13:48:36", "calendarYear": "2015", "period": "FY", "revenue": 73785000000, "costOfRevenue": 51997000000, "grossProfit": 21788000000, "grossProfitRatio": 0.2952903707, "researchAndDevelopmentExpenses": 0, "generalAndAdministrativeExpenses": 14665000000, "sellingAndMarketingExpenses": 1434000000, "sellingGeneralAndAdministrativeExpenses": 14665000000, "otherExpenses": 620000000, "operatingExpenses": 16878000000, "costAndExpenses": 68875000000, "interestIncome": 0, "interestExpense": 607000000, "depreciationAndAmortization": 2213000000, "ebitda": 7743000000, "ebitdaratio": 0.1049400285, "operatingIncome": 4910000000, "operatingIncomeRatio": 0.0665446907, "totalOtherIncomeExpensesNet": 620000000, "incomeBeforeTax": 4923000000, "incomeBeforeTaxRatio": 0.0667208782, "incomeTaxExpense": 1602000000, "netIncome": 3363000000, "netIncomeRatio": 0.0455783696, "eps": 5.35, "epsdiluted": 5.31, "weightedAverageShsOut": 627700000, "weightedAverageShsOutDil": 632900000, "link": "https://www.sec.gov/Archives/edgar/data/27419/000002741916000043/0000027419-16-000043-index.htm", "finalLink": "https://www.sec.gov/Archives/edgar/data/27419/000002741916000043/tgt-20160130x10k.htm", "calculatedOtherExpenses": 2213000000, "calculatedOperatingExpenses": 16878000000, "calculatedNetInterest": -607000000, "calculatedOtherIncome": 620000000, "calculatedIncomeNonControlling": -42000000, "calculatedEbitda": 7123000000}, {"date": "2015-01-31", "symbol": "TGT", "reportedCurrency": "USD", "cik": "0000027419", "fillingDate": "2015-03-13", "acceptedDate": "2015-03-13 15:24:22", "calendarYear": "2014", "period": "FY", "revenue": 72618000000, "costOfRevenue": 51278000000, "grossProfit": 21340000000, "grossProfitRatio": 0.2938665345, "researchAndDevelopmentExpenses": 0, "generalAndAdministrativeExpenses": 14676000000, "sellingAndMarketingExpenses": 1600000000, "sellingGeneralAndAdministrativeExpenses": 14676000000, "otherExpenses": 2129000000, "operatingExpenses": 16805000000, "costAndExpenses": 68083000000, "interestIncome": 0, "interestExpense": 882000000, "depreciationAndAmortization": 2129000000, "ebitda": 6664000000, "ebitdaratio": 0.0917678812, "operatingIncome": 4535000000, "operatingIncomeRatio": 0.0624500812, "totalOtherIncomeExpensesNet": -882000000, "incomeBeforeTax": 3653000000, "incomeBeforeTaxRatio": 0.0503043323, "incomeTaxExpense": 1204000000, "netIncome": -1636000000, "netIncomeRatio": -0.0225288496, "eps": -2.58, "epsdiluted": -2.56, "weightedAverageShsOut": 634700000, "weightedAverageShsOutDil": 640100000, "link": "https://www.sec.gov/Archives/edgar/data/27419/000002741915000012/0000027419-15-000012-index.htm", "finalLink": "https://www.sec.gov/Archives/edgar/data/27419/000002741915000012/tgt-20150131x10k.htm", "calculatedOtherExpenses": 2129000000, "calculatedOperatingExpenses": 16805000000, "calculatedNetInterest": -882000000, "calculatedOtherIncome": 0, "calculatedIncomeNonControlling": 4085000000, "calculatedEbitda": 6664000000}, {"date": "2014-02-01", "symbol": "TGT", "reportedCurrency": "USD", "cik": "0000027419", "fillingDate": "2014-03-14", "acceptedDate": "2014-03-14 12:54:17", "calendarYear": "2013", "period": "FY", "revenue": 72596000000, "costOfRevenue": 51160000000, "grossProfit": 21436000000, "grossProfitRatio": 0.2952779767, "researchAndDevelopmentExpenses": 0, "generalAndAdministrativeExpenses": 15375000000, "sellingAndMarketingExpenses": 1548000000, "sellingGeneralAndAdministrativeExpenses": 15375000000, "otherExpenses": 391000000, "operatingExpenses": 17598000000, "costAndExpenses": 68758000000, "interestIncome": 0, "interestExpense": 1126000000, "depreciationAndAmortization": 2223000000, "ebitda": 6452000000, "ebitdaratio": 0.0888754201, "operatingIncome": 3838000000, "operatingIncomeRatio": 0.0528679266, "totalOtherIncomeExpensesNet": 391000000, "incomeBeforeTax": 3103000000, "incomeBeforeTaxRatio": 0.0427434018, "incomeTaxExpense": 1132000000, "netIncome": 1971000000, "netIncomeRatio": 0.0271502562, "eps": 3.1, "epsdiluted": 3.07, "weightedAverageShsOut": 635100000, "weightedAverageShsOutDil": 641800000, "link": "https://www.sec.gov/Archives/edgar/data/27419/000002741914000014/0000027419-14-000014-index.htm", "finalLink": "https://www.sec.gov/Archives/edgar/data/27419/000002741914000014/tgt-20140201x10k.htm", "calculatedOtherExpenses": 2223000000, "calculatedOperatingExpenses": 17598000000, "calculatedNetInterest": -1126000000, "calculatedOtherIncome": 391000000, "calculatedIncomeNonControlling": 0, "calculatedEbitda": 6061000000}, {"date": "2013-02-02", "symbol": "TGT", "reportedCurrency": "USD", "cik": "0000027419", "fillingDate": "2013-03-20", "acceptedDate": "2013-03-20 10:25:16", "calendarYear": "2012", "period": "FY", "revenue": 73301000000, "costOfRevenue": 51035000000, "grossProfit": 22266000000, "grossProfitRatio": 0.3037612038, "researchAndDevelopmentExpenses": 0, "generalAndAdministrativeExpenses": 14914000000, "sellingAndMarketingExpenses": 1389000000, "sellingGeneralAndAdministrativeExpenses": 14914000000, "otherExpenses": 161000000, "operatingExpenses": 17056000000, "costAndExpenses": 68091000000, "interestIncome": 0, "interestExpense": 762000000, "depreciationAndAmortization": 2142000000, "ebitda": 7513000000, "ebitdaratio": 0.1024951911, "operatingIncome": 5210000000, "operatingIncomeRatio": 0.0710767929, "totalOtherIncomeExpensesNet": 161000000, "incomeBeforeTax": 4609000000, "incomeBeforeTaxRatio": 0.0628777234, "incomeTaxExpense": 1610000000, "netIncome": 2999000000, "netIncomeRatio": 0.0409134937, "eps": 4.57, "epsdiluted": 4.52, "weightedAverageShsOut": 656700000, "weightedAverageShsOutDil": 663300000, "link": "https://www.sec.gov/Archives/edgar/data/27419/000104746913003100/0001047469-13-003100-index.htm", "finalLink": "https://www.sec.gov/Archives/edgar/data/27419/000104746913003100/a2213506z10-k.htm", "calculatedOtherExpenses": 2142000000, "calculatedOperatingExpenses": 17056000000, "calculatedNetInterest": -762000000, "calculatedOtherIncome": 161000000, "calculatedIncomeNonControlling": 0, "calculatedEbitda": 7352000000}, {"date": "2012-01-28", "symbol": "TGT", "reportedCurrency": "USD", "cik": "0000027419", "fillingDate": "2012-03-15", "acceptedDate": "2012-03-15 12:49:28", "calendarYear": "2011", "period": "FY", "revenue": 69865000000, "costOfRevenue": 48306000000, "grossProfit": 21559000000, "grossProfitRatio": 0.3085808345, "researchAndDevelopmentExpenses": 0, "generalAndAdministrativeExpenses": 14106000000, "sellingAndMarketingExpenses": 0, "sellingGeneralAndAdministrativeExpenses": 14106000000, "otherExpenses": 2577000000, "operatingExpenses": 16237000000, "costAndExpenses": 64543000000, "interestIncome": 3000000, "interestExpense": 869000000, "depreciationAndAmortization": 2131000000, "ebitda": 7456000000, "ebitdaratio": 0.1067201031, "operatingIncome": 5322000000, "operatingIncomeRatio": 0.0761754813, "totalOtherIncomeExpensesNet": -866000000, "incomeBeforeTax": 4456000000, "incomeBeforeTaxRatio": 0.0637801474, "incomeTaxExpense": 1527000000, "netIncome": 2929000000, "netIncomeRatio": 0.04192371, "eps": 4.31, "epsdiluted": 4.28, "weightedAverageShsOut": 679100000, "weightedAverageShsOutDil": 683900000, "link": "https://www.sec.gov/Archives/edgar/data/27419/000104746912002714/0001047469-12-002714-index.htm", "finalLink": "https://www.sec.gov/Archives/edgar/data/27419/000104746912002714/a2207838z10-k.htm", "calculatedOtherExpenses": 2131000000, "calculatedOperatingExpenses": 16237000000, "calculatedNetInterest": -866000000, "calculatedOtherIncome": 0, "calculatedIncomeNonControlling": 0, "calculatedEbitda": 7453000000}, {"date": "2011-01-29", "symbol": "TGT", "reportedCurrency": "USD", "cik": "0000027419", "fillingDate": "2011-03-11", "acceptedDate": "2011-03-11 13:51:51", "calendarYear": "2010", "period": "FY", "revenue": 67390000000, "costOfRevenue": 46585000000, "grossProfit": 20805000000, "grossProfitRatio": 0.3087253302, "researchAndDevelopmentExpenses": 0, "generalAndAdministrativeExpenses": 13469000000, "sellingAndMarketingExpenses": 0, "sellingGeneralAndAdministrativeExpenses": 13469000000, "otherExpenses": 2944000000, "operatingExpenses": 15553000000, "costAndExpenses": 62138000000, "interestIncome": 3000000, "interestExpense": 760000000, "depreciationAndAmortization": 2084000000, "ebitda": 7339000000, "ebitdaratio": 0.1089033981, "operatingIncome": 5252000000, "operatingIncomeRatio": 0.0779344116, "totalOtherIncomeExpensesNet": -757000000, "incomeBeforeTax": 4495000000, "incomeBeforeTaxRatio": 0.066701291, "incomeTaxExpense": 1575000000, "netIncome": 2920000000, "netIncomeRatio": 0.0433298709, "eps": 4.03, "epsdiluted": 4, "weightedAverageShsOut": 723600000, "weightedAverageShsOutDil": 729400000, "link": "https://www.sec.gov/Archives/edgar/data/27419/000104746911002032/0001047469-11-002032-index.htm", "finalLink": "https://www.sec.gov/Archives/edgar/data/27419/000104746911002032/a2201861z10-k.htm", "calculatedOtherExpenses": 2084000000, "calculatedOperatingExpenses": 15553000000, "calculatedNetInterest": -757000000, "calculatedOtherIncome": 0, "calculatedIncomeNonControlling": 0, "calculatedEbitda": 7336000000}, {"date": "2010-01-30", "symbol": "TGT", "reportedCurrency": "USD", "cik": "0000027419", "fillingDate": "2010-03-12", "acceptedDate": "2010-03-12 12:10:33", "calendarYear": "2009", "period": "FY", "revenue": 65357000000, "costOfRevenue": 45583000000, "grossProfit": 19774000000, "grossProfitRatio": 0.3025536668, "researchAndDevelopmentExpenses": 0, "generalAndAdministrativeExpenses": 13078000000, "sellingAndMarketingExpenses": 0, "sellingGeneralAndAdministrativeExpenses": 13078000000, "otherExpenses": 3544000000, "operatingExpenses": 15101000000, "costAndExpenses": 60684000000, "interestIncome": 3000000, "interestExpense": 804000000, "depreciationAndAmortization": 2023000000, "ebitda": 6699000000, "ebitdaratio": 0.1024985847, "operatingIncome": 4673000000, "operatingIncomeRatio": 0.0714996098, "totalOtherIncomeExpensesNet": -801000000, "incomeBeforeTax": 3872000000, "incomeBeforeTaxRatio": 0.0592438453, "incomeTaxExpense": 1384000000, "netIncome": 2488000000, "netIncomeRatio": 0.0380678428, "eps": 3.31, "epsdiluted": 3.3, "weightedAverageShsOut": 752000000, "weightedAverageShsOutDil": 754800000, "link": "https://www.sec.gov/Archives/edgar/data/27419/000104746910002121/0001047469-10-002121-index.htm", "finalLink": "https://www.sec.gov/Archives/edgar/data/27419/000104746910002121/a2196751z10-k.htm", "calculatedOtherExpenses": 2023000000, "calculatedOperatingExpenses": 15101000000, "calculatedNetInterest": -801000000, "calculatedOtherIncome": 0, "calculatedIncomeNonControlling": 0, "calculatedEbitda": 6696000000}, {"date": "2009-01-31", "symbol": "TGT", "reportedCurrency": "USD", "cik": "0000027419", "fillingDate": "2009-03-13", "acceptedDate": "2009-03-13 12:16:17", "calendarYear": "2008", "period": "FY", "revenue": 64948000000, "costOfRevenue": 44157000000, "grossProfit": 20791000000, "grossProfitRatio": 0.3201176326, "researchAndDevelopmentExpenses": 0, "generalAndAdministrativeExpenses": 14563000000, "sellingAndMarketingExpenses": 0, "sellingGeneralAndAdministrativeExpenses": 14563000000, "otherExpenses": 1826000000, "operatingExpenses": 16389000000, "costAndExpenses": 60546000000, "interestIncome": 0, "interestExpense": 0, "depreciationAndAmortization": 1826000000, "ebitda": 6228000000, "ebitdaratio": 0.0958920983, "operatingIncome": 4402000000, "operatingIncomeRatio": 0.0677772988, "totalOtherIncomeExpensesNet": -866000000, "incomeBeforeTax": 3536000000, "incomeBeforeTaxRatio": 0.0544435548, "incomeTaxExpense": 1322000000, "netIncome": 2214000000, "netIncomeRatio": 0.0340888095, "eps": 2.87, "epsdiluted": 2.86, "weightedAverageShsOut": 770400000, "weightedAverageShsOutDil": 773600000, "link": "https://www.sec.gov/Archives/edgar/data/27419/000104746909002623/0001047469-09-002623-index.htm", "finalLink": "https://www.sec.gov/Archives/edgar/data/27419/000104746909002623/a2190597z10-k.htm", "calculatedOtherExpenses": 1826000000, "calculatedOperatingExpenses": 16389000000, "calculatedNetInterest": 0, "calculatedOtherIncome": -866000000, "calculatedIncomeNonControlling": 0, "calculatedEbitda": 6228000000}, {"date": "2008-02-02", "symbol": "TGT", "reportedCurrency": "USD", "cik": "0000027419", "fillingDate": "2008-03-13", "acceptedDate": "2008-03-13 16:24:10", "calendarYear": "2007", "period": "FY", "revenue": 63367000000, "costOfRevenue": 42732000000, "grossProfit": 20635000000, "grossProfitRatio": 0.3256426847, "researchAndDevelopmentExpenses": 0, "generalAndAdministrativeExpenses": 13704000000, "sellingAndMarketingExpenses": 0, "sellingGeneralAndAdministrativeExpenses": 13704000000, "otherExpenses": 2418000000, "operatingExpenses": 15363000000, "costAndExpenses": 58095000000, "interestIncome": 0, "interestExpense": 0, "depreciationAndAmortization": 1659000000, "ebitda": 6931000000, "ebitdaratio": 0.1093786987, "operatingIncome": 5272000000, "operatingIncomeRatio": 0.083197879, "totalOtherIncomeExpensesNet": -647000000, "incomeBeforeTax": 4625000000, "incomeBeforeTaxRatio": 0.0729875172, "incomeTaxExpense": 1776000000, "netIncome": 2849000000, "netIncomeRatio": 0.0449603106, "eps": 3.37, "epsdiluted": 3.33, "weightedAverageShsOut": 845400000, "weightedAverageShsOutDil": 850800000, "link": "https://www.sec.gov/Archives/edgar/data/27419/000104746908002681/0001047469-08-002681-index.htm", "finalLink": "https://www.sec.gov/Archives/edgar/data/27419/000104746908002681/a2183529z10-k.htm", "calculatedOtherExpenses": 1659000000, "calculatedOperatingExpenses": 15363000000, "calculatedNetInterest": 0, "calculatedOtherIncome": -647000000, "calculatedIncomeNonControlling": 0, "calculatedEbitda": 6931000000}, {"date": "2007-02-03", "symbol": "TGT", "reportedCurrency": "USD", "cik": "0000027419", "fillingDate": "2007-03-15", "acceptedDate": "2007-03-15 15:08:50", "calendarYear": "2006", "period": "FY", "revenue": 59490000000, "costOfRevenue": 39399000000, "grossProfit": 20091000000, "grossProfitRatio": 0.3377206253, "researchAndDevelopmentExpenses": 0, "generalAndAdministrativeExpenses": 12819000000, "sellingAndMarketingExpenses": 707000000, "sellingGeneralAndAdministrativeExpenses": 13526000000, "otherExpenses": 1447000000, "operatingExpenses": 15022000000, "costAndExpenses": 54421000000, "interestIncome": 0, "interestExpense": 0, "depreciationAndAmortization": 1496000000, "ebitda": 6565000000, "ebitdaratio": 0.1103546815, "operatingIncome": 5069000000, "operatingIncomeRatio": 0.0852075979, "totalOtherIncomeExpensesNet": -575000000, "incomeBeforeTax": 4497000000, "incomeBeforeTaxRatio": 0.0755925366, "incomeTaxExpense": 1710000000, "netIncome": 2787000000, "netIncomeRatio": 0.0468482098, "eps": 3.23, "epsdiluted": 3.21, "weightedAverageShsOut": 861900000, "weightedAverageShsOutDil": 868600000, "link": "https://www.sec.gov/Archives/edgar/data/27419/000104746907001800/0001047469-07-001800-index.htm", "finalLink": "https://www.sec.gov/Archives/edgar/data/27419/000104746907001800/a2176656z10-k.htm", "calculatedOtherExpenses": 1496000000, "calculatedOperatingExpenses": 15022000000, "calculatedNetInterest": 0, "calculatedOtherIncome": -572000000, "calculatedIncomeNonControlling": 0, "calculatedEbitda": 6565000000}, {"date": "2006-01-28", "symbol": "TGT", "reportedCurrency": "USD", "cik": "0000027419", "fillingDate": "2006-04-10", "acceptedDate": "2006-04-10 16:08:14", "calendarYear": "2005", "period": "FY", "revenue": 52620000000, "costOfRevenue": 34927000000, "grossProfit": 17693000000, "grossProfitRatio": 0.336240973, "researchAndDevelopmentExpenses": 0, "generalAndAdministrativeExpenses": 11185000000, "sellingAndMarketingExpenses": 776000000, "sellingGeneralAndAdministrativeExpenses": 11961000000, "otherExpenses": 1367000000, "operatingExpenses": 13370000000, "costAndExpenses": 48297000000, "interestIncome": 0, "interestExpense": 0, "depreciationAndAmortization": 1409000000, "ebitda": 5732000000, "ebitdaratio": 0.108931965, "operatingIncome": 4323000000, "operatingIncomeRatio": 0.0821550741, "totalOtherIncomeExpensesNet": -463000000, "incomeBeforeTax": 3860000000, "incomeBeforeTaxRatio": 0.0733561384, "incomeTaxExpense": 1452000000, "netIncome": 2408000000, "netIncomeRatio": 0.0457620677, "eps": 2.73, "epsdiluted": 2.71, "weightedAverageShsOut": 882000000, "weightedAverageShsOutDil": 889200000, "link": "https://www.sec.gov/Archives/edgar/data/27419/000110465906024036/0001104659-06-024036-index.htm", "finalLink": "https://www.sec.gov/Archives/edgar/data/27419/000110465906024036/a06-2369_110k.htm", "calculatedOtherExpenses": 1409000000, "calculatedOperatingExpenses": 13370000000, "calculatedNetInterest": 0, "calculatedOtherIncome": -463000000, "calculatedIncomeNonControlling": 0, "calculatedEbitda": 5732000000}, {"date": "2005-01-29", "symbol": "TGT", "reportedCurrency": "USD", "cik": "0000027419", "fillingDate": "2005-04-11", "acceptedDate": "2005-04-11 17:15:04", "calendarYear": "2004", "period": "FY", "revenue": 46839000000, "costOfRevenue": 31445000000, "grossProfit": 15394000000, "grossProfitRatio": 0.3286577425, "researchAndDevelopmentExpenses": 0, "generalAndAdministrativeExpenses": 9797000000, "sellingAndMarketingExpenses": 737000000, "sellingGeneralAndAdministrativeExpenses": 10534000000, "otherExpenses": 1259000000, "operatingExpenses": 11793000000, "costAndExpenses": 43238000000, "interestIncome": 0, "interestExpense": 0, "depreciationAndAmortization": 1259000000, "ebitda": 4860000000, "ebitdaratio": 0.1037596874, "operatingIncome": 3601000000, "operatingIncomeRatio": 0.0768803775, "totalOtherIncomeExpensesNet": -570000000, "incomeBeforeTax": 3031000000, "incomeBeforeTaxRatio": 0.0647110314, "incomeTaxExpense": 1146000000, "netIncome": 3198000000, "netIncomeRatio": 0.0682764363, "eps": 3.54, "epsdiluted": 3.51, "weightedAverageShsOut": 903800000, "weightedAverageShsOutDil": 912100000, "link": "https://www.sec.gov/Archives/edgar/data/27419/000110465905015954/0001104659-05-015954-index.htm", "finalLink": "https://www.sec.gov/Archives/edgar/data/27419/000110465905015954/a05-4599_110k.htm", "calculatedOtherExpenses": 1259000000, "calculatedOperatingExpenses": 11793000000, "calculatedNetInterest": 0, "calculatedOtherIncome": -570000000, "calculatedIncomeNonControlling": -1313000000, "calculatedEbitda": 4860000000}, {"date": "2004-01-31", "symbol": "TGT", "reportedCurrency": "USD", "cik": "0000027419", "fillingDate": "2004-04-05", "acceptedDate": "2004-04-05 16:06:32", "calendarYear": "2003", "period": "FY", "revenue": 48163000000, "costOfRevenue": 31790000000, "grossProfit": 16373000000, "grossProfitRatio": 0.339949754, "researchAndDevelopmentExpenses": 0, "generalAndAdministrativeExpenses": 11534000000, "sellingAndMarketingExpenses": 0, "sellingGeneralAndAdministrativeExpenses": 11534000000, "otherExpenses": 1320000000, "operatingExpenses": 12854000000, "costAndExpenses": 44644000000, "interestIncome": 0, "interestExpense": 0, "depreciationAndAmortization": 1320000000, "ebitda": 4839000000, "ebitdaratio": 0.1004713162, "operatingIncome": 3519000000, "operatingIncomeRatio": 0.0730643855, "totalOtherIncomeExpensesNet": -559000000, "incomeBeforeTax": 2960000000, "incomeBeforeTaxRatio": 0.0614579657, "incomeTaxExpense": 1119000000, "netIncome": 1841000000, "netIncomeRatio": 0.0382243631, "eps": 1.78, "epsdiluted": 1.76, "weightedAverageShsOut": 1016292135, "weightedAverageShsOutDil": 1027840909, "link": "https://www.sec.gov/Archives/edgar/data/27419/000104746904010838/0001047469-04-010838-index.htm", "finalLink": "https://www.sec.gov/Archives/edgar/data/27419/000104746904010838/a2130364z10-k.htm", "calculatedOtherExpenses": 1320000000, "calculatedOperatingExpenses": 12854000000, "calculatedNetInterest": 0, "calculatedOtherIncome": -559000000, "calculatedIncomeNonControlling": 0, "calculatedEbitda": 4839000000}, {"date": "2003-02-01", "symbol": "TGT", "reportedCurrency": "USD", "cik": "0000027419", "fillingDate": "2003-04-14", "acceptedDate": "2003-04-14 13:34:06", "calendarYear": "2002", "period": "FY", "revenue": 43917000000, "costOfRevenue": 29260000000, "grossProfit": 14657000000, "grossProfitRatio": 0.3337431974, "researchAndDevelopmentExpenses": 0, "generalAndAdministrativeExpenses": 9416000000, "sellingAndMarketingExpenses": 765000000, "sellingGeneralAndAdministrativeExpenses": 10181000000, "otherExpenses": 1212000000, "operatingExpenses": 11393000000, "costAndExpenses": 40653000000, "interestIncome": 0, "interestExpense": 0, "depreciationAndAmortization": 1212000000, "ebitda": 4476000000, "ebitdaratio": 0.10191953, "operatingIncome": 3264000000, "operatingIncomeRatio": 0.0743220165, "totalOtherIncomeExpensesNet": -588000000, "incomeBeforeTax": 2676000000, "incomeBeforeTaxRatio": 0.0609331238, "incomeTaxExpense": 1022000000, "netIncome": 1654000000, "netIncomeRatio": 0.0376619532, "eps": 1.79, "epsdiluted": 1.78, "weightedAverageShsOut": 908000000, "weightedAverageShsOutDil": 914300000, "link": "https://www.sec.gov/Archives/edgar/data/27419/000104746903013199/0001047469-03-013199-index.htm", "finalLink": "https://www.sec.gov/Archives/edgar/data/27419/000104746903013199/a2105670z10-k.htm", "calculatedOtherExpenses": 1212000000, "calculatedOperatingExpenses": 11393000000, "calculatedNetInterest": 0, "calculatedOtherIncome": -588000000, "calculatedIncomeNonControlling": 0, "calculatedEbitda": 4476000000}, {"date": "2002-02-02", "symbol": "TGT", "reportedCurrency": "USD", "cik": "0000027419", "fillingDate": "2002-04-15", "acceptedDate": "2002-04-15 00:00:00", "calendarYear": "2001", "period": "FY", "revenue": 39888000000, "costOfRevenue": 27246000000, "grossProfit": 12642000000, "grossProfitRatio": 0.3169374248, "researchAndDevelopmentExpenses": 0, "generalAndAdministrativeExpenses": 8420000000, "sellingAndMarketingExpenses": 463000000, "sellingGeneralAndAdministrativeExpenses": 8883000000, "otherExpenses": 1079000000, "operatingExpenses": 9962000000, "costAndExpenses": 37208000000, "interestIncome": 0, "interestExpense": 0, "depreciationAndAmortization": 1079000000, "ebitda": 3759000000, "ebitdaratio": 0.0942388688, "operatingIncome": 2680000000, "operatingIncomeRatio": 0.0671881268, "totalOtherIncomeExpensesNet": -464000000, "incomeBeforeTax": 2216000000, "incomeBeforeTaxRatio": 0.0555555556, "incomeTaxExpense": 842000000, "netIncome": 1368000000, "netIncomeRatio": 0.0342960289, "eps": 1.22, "epsdiluted": 1.21, "weightedAverageShsOut": 1121311475, "weightedAverageShsOutDil": 1130578512, "link": "https://www.sec.gov/Archives/edgar/data/27419/000091205702015068/0000912057-02-015068-index.htm", "finalLink": "https://www.sec.gov/Archives/edgar/data/27419/000091205702015068/a2076063z10-k.htm", "calculatedOtherExpenses": 1079000000, "calculatedOperatingExpenses": 9962000000, "calculatedNetInterest": 0, "calculatedOtherIncome": -464000000, "calculatedIncomeNonControlling": 6000000, "calculatedEbitda": 3759000000}, {"date": "2001-02-03", "symbol": "TGT", "reportedCurrency": "USD", "cik": "0000027419", "fillingDate": "2001-04-16", "acceptedDate": "2001-04-16 00:00:00", "calendarYear": "2000", "period": "FY", "revenue": 36903000000, "costOfRevenue": 25295000000, "grossProfit": 11608000000, "grossProfitRatio": 0.3145543723, "researchAndDevelopmentExpenses": 0, "generalAndAdministrativeExpenses": 7900000000, "sellingAndMarketingExpenses": 290000000, "sellingGeneralAndAdministrativeExpenses": 8190000000, "otherExpenses": 940000000, "operatingExpenses": 9130000000, "costAndExpenses": 34425000000, "interestIncome": 0, "interestExpense": 0, "depreciationAndAmortization": 940000000, "ebitda": 3418000000, "ebitdaratio": 0.0926211961, "operatingIncome": 2478000000, "operatingIncomeRatio": 0.0671490123, "totalOtherIncomeExpensesNet": -425000000, "incomeBeforeTax": 2053000000, "incomeBeforeTaxRatio": 0.0556323334, "incomeTaxExpense": 789000000, "netIncome": 1264000000, "netIncomeRatio": 0.0342519578, "eps": 1.4, "epsdiluted": 1.38, "weightedAverageShsOut": 903500000, "weightedAverageShsOutDil": 913000000, "link": "https://www.sec.gov/Archives/edgar/data/27419/000091205701508754/0000912057-01-508754-index.htm", "finalLink": "https://www.sec.gov/Archives/edgar/data/27419/000091205701508754/a2040678z10-k.htm", "calculatedOtherExpenses": 940000000, "calculatedOperatingExpenses": 9130000000, "calculatedNetInterest": 0, "calculatedOtherIncome": -425000000, "calculatedIncomeNonControlling": 0, "calculatedEbitda": 3418000000}, {"date": "2000-01-29", "symbol": "TGT", "reportedCurrency": "USD", "cik": "0000027419", "fillingDate": "2000-04-10", "acceptedDate": "2000-04-10 00:00:00", "calendarYear": "1999", "period": "FY", "revenue": 33702000000, "costOfRevenue": 23029000000, "grossProfit": 10673000000, "grossProfitRatio": 0.3166874369, "researchAndDevelopmentExpenses": 0, "generalAndAdministrativeExpenses": 7231000000, "sellingAndMarketingExpenses": 259000000, "sellingGeneralAndAdministrativeExpenses": 7490000000, "otherExpenses": 854000000, "operatingExpenses": 8344000000, "costAndExpenses": 31373000000, "interestIncome": 0, "interestExpense": 0, "depreciationAndAmortization": 854000000, "ebitda": 3183000000, "ebitdaratio": 0.0944454335, "operatingIncome": 2329000000, "operatingIncomeRatio": 0.0691056911, "totalOtherIncomeExpensesNet": -393000000, "incomeBeforeTax": 1936000000, "incomeBeforeTaxRatio": 0.057444662, "incomeTaxExpense": 751000000, "netIncome": 1144000000, "netIncomeRatio": 0.033944573, "eps": 1.25, "epsdiluted": 1.23, "weightedAverageShsOut": 902777778, "weightedAverageShsOutDil": 930081301, "link": "https://www.sec.gov/Archives/edgar/data/27419/000091205700017053/0000912057-00-017053-index.html", "finalLink": "https://www.sec.gov/Archives/edgar/data/27419/000091205700017053/0000912057-00-017053-d1.html", "calculatedOtherExpenses": 854000000, "calculatedOperatingExpenses": 8344000000, "calculatedNetInterest": 0, "calculatedOtherIncome": -393000000, "calculatedIncomeNonControlling": 41000000, "calculatedEbitda": 3183000000}, {"date": "1999-01-30", "symbol": "TGT", "reportedCurrency": "USD", "cik": "0000027419", "fillingDate": "1999-04-12", "acceptedDate": "1999-04-12 00:00:00", "calendarYear": "1998", "period": "FY", "revenue": 30951000000, "costOfRevenue": 22634000000, "grossProfit": 8317000000, "grossProfitRatio": 0.2687150657, "researchAndDevelopmentExpenses": 0, "generalAndAdministrativeExpenses": 5583000000, "sellingAndMarketingExpenses": -506000000, "sellingGeneralAndAdministrativeExpenses": 5077000000, "otherExpenses": 1286000000, "operatingExpenses": 6363000000, "costAndExpenses": 28997000000, "interestIncome": 0, "interestExpense": 0, "depreciationAndAmortization": 780000000, "ebitda": 2734000000, "ebitdaratio": 0.0883331718, "operatingIncome": 1954000000, "operatingIncomeRatio": 0.0631320474, "totalOtherIncomeExpensesNet": -398000000, "incomeBeforeTax": 1556000000, "incomeBeforeTaxRatio": 0.0502730122, "incomeTaxExpense": 594000000, "netIncome": 935000000, "netIncomeRatio": 0.0302090401, "eps": 1.04, "epsdiluted": 0.99, "weightedAverageShsOut": 880000000, "weightedAverageShsOutDil": 934600000, "link": "https://www.sec.gov/Archives/edgar/data/27419/000104746999014435/0001047469-99-014435-index.html", "finalLink": "https://www.sec.gov/Archives/edgar/data/27419/", "calculatedOtherExpenses": 1286000000, "calculatedOperatingExpenses": 6363000000, "calculatedNetInterest": 0, "calculatedOtherIncome": -398000000, "calculatedIncomeNonControlling": 27000000, "calculatedEbitda": 2734000000}, {"date": "1998-01-31", "symbol": "TGT", "reportedCurrency": "USD", "cik": "0000027419", "fillingDate": "1998-04-15", "acceptedDate": "1998-04-15 00:00:00", "calendarYear": "1997", "period": "FY", "revenue": 27757000000, "costOfRevenue": 20320000000, "grossProfit": 7437000000, "grossProfitRatio": 0.2679324134, "researchAndDevelopmentExpenses": 0, "generalAndAdministrativeExpenses": 4532000000, "sellingAndMarketingExpenses": 0, "sellingGeneralAndAdministrativeExpenses": 4532000000, "otherExpenses": 1163000000, "operatingExpenses": 5695000000, "costAndExpenses": 26015000000, "interestIncome": 0, "interestExpense": 0, "depreciationAndAmortization": 693000000, "ebitda": 2435000000, "ebitdaratio": 0.0877256188, "operatingIncome": 1742000000, "operatingIncomeRatio": 0.0627589437, "totalOtherIncomeExpensesNet": -416000000, "incomeBeforeTax": 1326000000, "incomeBeforeTaxRatio": 0.0477717333, "incomeTaxExpense": 524000000, "netIncome": 751000000, "netIncomeRatio": 0.0270562381, "eps": 0.84, "epsdiluted": 0.8, "weightedAverageShsOut": 872200000, "weightedAverageShsOutDil": 927400000, "link": "https://www.sec.gov/Archives/edgar/data/27419/000104746998015191/0001047469-98-015191-index.html", "finalLink": "https://www.sec.gov/Archives/edgar/data/27419/", "calculatedOtherExpenses": 1163000000, "calculatedOperatingExpenses": 5695000000, "calculatedNetInterest": 0, "calculatedOtherIncome": -416000000, "calculatedIncomeNonControlling": 51000000, "calculatedEbitda": 2435000000}, {"date": "1997-02-01", "symbol": "TGT", "reportedCurrency": "USD", "cik": "0000027419", "fillingDate": "1997-04-16", "acceptedDate": "1997-04-16 00:00:00", "calendarYear": "1996", "period": "FY", "revenue": 25371000000, "costOfRevenue": 18628000000, "grossProfit": 6743000000, "grossProfitRatio": 0.2657758859, "researchAndDevelopmentExpenses": 0, "generalAndAdministrativeExpenses": 4734000000, "sellingAndMarketingExpenses": -445000000, "sellingGeneralAndAdministrativeExpenses": 4289000000, "otherExpenses": 1229000000, "operatingExpenses": 5384000000, "costAndExpenses": 24012000000, "interestIncome": 0, "interestExpense": 0, "depreciationAndAmortization": 650000000, "ebitda": 2143000000, "ebitdaratio": 0.0844665169, "operatingIncome": 1359000000, "operatingIncomeRatio": 0.053565094, "totalOtherIncomeExpensesNet": -134000000, "incomeBeforeTax": 783000000, "incomeBeforeTaxRatio": 0.0308620078, "incomeTaxExpense": 309000000, "netIncome": 463000000, "netIncomeRatio": 0.0182491821, "eps": 0.51, "epsdiluted": 0.48, "weightedAverageShsOut": 907843137, "weightedAverageShsOutDil": 964583333, "link": "https://www.sec.gov/Archives/edgar/data/27419/000091205797013232/0000912057-97-013232-index.html", "finalLink": "https://www.sec.gov/Archives/edgar/data/27419/", "calculatedOtherExpenses": 1095000000, "calculatedOperatingExpenses": 5384000000, "calculatedNetInterest": 0, "calculatedOtherIncome": -576000000, "calculatedIncomeNonControlling": 11000000, "calculatedEbitda": 2009000000}, {"date": "1996-02-03", "symbol": "TGT", "reportedCurrency": "USD", "cik": "0000027419", "fillingDate": "1996-04-18", "acceptedDate": "1996-04-18 00:00:00", "calendarYear": "1995", "period": "FY", "revenue": 23516000000, "costOfRevenue": 17527000000, "grossProfit": 5989000000, "grossProfitRatio": 0.2546776663, "researchAndDevelopmentExpenses": 0, "generalAndAdministrativeExpenses": 4452000000, "sellingAndMarketingExpenses": -409000000, "sellingGeneralAndAdministrativeExpenses": 4043000000, "otherExpenses": 1003000000, "operatingExpenses": 5046000000, "costAndExpenses": 22573000000, "interestIncome": 0, "interestExpense": 0, "depreciationAndAmortization": 594000000, "ebitda": 1537000000, "ebitdaratio": 0.0653597551, "operatingIncome": 943000000, "operatingIncomeRatio": 0.0401003572, "totalOtherIncomeExpensesNet": -442000000, "incomeBeforeTax": 501000000, "incomeBeforeTaxRatio": 0.0213046436, "incomeTaxExpense": 190000000, "netIncome": 311000000, "netIncomeRatio": 0.0132250383, "eps": 0.34, "epsdiluted": 0.33, "weightedAverageShsOut": 914705882, "weightedAverageShsOutDil": 942424242, "link": "https://www.sec.gov/Archives/edgar/data/27419/000095013196001615/0000950131-96-001615-index.html", "finalLink": "https://www.sec.gov/Archives/edgar/data/27419/", "calculatedOtherExpenses": 1003000000, "calculatedOperatingExpenses": 5046000000, "calculatedNetInterest": 0, "calculatedOtherIncome": -442000000, "calculatedIncomeNonControlling": 0, "calculatedEbitda": 1537000000}, {"date": "1995-01-28", "symbol": "TGT", "reportedCurrency": "USD", "cik": "0000027419", "fillingDate": "1995-04-18", "acceptedDate": "1995-04-18 00:00:00", "calendarYear": "1994", "period": "FY", "revenue": 21311000000, "costOfRevenue": 15636000000, "grossProfit": 5675000000, "grossProfitRatio": 0.266294402, "researchAndDevelopmentExpenses": 0, "generalAndAdministrativeExpenses": 4004000000, "sellingAndMarketingExpenses": -373000000, "sellingGeneralAndAdministrativeExpenses": 3631000000, "otherExpenses": 904000000, "operatingExpenses": 4535000000, "costAndExpenses": 20171000000, "interestIncome": 0, "interestExpense": 0, "depreciationAndAmortization": 531000000, "ebitda": 1671000000, "ebitdaratio": 0.0784102107, "operatingIncome": 1140000000, "operatingIncomeRatio": 0.053493501, "totalOtherIncomeExpensesNet": -426000000, "incomeBeforeTax": 714000000, "incomeBeforeTaxRatio": 0.0335038243, "incomeTaxExpense": 280000000, "netIncome": 434000000, "netIncomeRatio": 0.0203650697, "eps": 0.48, "epsdiluted": 0.46, "weightedAverageShsOut": 904166667, "weightedAverageShsOutDil": 943478261, "link": "https://www.sec.gov/Archives/edgar/data/27419/000095013195000955/0000950131-95-000955-index.html", "finalLink": "https://www.sec.gov/Archives/edgar/data/27419/", "calculatedOtherExpenses": 904000000, "calculatedOperatingExpenses": 4535000000, "calculatedNetInterest": 0, "calculatedOtherIncome": -426000000, "calculatedIncomeNonControlling": 0, "calculatedEbitda": 1671000000}, {"date": "1994-01-29", "symbol": "TGT", "reportedCurrency": "USD", "cik": "0000027419", "fillingDate": "1994-04-21", "acceptedDate": "1994-04-21 00:00:00", "calendarYear": "1993", "period": "FY", "revenue": 19233000000, "costOfRevenue": 14164000000, "grossProfit": 5069000000, "grossProfitRatio": 0.2635574273, "researchAndDevelopmentExpenses": 0, "generalAndAdministrativeExpenses": 0, "sellingAndMarketingExpenses": 0, "sellingGeneralAndAdministrativeExpenses": 3175000000, "otherExpenses": 841000000, "operatingExpenses": 4016000000, "costAndExpenses": 18180000000, "interestIncome": 0, "interestExpense": 0, "depreciationAndAmortization": 498000000, "ebitda": 1551000000, "ebitdaratio": 0.0806426455, "operatingIncome": 1053000000, "operatingIncomeRatio": 0.054749649, "totalOtherIncomeExpensesNet": -446000000, "incomeBeforeTax": 607000000, "incomeBeforeTaxRatio": 0.031560339, "incomeTaxExpense": 232000000, "netIncome": 375000000, "netIncomeRatio": 0.0194977383, "eps": 0.42, "epsdiluted": 0.4, "weightedAverageShsOut": 892857143, "weightedAverageShsOutDil": 937500000, "link": "https://www.sec.gov/Archives/edgar/data/27419/000095013194000539/0000950131-94-000539-index.html", "finalLink": "https://www.sec.gov/Archives/edgar/data/27419/", "calculatedOtherExpenses": 841000000, "calculatedOperatingExpenses": 4016000000, "calculatedNetInterest": 0, "calculatedOtherIncome": -446000000, "calculatedIncomeNonControlling": 0, "calculatedEbitda": 1551000000}, {"date": "1993-01-31", "symbol": "TGT", "reportedCurrency": "USD", "cik": "0000027419", "fillingDate": "1993-01-31", "acceptedDate": "1993-01-30 19:00:00", "calendarYear": "1992", "period": "FY", "revenue": 17927000000, "costOfRevenue": 13129000000, "grossProfit": 4798000000, "grossProfitRatio": 0.2676409885, "researchAndDevelopmentExpenses": 0, "generalAndAdministrativeExpenses": 0, "sellingAndMarketingExpenses": 0, "sellingGeneralAndAdministrativeExpenses": 2978000000, "otherExpenses": 772000000, "operatingExpenses": 3750000000, "costAndExpenses": 16879000000, "interestIncome": 0, "interestExpense": 0, "depreciationAndAmortization": 459000000, "ebitda": 1507000000, "ebitdaratio": 0.084063145, "operatingIncome": 1048000000, "operatingIncomeRatio": 0.0584593072, "totalOtherIncomeExpensesNet": -437000000, "incomeBeforeTax": 611000000, "incomeBeforeTaxRatio": 0.0340826686, "incomeTaxExpense": 228000000, "netIncome": 383000000, "netIncomeRatio": 0.0213644224, "eps": 0.42, "epsdiluted": 0.4, "weightedAverageShsOut": 911904762, "weightedAverageShsOutDil": 957500000, "link": "", "finalLink": "", "calculatedOtherExpenses": 772000000, "calculatedOperatingExpenses": 3750000000, "calculatedNetInterest": 0, "calculatedOtherIncome": -437000000, "calculatedIncomeNonControlling": 0, "calculatedEbitda": 1507000000}, {"date": "1992-01-31", "symbol": "TGT", "reportedCurrency": "USD", "cik": "0000027419", "fillingDate": "1992-01-31", "acceptedDate": "1992-01-30 19:00:00", "calendarYear": "1991", "period": "FY", "revenue": 16115000000, "costOfRevenue": 11751000000, "grossProfit": 4364000000, "grossProfitRatio": 0.2708035991, "researchAndDevelopmentExpenses": 0, "generalAndAdministrativeExpenses": 0, "sellingAndMarketingExpenses": 0, "sellingGeneralAndAdministrativeExpenses": 2801000000, "otherExpenses": 693000000, "operatingExpenses": 3494000000, "costAndExpenses": 15245000000, "interestIncome": 0, "interestExpense": 0, "depreciationAndAmortization": 410000000, "ebitda": 1280000000, "ebitdaratio": 0.0794291033, "operatingIncome": 870000000, "operatingIncomeRatio": 0.0539869687, "totalOtherIncomeExpensesNet": -398000000, "incomeBeforeTax": 472000000, "incomeBeforeTaxRatio": 0.0292894818, "incomeTaxExpense": 171000000, "netIncome": 301000000, "netIncomeRatio": 0.0186782501, "eps": 0.33, "epsdiluted": 0.31, "weightedAverageShsOut": 912121212, "weightedAverageShsOutDil": 970967742, "link": "", "finalLink": "", "calculatedOtherExpenses": 693000000, "calculatedOperatingExpenses": 3494000000, "calculatedNetInterest": 0, "calculatedOtherIncome": -398000000, "calculatedIncomeNonControlling": 0, "calculatedEbitda": 1280000000}, {"date": "1991-01-31", "symbol": "TGT", "reportedCurrency": "USD", "cik": "0000027419", "fillingDate": "1991-01-31", "acceptedDate": "1991-01-30 19:00:00", "calendarYear": "1990", "period": "FY", "revenue": 14739000000, "costOfRevenue": 10649000000, "grossProfit": 4090000000, "grossProfitRatio": 0.2774950811, "researchAndDevelopmentExpenses": 0, "generalAndAdministrativeExpenses": 0, "sellingAndMarketingExpenses": 0, "sellingGeneralAndAdministrativeExpenses": 2478000000, "otherExpenses": 628000000, "operatingExpenses": 3106000000, "costAndExpenses": 13755000000, "interestIncome": 0, "interestExpense": 0, "depreciationAndAmortization": 372000000, "ebitda": 1356000000, "ebitdaratio": 0.0920008142, "operatingIncome": 984000000, "operatingIncomeRatio": 0.0667616528, "totalOtherIncomeExpensesNet": -325000000, "incomeBeforeTax": 659000000, "incomeBeforeTaxRatio": 0.0447113101, "incomeTaxExpense": 249000000, "netIncome": 410000000, "netIncomeRatio": 0.0278173553, "eps": 0.45, "epsdiluted": 0.43, "weightedAverageShsOut": 911111111, "weightedAverageShsOutDil": 953488372, "link": "", "finalLink": "", "calculatedOtherExpenses": 628000000, "calculatedOperatingExpenses": 3106000000, "calculatedNetInterest": 0, "calculatedOtherIncome": -325000000, "calculatedIncomeNonControlling": 0, "calculatedEbitda": 1356000000}, {"date": "1990-01-31", "symbol": "TGT", "reportedCurrency": "USD", "cik": "0000027419", "fillingDate": "1990-01-31", "acceptedDate": "1990-01-30 19:00:00", "calendarYear": "1989", "period": "FY", "revenue": 13644000000, "costOfRevenue": 9886000000, "grossProfit": 3758000000, "grossProfitRatio": 0.2754324245, "researchAndDevelopmentExpenses": 0, "generalAndAdministrativeExpenses": 0, "sellingAndMarketingExpenses": 0, "sellingGeneralAndAdministrativeExpenses": 2264000000, "otherExpenses": 549000000, "operatingExpenses": 2813000000, "costAndExpenses": 12699000000, "interestIncome": 0, "interestExpense": 0, "depreciationAndAmortization": 319000000, "ebitda": 1264000000, "ebitdaratio": 0.0926414541, "operatingIncome": 945000000, "operatingIncomeRatio": 0.0692612137, "totalOtherIncomeExpensesNet": -267000000, "incomeBeforeTax": 678000000, "incomeBeforeTaxRatio": 0.0496921724, "incomeTaxExpense": 268000000, "netIncome": 410000000, "netIncomeRatio": 0.0300498388, "eps": 0.45, "epsdiluted": 0.45, "weightedAverageShsOut": 911111111, "weightedAverageShsOutDil": 911111111, "link": "", "finalLink": "", "calculatedOtherExpenses": 549000000, "calculatedOperatingExpenses": 2813000000, "calculatedNetInterest": 0, "calculatedOtherIncome": -267000000, "calculatedIncomeNonControlling": 0, "calculatedEbitda": 1264000000}, {"date": "1989-01-31", "symbol": "TGT", "reportedCurrency": "USD", "cik": "0000027419", "fillingDate": "1989-01-31", "acceptedDate": "1989-01-30 19:00:00", "calendarYear": "1988", "period": "FY", "revenue": 12204000000, "costOfRevenue": 8885000000, "grossProfit": 3319000000, "grossProfitRatio": 0.2719600131, "researchAndDevelopmentExpenses": 0, "generalAndAdministrativeExpenses": 0, "sellingAndMarketingExpenses": 0, "sellingGeneralAndAdministrativeExpenses": 2131000000, "otherExpenses": 498000000, "operatingExpenses": 2629000000, "costAndExpenses": 11514000000, "interestIncome": 0, "interestExpense": 0, "depreciationAndAmortization": 292000000, "ebitda": 976000000, "ebitdaratio": 0.0799737791, "operatingIncome": 690000000, "operatingIncomeRatio": 0.0565388397, "totalOtherIncomeExpensesNet": 6000000, "incomeBeforeTax": 472000000, "incomeBeforeTaxRatio": 0.038675844, "incomeTaxExpense": 185000000, "netIncome": 287000000, "netIncomeRatio": 0.0235168797, "eps": 0.29, "epsdiluted": 0.29, "weightedAverageShsOut": 989655172, "weightedAverageShsOutDil": 989655172, "link": "", "finalLink": "", "calculatedOtherExpenses": 498000000, "calculatedOperatingExpenses": 2629000000, "calculatedNetInterest": 0, "calculatedOtherIncome": -218000000, "calculatedIncomeNonControlling": 0, "calculatedEbitda": 982000000}, {"date": "1988-01-31", "symbol": "TGT", "reportedCurrency": "USD", "cik": "0000027419", "fillingDate": "1988-01-31", "acceptedDate": "1988-01-30 19:00:00", "calendarYear": "1987", "period": "FY", "revenue": 10677300000, "costOfRevenue": 7851100000, "grossProfit": 2826200000, "grossProfitRatio": 0.2646923848, "researchAndDevelopmentExpenses": 0, "generalAndAdministrativeExpenses": 0, "sellingAndMarketingExpenses": 0, "sellingGeneralAndAdministrativeExpenses": 1865900000, "otherExpenses": 408700000, "operatingExpenses": 2274600000, "costAndExpenses": 10125700000, "interestIncome": 0, "interestExpense": 0, "depreciationAndAmortization": 232400000, "ebitda": 784000000, "ebitdaratio": 0.0734268027, "operatingIncome": 551600000, "operatingIncomeRatio": 0.0516610004, "totalOtherIncomeExpensesNet": -151800000, "incomeBeforeTax": 399800000, "incomeBeforeTaxRatio": 0.0374439231, "incomeTaxExpense": 171400000, "netIncome": 228400000, "netIncomeRatio": 0.0213911757, "eps": 0.2, "epsdiluted": 0.2, "weightedAverageShsOut": 1142000000, "weightedAverageShsOutDil": 1142000000, "link": "", "finalLink": "", "calculatedOtherExpenses": 408700000, "calculatedOperatingExpenses": 2274600000, "calculatedNetInterest": 0, "calculatedOtherIncome": -151800000, "calculatedIncomeNonControlling": 0, "calculatedEbitda": 784000000}, {"date": "1987-01-31", "symbol": "TGT", "reportedCurrency": "USD", "cik": "0000027419", "fillingDate": "1987-01-31", "acceptedDate": "1987-01-30 19:00:00", "calendarYear": "1986", "period": "FY", "revenue": 9259100000, "costOfRevenue": 6703000000, "grossProfit": 2556100000, "grossProfitRatio": 0.2760635483, "researchAndDevelopmentExpenses": 0, "generalAndAdministrativeExpenses": 0, "sellingAndMarketingExpenses": 0, "sellingGeneralAndAdministrativeExpenses": 1611200000, "otherExpenses": 333200000, "operatingExpenses": 1944400000, "costAndExpenses": 8647400000, "interestIncome": 0, "interestExpense": 0, "depreciationAndAmortization": 184900000, "ebitda": 776700000, "ebitdaratio": 0.0838850428, "operatingIncome": 611700000, "operatingIncomeRatio": 0.0660647363, "totalOtherIncomeExpensesNet": 19900000, "incomeBeforeTax": 494200000, "incomeBeforeTaxRatio": 0.053374518, "incomeTaxExpense": 239200000, "netIncome": 257100000, "netIncomeRatio": 0.0277672776, "eps": 0.23, "epsdiluted": 0.23, "weightedAverageShsOut": 1117826087, "weightedAverageShsOutDil": 1117826087, "link": "", "finalLink": "", "calculatedOtherExpenses": 333200000, "calculatedOperatingExpenses": 1944400000, "calculatedNetInterest": 0, "calculatedOtherIncome": -117500000, "calculatedIncomeNonControlling": -2100000, "calculatedEbitda": 796600000}, {"date": "1986-01-31", "symbol": "TGT", "reportedCurrency": "USD", "cik": "0000027419", "fillingDate": "1986-01-31", "acceptedDate": "1986-01-30 19:00:00", "calendarYear": "1985", "period": "FY", "revenue": 8793400000, "costOfRevenue": 6269200000, "grossProfit": 2524200000, "grossProfitRatio": 0.2870562012, "researchAndDevelopmentExpenses": 0, "generalAndAdministrativeExpenses": 0, "sellingAndMarketingExpenses": 0, "sellingGeneralAndAdministrativeExpenses": 1572700000, "otherExpenses": 319100000, "operatingExpenses": 1891800000, "costAndExpenses": 8161000000, "interestIncome": 0, "interestExpense": 0, "depreciationAndAmortization": 172800000, "ebitda": 829600000, "ebitdaratio": 0.0943434849, "operatingIncome": 632400000, "operatingIncomeRatio": 0.0719175745, "totalOtherIncomeExpensesNet": -24400000, "incomeBeforeTax": 524600000, "incomeBeforeTaxRatio": 0.0596583801, "incomeTaxExpense": 241000000, "netIncome": 283600000, "netIncomeRatio": 0.0322514613, "eps": 0.25, "epsdiluted": 0.25, "weightedAverageShsOut": 1134400000, "weightedAverageShsOutDil": 1134400000, "link": "", "finalLink": "", "calculatedOtherExpenses": 319100000, "calculatedOperatingExpenses": 1891800000, "calculatedNetInterest": 0, "calculatedOtherIncome": -107800000, "calculatedIncomeNonControlling": 0, "calculatedEbitda": 805200000}]}