{"originalCurrency": "USD", "convertedCurrency": "USD", "report": [{"date": "2023-12-31", "symbol": "THC", "reportedCurrency": "USD", "cik": "0000070318", "fillingDate": "2024-02-16", "acceptedDate": "2024-02-16 16:07:13", "calendarYear": "2023", "period": "FY", "revenue": 20548000000, "costOfRevenue": 18121000000, "grossProfit": 2427000000, "grossProfitRatio": 0.118113685, "researchAndDevelopmentExpenses": 0, "generalAndAdministrativeExpenses": 9146000000, "sellingAndMarketingExpenses": 0, "sellingGeneralAndAdministrativeExpenses": 9146000000, "otherExpenses": 19000000, "operatingExpenses": 14515000000, "costAndExpenses": 18121000000, "interestIncome": 901000000, "interestExpense": 901000000, "depreciationAndAmortization": 870000000, "ebitda": 3297000000, "ebitdaratio": 0.1604535721, "operatingIncome": 2427000000, "operatingIncomeRatio": 0.118113685, "totalOtherIncomeExpensesNet": -810000000, "incomeBeforeTax": 1617000000, "incomeBeforeTaxRatio": 0.0786937901, "incomeTaxExpense": 306000000, "netIncome": 611000000, "netIncomeRatio": 0.029735254, "eps": 6.01, "epsdiluted": 5.83, "weightedAverageShsOut": 101639000, "weightedAverageShsOutDil": 104800000, "link": "https://www.sec.gov/Archives/edgar/data/70318/000007031824000016/0000070318-24-000016-index.htm", "finalLink": "https://www.sec.gov/Archives/edgar/data/70318/000007031824000016/thc-20231231.htm", "calculatedOtherExpenses": -9146000000, "calculatedOperatingExpenses": 0, "calculatedNetInterest": 0, "calculatedOtherIncome": -810000000, "calculatedIncomeNonControlling": 700000000, "calculatedEbitda": 3297000000}, {"date": "2022-12-31", "symbol": "THC", "reportedCurrency": "USD", "cik": "0000070318", "fillingDate": "2023-02-21", "acceptedDate": "2023-02-17 17:56:19", "calendarYear": "2022", "period": "FY", "revenue": 19174000000, "costOfRevenue": 3273000000, "grossProfit": 15901000000, "grossProfitRatio": 0.8293000939, "researchAndDevelopmentExpenses": 0, "generalAndAdministrativeExpenses": 8844000000, "sellingAndMarketingExpenses": 0, "sellingGeneralAndAdministrativeExpenses": 8844000000, "otherExpenses": 4645000000, "operatingExpenses": 13489000000, "costAndExpenses": 16762000000, "interestIncome": 890000000, "interestExpense": 890000000, "depreciationAndAmortization": 1146000000, "ebitda": 3479000000, "ebitdaratio": 0.1814436216, "operatingIncome": 2333000000, "operatingIncomeRatio": 0.1216751851, "totalOtherIncomeExpensesNet": -989000000, "incomeBeforeTax": 1344000000, "incomeBeforeTaxRatio": 0.0700949202, "incomeTaxExpense": 344000000, "netIncome": 1000000000, "netIncomeRatio": 0.0521539585, "eps": 9.35, "epsdiluted": 9.05, "weightedAverageShsOut": 106929000, "weightedAverageShsOutDil": 110516000, "link": "https://www.sec.gov/Archives/edgar/data/70318/000007031823000010/0000070318-23-000010-index.htm", "finalLink": "https://www.sec.gov/Archives/edgar/data/70318/000007031823000010/thc-20221231.htm", "calculatedOtherExpenses": 4724000000, "calculatedOperatingExpenses": 13568000000, "calculatedNetInterest": 0, "calculatedOtherIncome": -989000000, "calculatedIncomeNonControlling": 0, "calculatedEbitda": 3479000000}, {"date": "2021-12-31", "symbol": "THC", "reportedCurrency": "USD", "cik": "0000070318", "fillingDate": "2022-02-18", "acceptedDate": "2022-02-18 16:07:13", "calendarYear": "2021", "period": "FY", "revenue": 19485000000, "costOfRevenue": 3328000000, "grossProfit": 16157000000, "grossProfitRatio": 0.8292019502, "researchAndDevelopmentExpenses": 0, "generalAndAdministrativeExpenses": 8878000000, "sellingAndMarketingExpenses": 0, "sellingGeneralAndAdministrativeExpenses": 8878000000, "otherExpenses": 4870000000, "operatingExpenses": 13748000000, "costAndExpenses": 17076000000, "interestIncome": 923000000, "interestExpense": 923000000, "depreciationAndAmortization": 625000000, "ebitda": 3496000000, "ebitdaratio": 0.1794200667, "operatingIncome": 2871000000, "operatingIncomeRatio": 0.1473441109, "totalOtherIncomeExpensesNet": -983000000, "incomeBeforeTax": 1888000000, "incomeBeforeTaxRatio": 0.0968950475, "incomeTaxExpense": 411000000, "netIncome": 1477000000, "netIncomeRatio": 0.0758018989, "eps": 13.83, "epsdiluted": 13.6, "weightedAverageShsOut": 106833000, "weightedAverageShsOutDil": 108571000, "link": "https://www.sec.gov/Archives/edgar/data/70318/000007031822000013/0000070318-22-000013-index.htm", "finalLink": "https://www.sec.gov/Archives/edgar/data/70318/000007031822000013/thc-20211231.htm", "calculatedOtherExpenses": 4408000000, "calculatedOperatingExpenses": 13286000000, "calculatedNetInterest": 0, "calculatedOtherIncome": -983000000, "calculatedIncomeNonControlling": 0, "calculatedEbitda": 3496000000}, {"date": "2020-12-31", "symbol": "THC", "reportedCurrency": "USD", "cik": "0000070318", "fillingDate": "2021-02-19", "acceptedDate": "2021-02-19 17:02:46", "calendarYear": "2020", "period": "FY", "revenue": 17640000000, "costOfRevenue": 2982000000, "grossProfit": 14658000000, "grossProfitRatio": 0.830952381, "researchAndDevelopmentExpenses": 0, "generalAndAdministrativeExpenses": 8418000000, "sellingAndMarketingExpenses": 0, "sellingGeneralAndAdministrativeExpenses": 8418000000, "otherExpenses": 4100000000, "operatingExpenses": 12518000000, "costAndExpenses": 15500000000, "interestIncome": 1003000000, "interestExpense": 1003000000, "depreciationAndAmortization": 1178000000, "ebitda": 3167000000, "ebitdaratio": 0.1795351474, "operatingIncome": 1989000000, "operatingIncomeRatio": 0.112755102, "totalOtherIncomeExpensesNet": -1318000000, "incomeBeforeTax": 671000000, "incomeBeforeTaxRatio": 0.0380385488, "incomeTaxExpense": -97000000, "netIncome": 768000000, "netIncomeRatio": 0.043537415, "eps": 7.31, "epsdiluted": 7.23, "weightedAverageShsOut": 105010000, "weightedAverageShsOutDil": 106263000, "link": "https://www.sec.gov/Archives/edgar/data/70318/000007031821000008/0000070318-21-000008-index.htm", "finalLink": "https://www.sec.gov/Archives/edgar/data/70318/000007031821000008/thc-20201231.htm", "calculatedOtherExpenses": 4251000000, "calculatedOperatingExpenses": 12669000000, "calculatedNetInterest": 0, "calculatedOtherIncome": -1318000000, "calculatedIncomeNonControlling": 0, "calculatedEbitda": 3167000000}, {"date": "2019-12-31", "symbol": "THC", "reportedCurrency": "USD", "cik": "0000070318", "fillingDate": "2020-02-24", "acceptedDate": "2020-02-24 16:28:48", "calendarYear": "2019", "period": "FY", "revenue": 18479000000, "costOfRevenue": 3057000000, "grossProfit": 15422000000, "grossProfitRatio": 0.8345689702, "researchAndDevelopmentExpenses": 0, "generalAndAdministrativeExpenses": 8704000000, "sellingAndMarketingExpenses": 0, "sellingGeneralAndAdministrativeExpenses": 8704000000, "otherExpenses": 5039000000, "operatingExpenses": 13743000000, "costAndExpenses": 16800000000, "interestIncome": 985000000, "interestExpense": 985000000, "depreciationAndAmortization": 1186000000, "ebitda": 2699000000, "ebitdaratio": 0.1460576871, "operatingIncome": 1513000000, "operatingIncomeRatio": 0.0818767249, "totalOtherIncomeExpensesNet": -1217000000, "incomeBeforeTax": 296000000, "incomeBeforeTaxRatio": 0.0160181828, "incomeTaxExpense": 153000000, "netIncome": 143000000, "netIncomeRatio": 0.007738514, "eps": 1.38, "epsdiluted": 1.38, "weightedAverageShsOut": 103398000, "weightedAverageShsOutDil": 103398000, "link": "https://www.sec.gov/Archives/edgar/data/70318/000007031820000014/0000070318-20-000014-index.htm", "finalLink": "https://www.sec.gov/Archives/edgar/data/70318/000007031820000014/thc-2019123110xk.htm", "calculatedOtherExpenses": 5205000000, "calculatedOperatingExpenses": 13909000000, "calculatedNetInterest": 0, "calculatedOtherIncome": -1217000000, "calculatedIncomeNonControlling": 0, "calculatedEbitda": 2699000000}, {"date": "2018-12-31", "symbol": "THC", "reportedCurrency": "USD", "cik": "0000070318", "fillingDate": "2019-02-25", "acceptedDate": "2019-02-25 16:34:09", "calendarYear": "2018", "period": "FY", "revenue": 18313000000, "costOfRevenue": 3004000000, "grossProfit": 15309000000, "grossProfitRatio": 0.8359635232, "researchAndDevelopmentExpenses": 0, "generalAndAdministrativeExpenses": 8634000000, "sellingAndMarketingExpenses": 0, "sellingGeneralAndAdministrativeExpenses": 8634000000, "otherExpenses": -5000000, "operatingExpenses": 13692000000, "costAndExpenses": 16696000000, "interestIncome": 0, "interestExpense": 1004000000, "depreciationAndAmortization": 802000000, "ebitda": 2564000000, "ebitdaratio": 0.1400098291, "operatingIncome": 1647000000, "operatingIncomeRatio": 0.089936111, "totalOtherIncomeExpensesNet": 26000000, "incomeBeforeTax": 639000000, "incomeBeforeTaxRatio": 0.0348932452, "incomeTaxExpense": 176000000, "netIncome": 111000000, "netIncomeRatio": 0.006061268, "eps": 1.09, "epsdiluted": 1.07, "weightedAverageShsOut": 102110000, "weightedAverageShsOutDil": 103881000, "link": "https://www.sec.gov/Archives/edgar/data/70318/000007031819000017/0000070318-19-000017-index.htm", "finalLink": "https://www.sec.gov/Archives/edgar/data/70318/000007031819000017/thc-2018123110xk.htm", "calculatedOtherExpenses": 5028000000, "calculatedOperatingExpenses": 13662000000, "calculatedNetInterest": -1004000000, "calculatedOtherIncome": -4000000, "calculatedIncomeNonControlling": 352000000, "calculatedEbitda": 2449000000}, {"date": "2017-12-31", "symbol": "THC", "reportedCurrency": "USD", "cik": "0000070318", "fillingDate": "2018-02-26", "acceptedDate": "2018-02-26 16:30:06", "calendarYear": "2017", "period": "FY", "revenue": 19179000000, "costOfRevenue": 3085000000, "grossProfit": 16094000000, "grossProfitRatio": 0.8391469837, "researchAndDevelopmentExpenses": 0, "generalAndAdministrativeExpenses": 9274000000, "sellingAndMarketingExpenses": 0, "sellingGeneralAndAdministrativeExpenses": 9274000000, "otherExpenses": -22000000, "operatingExpenses": 14705000000, "costAndExpenses": 17790000000, "interestIncome": 0, "interestExpense": 1028000000, "depreciationAndAmortization": 870000000, "ebitda": 2381000000, "ebitdaratio": 0.1241462016, "operatingIncome": 1113000000, "operatingIncomeRatio": 0.0580322227, "totalOtherIncomeExpensesNet": -462000000, "incomeBeforeTax": -101000000, "incomeBeforeTaxRatio": -0.0052661765, "incomeTaxExpense": 219000000, "netIncome": -704000000, "netIncomeRatio": -0.0367068147, "eps": -7, "epsdiluted": -7, "weightedAverageShsOut": 100571428, "weightedAverageShsOutDil": 100592000, "link": "https://www.sec.gov/Archives/edgar/data/70318/000007031818000011/0000070318-18-000011-index.htm", "finalLink": "https://www.sec.gov/Archives/edgar/data/70318/000007031818000011/thc-2017123110k.htm", "calculatedOtherExpenses": 5707000000, "calculatedOperatingExpenses": 14981000000, "calculatedNetInterest": -1028000000, "calculatedOtherIncome": -186000000, "calculatedIncomeNonControlling": 384000000, "calculatedEbitda": 1983000000}, {"date": "2016-12-31", "symbol": "THC", "reportedCurrency": "USD", "cik": "0000070318", "fillingDate": "2017-02-27", "acceptedDate": "2017-02-27 16:44:45", "calendarYear": "2016", "period": "FY", "revenue": 19621000000, "costOfRevenue": 3124000000, "grossProfit": 16497000000, "grossProfitRatio": 0.8407828347, "researchAndDevelopmentExpenses": 0, "generalAndAdministrativeExpenses": 9356000000, "sellingAndMarketingExpenses": 0, "sellingGeneralAndAdministrativeExpenses": 9356000000, "otherExpenses": 5709000000, "operatingExpenses": 15065000000, "costAndExpenses": 18189000000, "interestIncome": 0, "interestExpense": 979000000, "depreciationAndAmortization": 850000000, "ebitda": 2413000000, "ebitdaratio": 0.1229804801, "operatingIncome": 1219000000, "operatingIncomeRatio": 0.0621273126, "totalOtherIncomeExpensesNet": -205000000, "incomeBeforeTax": 248000000, "incomeBeforeTaxRatio": 0.0126395189, "incomeTaxExpense": 67000000, "netIncome": -192000000, "netIncomeRatio": -0.009785434, "eps": -1.93, "epsdiluted": -1.93, "weightedAverageShsOut": 99321000, "weightedAverageShsOutDil": 99321000, "link": "https://www.sec.gov/Archives/edgar/data/70318/000155837017001079/0001558370-17-001079-index.htm", "finalLink": "https://www.sec.gov/Archives/edgar/data/70318/000155837017001079/thc-20161231x10k.htm", "calculatedOtherExpenses": 5922000000, "calculatedOperatingExpenses": 15278000000, "calculatedNetInterest": -979000000, "calculatedOtherIncome": 8000000, "calculatedIncomeNonControlling": 373000000, "calculatedEbitda": 2069000000}, {"date": "2015-12-31", "symbol": "THC", "reportedCurrency": "USD", "cik": "0000070318", "fillingDate": "2016-02-22", "acceptedDate": "2016-02-22 17:19:55", "calendarYear": "2015", "period": "FY", "revenue": 18634000000, "costOfRevenue": 2963000000, "grossProfit": 15671000000, "grossProfitRatio": 0.8409895889, "researchAndDevelopmentExpenses": 0, "generalAndAdministrativeExpenses": 9011000000, "sellingAndMarketingExpenses": 0, "sellingGeneralAndAdministrativeExpenses": 9011000000, "otherExpenses": 5280000000, "operatingExpenses": 14291000000, "costAndExpenses": 17254000000, "interestIncome": 0, "interestExpense": 912000000, "depreciationAndAmortization": 797000000, "ebitda": 2276000000, "ebitdaratio": 0.1221423205, "operatingIncome": 1056000000, "operatingIncomeRatio": 0.0566706021, "totalOtherIncomeExpensesNet": -324000000, "incomeBeforeTax": 144000000, "incomeBeforeTaxRatio": 0.0077278094, "incomeTaxExpense": 68000000, "netIncome": -140000000, "netIncomeRatio": -0.007513148, "eps": -1.41, "epsdiluted": -1.41, "weightedAverageShsOut": 99167000, "weightedAverageShsOutDil": 99167000, "link": "https://www.sec.gov/Archives/edgar/data/70318/000155837016003350/0001558370-16-003350-index.htm", "finalLink": "https://www.sec.gov/Archives/edgar/data/70318/000155837016003350/thc-20151231x10k.htm", "calculatedOtherExpenses": 5604000000, "calculatedOperatingExpenses": 14615000000, "calculatedNetInterest": -912000000, "calculatedOtherIncome": 0, "calculatedIncomeNonControlling": 216000000, "calculatedEbitda": 1853000000}, {"date": "2014-12-31", "symbol": "THC", "reportedCurrency": "USD", "cik": "0000070318", "fillingDate": "2015-02-23", "acceptedDate": "2015-02-23 16:43:49", "calendarYear": "2014", "period": "FY", "revenue": 16615000000, "costOfRevenue": 2630000000, "grossProfit": 13985000000, "grossProfitRatio": 0.8417092988, "researchAndDevelopmentExpenses": 0, "generalAndAdministrativeExpenses": 8023000000, "sellingAndMarketingExpenses": 0, "sellingGeneralAndAdministrativeExpenses": 8023000000, "otherExpenses": 4859000000, "operatingExpenses": 12882000000, "costAndExpenses": 15512000000, "interestIncome": 0, "interestExpense": 754000000, "depreciationAndAmortization": 849000000, "ebitda": 1952000000, "ebitdaratio": 0.117484201, "operatingIncome": 925000000, "operatingIncomeRatio": 0.055672585, "totalOtherIncomeExpensesNet": -202000000, "incomeBeforeTax": 147000000, "incomeBeforeTaxRatio": 0.008847427, "incomeTaxExpense": 49000000, "netIncome": 12000000, "netIncomeRatio": 0.0007222389, "eps": 0.12, "epsdiluted": 0.12, "weightedAverageShsOut": 97801000, "weightedAverageShsOutDil": 100287000, "link": "https://www.sec.gov/Archives/edgar/data/70318/000155837015000132/0001558370-15-000132-index.htm", "finalLink": "https://www.sec.gov/Archives/edgar/data/70318/000155837015000132/thc-20141231x10k.htm", "calculatedOtherExpenses": 5037000000, "calculatedOperatingExpenses": 13060000000, "calculatedNetInterest": -754000000, "calculatedOtherIncome": -24000000, "calculatedIncomeNonControlling": 86000000, "calculatedEbitda": 1774000000}, {"date": "2013-12-31", "symbol": "THC", "reportedCurrency": "USD", "cik": "0000070318", "fillingDate": "2014-02-24", "acceptedDate": "2014-02-24 16:51:30", "calendarYear": "2013", "period": "FY", "revenue": 11102000000, "costOfRevenue": 1784000000, "grossProfit": 9318000000, "grossProfitRatio": 0.8393082328, "researchAndDevelopmentExpenses": 0, "generalAndAdministrativeExpenses": 5371000000, "sellingAndMarketingExpenses": 0, "sellingGeneralAndAdministrativeExpenses": 5371000000, "otherExpenses": 3150000000, "operatingExpenses": 8521000000, "costAndExpenses": 10305000000, "interestIncome": 0, "interestExpense": 474000000, "depreciationAndAmortization": 545000000, "ebitda": 1342000000, "ebitdaratio": 0.1208791209, "operatingIncome": 663000000, "operatingIncomeRatio": 0.0597189696, "totalOtherIncomeExpensesNet": -481000000, "incomeBeforeTax": -158000000, "incomeBeforeTaxRatio": -0.01423167, "incomeTaxExpense": -65000000, "netIncome": -134000000, "netIncomeRatio": -0.0120698973, "eps": -1.32, "epsdiluted": -1.32, "weightedAverageShsOut": 101648000, "weightedAverageShsOutDil": 101648000, "link": "https://www.sec.gov/Archives/edgar/data/70318/000110465914012768/0001104659-14-012768-index.htm", "finalLink": "https://www.sec.gov/Archives/edgar/data/70318/000110465914012768/a13-26042_110k.htm", "calculatedOtherExpenses": 3284000000, "calculatedOperatingExpenses": 8655000000, "calculatedNetInterest": -474000000, "calculatedOtherIncome": -347000000, "calculatedIncomeNonControlling": 41000000, "calculatedEbitda": 1208000000}, {"date": "2012-12-31", "symbol": "THC", "reportedCurrency": "USD", "cik": "0000070318", "fillingDate": "2013-02-26", "acceptedDate": "2013-02-26 07:40:15", "calendarYear": "2012", "period": "FY", "revenue": 9119000000, "costOfRevenue": 1552000000, "grossProfit": 7567000000, "grossProfitRatio": 0.8298058998, "researchAndDevelopmentExpenses": 0, "generalAndAdministrativeExpenses": 4257000000, "sellingAndMarketingExpenses": 0, "sellingGeneralAndAdministrativeExpenses": 4257000000, "otherExpenses": 2537000000, "operatingExpenses": 6794000000, "costAndExpenses": 8346000000, "interestIncome": 0, "interestExpense": 412000000, "depreciationAndAmortization": 430000000, "ebitda": 1203000000, "ebitdaratio": 0.1319223599, "operatingIncome": 749000000, "operatingIncomeRatio": 0.0821361991, "totalOtherIncomeExpensesNet": -27000000, "incomeBeforeTax": 334000000, "incomeBeforeTaxRatio": 0.0366268231, "incomeTaxExpense": 125000000, "netIncome": 152000000, "netIncomeRatio": 0.0166684944, "eps": 1.35, "epsdiluted": 1.3, "weightedAverageShsOut": 104200000, "weightedAverageShsOutDil": 108926000, "link": "https://www.sec.gov/Archives/edgar/data/70318/000110465913014113/0001104659-13-014113-index.htm", "finalLink": "https://www.sec.gov/Archives/edgar/data/70318/000110465913014113/a12-28129_110k.htm", "calculatedOtherExpenses": 2561000000, "calculatedOperatingExpenses": 6818000000, "calculatedNetInterest": -412000000, "calculatedOtherIncome": -3000000, "calculatedIncomeNonControlling": 57000000, "calculatedEbitda": 1179000000}, {"date": "2011-12-31", "symbol": "THC", "reportedCurrency": "USD", "cik": "0000070318", "fillingDate": "2012-02-28", "acceptedDate": "2012-02-28 07:41:50", "calendarYear": "2011", "period": "FY", "revenue": 8854000000, "costOfRevenue": 5664000000, "grossProfit": 3190000000, "grossProfitRatio": 0.3602891349, "researchAndDevelopmentExpenses": 0, "generalAndAdministrativeExpenses": 0, "sellingAndMarketingExpenses": 0, "sellingGeneralAndAdministrativeExpenses": 0, "otherExpenses": 2458000000, "operatingExpenses": 2458000000, "costAndExpenses": 8122000000, "interestIncome": 0, "interestExpense": 375000000, "depreciationAndAmortization": 413000000, "ebitda": 1145000000, "ebitdaratio": 0.1293200813, "operatingIncome": 732000000, "operatingIncomeRatio": 0.0826744974, "totalOtherIncomeExpensesNet": -196000000, "incomeBeforeTax": 161000000, "incomeBeforeTaxRatio": 0.0181838717, "incomeTaxExpense": 61000000, "netIncome": 82000000, "netIncomeRatio": 0.0092613508, "eps": 0.49, "epsdiluted": 0.48, "weightedAverageShsOut": 117182000, "weightedAverageShsOutDil": 121295000, "link": "https://www.sec.gov/Archives/edgar/data/70318/000110465912013589/0001104659-12-013589-index.htm", "finalLink": "https://www.sec.gov/Archives/edgar/data/70318/000110465912013589/a11-31386_110k.htm", "calculatedOtherExpenses": 2458000000, "calculatedOperatingExpenses": 2458000000, "calculatedNetInterest": -375000000, "calculatedOtherIncome": -196000000, "calculatedIncomeNonControlling": 18000000, "calculatedEbitda": 1145000000}, {"date": "2010-12-31", "symbol": "THC", "reportedCurrency": "USD", "cik": "0000070318", "fillingDate": "2011-02-25", "acceptedDate": "2011-02-25 07:32:50", "calendarYear": "2010", "period": "FY", "revenue": 9205000000, "costOfRevenue": 5477000000, "grossProfit": 3728000000, "grossProfitRatio": 0.4049972841, "researchAndDevelopmentExpenses": 0, "generalAndAdministrativeExpenses": 0, "sellingAndMarketingExpenses": 0, "sellingGeneralAndAdministrativeExpenses": 0, "otherExpenses": 3072000000, "operatingExpenses": 3072000000, "costAndExpenses": 8549000000, "interestIncome": 0, "interestExpense": 424000000, "depreciationAndAmortization": 425000000, "ebitda": 1081000000, "ebitdaratio": 0.117436176, "operatingIncome": 656000000, "operatingIncomeRatio": 0.0712656165, "totalOtherIncomeExpensesNet": -74000000, "incomeBeforeTax": 158000000, "incomeBeforeTaxRatio": 0.0171645845, "incomeTaxExpense": -977000000, "netIncome": 1143000000, "netIncomeRatio": 0.1241716458, "eps": 9.24, "epsdiluted": 8.16, "weightedAverageShsOut": 121080000, "weightedAverageShsOutDil": 140158000, "link": "https://www.sec.gov/Archives/edgar/data/70318/000119312511046322/0001193125-11-046322-index.htm", "finalLink": "https://www.sec.gov/Archives/edgar/data/70318/000119312511046322/d10k.htm", "calculatedOtherExpenses": 3072000000, "calculatedOperatingExpenses": 3072000000, "calculatedNetInterest": -424000000, "calculatedOtherIncome": -74000000, "calculatedIncomeNonControlling": -8000000, "calculatedEbitda": 1081000000}, {"date": "2009-12-31", "symbol": "THC", "reportedCurrency": "USD", "cik": "0000070318", "fillingDate": "2010-02-23", "acceptedDate": "2010-02-23 07:03:44", "calendarYear": "2009", "period": "FY", "revenue": 9014000000, "costOfRevenue": 5426000000, "grossProfit": 3588000000, "grossProfitRatio": 0.3980474817, "researchAndDevelopmentExpenses": 0, "generalAndAdministrativeExpenses": 0, "sellingAndMarketingExpenses": 0, "sellingGeneralAndAdministrativeExpenses": 0, "otherExpenses": 1083000000, "operatingExpenses": 1083000000, "costAndExpenses": 6509000000, "interestIncome": 0, "interestExpense": 445000000, "depreciationAndAmortization": 386000000, "ebitda": 2891000000, "ebitdaratio": 0.3207233193, "operatingIncome": 2505000000, "operatingIncomeRatio": 0.2779010428, "totalOtherIncomeExpensesNet": -1855000000, "incomeBeforeTax": 205000000, "incomeBeforeTaxRatio": 0.0227424007, "incomeTaxExpense": -23000000, "netIncome": 187000000, "netIncomeRatio": 0.020745507, "eps": 1.52, "epsdiluted": 1.48, "weightedAverageShsOut": 120060000, "weightedAverageShsOutDil": 126819250, "link": "https://www.sec.gov/Archives/edgar/data/70318/000119312510036920/0001193125-10-036920-index.htm", "finalLink": "https://www.sec.gov/Archives/edgar/data/70318/000119312510036920/d10k.htm", "calculatedOtherExpenses": 1083000000, "calculatedOperatingExpenses": 1083000000, "calculatedNetInterest": -445000000, "calculatedOtherIncome": -1855000000, "calculatedIncomeNonControlling": 41000000, "calculatedEbitda": 2891000000}, {"date": "2008-12-31", "symbol": "THC", "reportedCurrency": "USD", "cik": "0000070318", "fillingDate": "2009-02-24", "acceptedDate": "2009-02-24 08:03:33", "calendarYear": "2008", "period": "FY", "revenue": 8663000000, "costOfRevenue": 5344000000, "grossProfit": 3319000000, "grossProfitRatio": 0.3831236292, "researchAndDevelopmentExpenses": 0, "generalAndAdministrativeExpenses": 0, "sellingAndMarketingExpenses": 0, "sellingGeneralAndAdministrativeExpenses": 0, "otherExpenses": 1005000000, "operatingExpenses": 3001000000, "costAndExpenses": 8345000000, "interestIncome": 22000000, "interestExpense": 418000000, "depreciationAndAmortization": 373000000, "ebitda": 707000000, "ebitdaratio": 0.081611451, "operatingIncome": 2314000000, "operatingIncomeRatio": 0.2671130094, "totalOtherIncomeExpensesNet": 115000000, "incomeBeforeTax": 37000000, "incomeBeforeTaxRatio": 0.0042710377, "incomeTaxExpense": -25000000, "netIncome": 25000000, "netIncomeRatio": 0.0028858363, "eps": 0.2, "epsdiluted": 0.2, "weightedAverageShsOut": 119087250, "weightedAverageShsOutDil": 119651500, "link": "https://www.sec.gov/Archives/edgar/data/70318/000119312509035651/0001193125-09-035651-index.htm", "finalLink": "https://www.sec.gov/Archives/edgar/data/70318/000119312509035651/d10k.htm", "calculatedOtherExpenses": 1005000000, "calculatedOperatingExpenses": 1005000000, "calculatedNetInterest": -396000000, "calculatedOtherIncome": -1881000000, "calculatedIncomeNonControlling": 37000000, "calculatedEbitda": 2687000000}, {"date": "2007-12-31", "symbol": "THC", "reportedCurrency": "USD", "cik": "0000070318", "fillingDate": "2008-02-26", "acceptedDate": "2008-02-26 08:01:06", "calendarYear": "2007", "period": "FY", "revenue": 8852000000, "costOfRevenue": 5537000000, "grossProfit": 3315000000, "grossProfitRatio": 0.3744916403, "researchAndDevelopmentExpenses": 0, "generalAndAdministrativeExpenses": 2614000000, "sellingAndMarketingExpenses": 0, "sellingGeneralAndAdministrativeExpenses": 2614000000, "otherExpenses": 432000000, "operatingExpenses": 3046000000, "costAndExpenses": 8583000000, "interestIncome": 0, "interestExpense": 439000000, "depreciationAndAmortization": 362000000, "ebitda": 654000000, "ebitdaratio": 0.0738816087, "operatingIncome": 292000000, "operatingIncomeRatio": 0.0329868956, "totalOtherIncomeExpensesNet": -23000000, "incomeBeforeTax": -107000000, "incomeBeforeTaxRatio": -0.0120876638, "incomeTaxExpense": -58000000, "netIncome": -89000000, "netIncomeRatio": -0.010054225, "eps": -0.75, "epsdiluted": -0.75, "weightedAverageShsOut": 118351250, "weightedAverageShsOutDil": 118351250, "link": "https://www.sec.gov/Archives/edgar/data/70318/000110465908012766/0001104659-08-012766-index.htm", "finalLink": "https://www.sec.gov/Archives/edgar/data/70318/000110465908012766/a08-2348_110k.htm", "calculatedOtherExpenses": 409000000, "calculatedOperatingExpenses": 3023000000, "calculatedNetInterest": -439000000, "calculatedOtherIncome": 40000000, "calculatedIncomeNonControlling": 40000000, "calculatedEbitda": 654000000}, {"date": "2006-12-31", "symbol": "THC", "reportedCurrency": "USD", "cik": "0000070318", "fillingDate": "2007-02-27", "acceptedDate": "2007-02-27 08:55:08", "calendarYear": "2006", "period": "FY", "revenue": 8701000000, "costOfRevenue": 5470000000, "grossProfit": 3231000000, "grossProfitRatio": 0.371336628, "researchAndDevelopmentExpenses": 0, "generalAndAdministrativeExpenses": 2544000000, "sellingAndMarketingExpenses": 0, "sellingGeneralAndAdministrativeExpenses": 2544000000, "otherExpenses": 1470000000, "operatingExpenses": 4014000000, "costAndExpenses": 9484000000, "interestIncome": 0, "interestExpense": 1347000000, "depreciationAndAmortization": 342000000, "ebitda": 624000000, "ebitdaratio": 0.0717158947, "operatingIncome": 282000000, "operatingIncomeRatio": 0.0324100678, "totalOtherIncomeExpensesNet": -1065000000, "incomeBeforeTax": -1133000000, "incomeBeforeTaxRatio": -0.1302149178, "incomeTaxExpense": -262000000, "netIncome": -803000000, "netIncomeRatio": -0.0922882427, "eps": -6.82, "epsdiluted": -6.82, "weightedAverageShsOut": 117711750, "weightedAverageShsOutDil": 117711750, "link": "https://www.sec.gov/Archives/edgar/data/70318/000110465907014090/0001104659-07-014090-index.htm", "finalLink": "https://www.sec.gov/Archives/edgar/data/70318/000110465907014090/a07-2935_110k.htm", "calculatedOtherExpenses": 405000000, "calculatedOperatingExpenses": 2949000000, "calculatedNetInterest": -1347000000, "calculatedOtherIncome": -68000000, "calculatedIncomeNonControlling": -68000000, "calculatedEbitda": 624000000}, {"date": "2005-12-31", "symbol": "THC", "reportedCurrency": "USD", "cik": "0000070318", "fillingDate": "2006-03-09", "acceptedDate": "2006-03-09 17:25:48", "calendarYear": "2005", "period": "FY", "revenue": 9614000000, "costOfRevenue": 6162000000, "grossProfit": 3452000000, "grossProfitRatio": 0.3590597046, "researchAndDevelopmentExpenses": 0, "generalAndAdministrativeExpenses": 2881000000, "sellingAndMarketingExpenses": 0, "sellingGeneralAndAdministrativeExpenses": 2881000000, "otherExpenses": 919000000, "operatingExpenses": 3800000000, "costAndExpenses": 9962000000, "interestIncome": 0, "interestExpense": 932000000, "depreciationAndAmortization": 382000000, "ebitda": 519000000, "ebitdaratio": 0.0539837737, "operatingIncome": 137000000, "operatingIncomeRatio": 0.014250052, "totalOtherIncomeExpensesNet": -485000000, "incomeBeforeTax": -708000000, "incomeBeforeTaxRatio": -0.0736426045, "incomeTaxExpense": -87000000, "netIncome": -708000000, "netIncomeRatio": -0.0736426045, "eps": -6.04, "epsdiluted": -6.04, "weightedAverageShsOut": 117224500, "weightedAverageShsOutDil": 117224500, "link": "https://www.sec.gov/Archives/edgar/data/70318/000104746906003135/0001047469-06-003135-index.htm", "finalLink": "https://www.sec.gov/Archives/edgar/data/70318/000104746906003135/a2167731z10-k.htm", "calculatedOtherExpenses": 434000000, "calculatedOperatingExpenses": 3315000000, "calculatedNetInterest": -932000000, "calculatedOtherIncome": 87000000, "calculatedIncomeNonControlling": 87000000, "calculatedEbitda": 519000000}, {"date": "2004-12-31", "symbol": "THC", "reportedCurrency": "USD", "cik": "0000070318", "fillingDate": "2005-03-08", "acceptedDate": "2005-03-08 08:05:41", "calendarYear": "2004", "period": "FY", "revenue": 9919000000, "costOfRevenue": 6049000000, "grossProfit": 3870000000, "grossProfitRatio": 0.3901602984, "researchAndDevelopmentExpenses": 0, "generalAndAdministrativeExpenses": 3436000000, "sellingAndMarketingExpenses": 0, "sellingGeneralAndAdministrativeExpenses": 3436000000, "otherExpenses": 1711000000, "operatingExpenses": 5147000000, "costAndExpenses": 11196000000, "interestIncome": 0, "interestExpense": 2508000000, "depreciationAndAmortization": 388000000, "ebitda": 440000000, "ebitdaratio": 0.0443593104, "operatingIncome": 52000000, "operatingIncomeRatio": 0.005242464, "totalOtherIncomeExpensesNet": -1329000000, "incomeBeforeTax": -1613000000, "incomeBeforeTaxRatio": -0.1626171993, "incomeTaxExpense": 184000000, "netIncome": -2640000000, "netIncomeRatio": -0.2661558625, "eps": -22.65, "epsdiluted": -22.65, "weightedAverageShsOut": 116556500, "weightedAverageShsOutDil": 116556500, "link": "https://www.sec.gov/Archives/edgar/data/70318/000104746905005606/0001047469-05-005606-index.htm", "finalLink": "https://www.sec.gov/Archives/edgar/data/70318/000104746905005606/a2152529z10-k.htm", "calculatedOtherExpenses": 382000000, "calculatedOperatingExpenses": 3818000000, "calculatedNetInterest": -2508000000, "calculatedOtherIncome": 843000000, "calculatedIncomeNonControlling": 843000000, "calculatedEbitda": 440000000}, {"date": "2003-12-31", "symbol": "THC", "reportedCurrency": "USD", "cik": "0000070318", "fillingDate": "2004-03-15", "acceptedDate": "2004-03-15 16:49:35", "calendarYear": "2003", "period": "FY", "revenue": 13212000000, "costOfRevenue": 8157000000, "grossProfit": 5055000000, "grossProfitRatio": 0.3826067212, "researchAndDevelopmentExpenses": 0, "generalAndAdministrativeExpenses": 0, "sellingAndMarketingExpenses": 0, "sellingGeneralAndAdministrativeExpenses": 12151000000, "otherExpenses": 2623000000, "operatingExpenses": 14774000000, "costAndExpenses": 14774000000, "interestIncome": 0, "interestExpense": 2486000000, "depreciationAndAmortization": 471000000, "ebitda": 1043000000, "ebitdaratio": 0.0789433848, "operatingIncome": 572000000, "operatingIncomeRatio": 0.0432939752, "totalOtherIncomeExpensesNet": -2134000000, "incomeBeforeTax": -1841000000, "incomeBeforeTaxRatio": -0.1393430215, "incomeTaxExpense": -437000000, "netIncome": -1477000000, "netIncomeRatio": -0.11179231, "eps": -12.67, "epsdiluted": -12.67, "weightedAverageShsOut": 116597750, "weightedAverageShsOutDil": 116597750, "link": "https://www.sec.gov/Archives/edgar/data/70318/000104746904008016/0001047469-04-008016-index.htm", "finalLink": "https://www.sec.gov/Archives/edgar/data/70318/000104746904008016/a2129890z10-k.htm", "calculatedOtherExpenses": -7668000000, "calculatedOperatingExpenses": 4483000000, "calculatedNetInterest": -2486000000, "calculatedOtherIncome": 73000000, "calculatedIncomeNonControlling": 73000000, "calculatedEbitda": 1043000000}, {"date": "2002-12-31", "symbol": "THC", "reportedCurrency": "USD", "cik": "0000070318", "fillingDate": "2002-12-31", "acceptedDate": "2002-12-31 00:00:00", "calendarYear": "2002", "period": "FY", "revenue": 0, "costOfRevenue": 0, "grossProfit": 0, "grossProfitRatio": 0, "researchAndDevelopmentExpenses": 0, "generalAndAdministrativeExpenses": 0, "sellingAndMarketingExpenses": 0, "sellingGeneralAndAdministrativeExpenses": 0, "otherExpenses": 0, "operatingExpenses": 0, "costAndExpenses": 0, "interestIncome": 0, "interestExpense": 0, "depreciationAndAmortization": 0, "ebitda": 0, "ebitdaratio": 0, "operatingIncome": 0, "operatingIncomeRatio": 0, "totalOtherIncomeExpensesNet": 0, "incomeBeforeTax": 0, "incomeBeforeTaxRatio": 0, "incomeTaxExpense": 0, "netIncome": 0, "netIncomeRatio": 0, "eps": 0, "epsdiluted": 0, "weightedAverageShsOut": 116481750, "weightedAverageShsOutDil": 116481750, "link": null, "finalLink": null, "calculatedOtherExpenses": 0, "calculatedOperatingExpenses": 0, "calculatedNetInterest": 0, "calculatedOtherIncome": 0, "calculatedIncomeNonControlling": 0, "calculatedEbitda": 0}, {"date": "2002-05-31", "symbol": "THC", "reportedCurrency": "USD", "cik": "0000070318", "fillingDate": "2002-08-14", "acceptedDate": "2002-08-13 18:08:13", "calendarYear": "2001", "period": "FY", "revenue": 12053000000, "costOfRevenue": 4280000000, "grossProfit": 7773000000, "grossProfitRatio": 0.6449016842, "researchAndDevelopmentExpenses": 0, "generalAndAdministrativeExpenses": 5529000000, "sellingAndMarketingExpenses": 0, "sellingGeneralAndAdministrativeExpenses": 5529000000, "otherExpenses": 697000000, "operatingExpenses": 6226000000, "costAndExpenses": 10506000000, "interestIncome": 0, "interestExpense": 518000000, "depreciationAndAmortization": 554000000, "ebitda": 2179000000, "ebitdaratio": 0.1807848668, "operatingIncome": 1625000000, "operatingIncomeRatio": 0.1348212063, "totalOtherIncomeExpensesNet": -78000000, "incomeBeforeTax": 1142000000, "incomeBeforeTaxRatio": 0.0947481955, "incomeTaxExpense": 464000000, "netIncome": 785000000, "netIncomeRatio": 0.0651290135, "eps": 5.36, "epsdiluted": 5.25, "weightedAverageShsOut": 119905125, "weightedAverageShsOutDil": 122682000, "link": "https://www.sec.gov/Archives/edgar/data/70318/000089710102000564/0000897101-02-000564-index.htm", "finalLink": "https://www.sec.gov/Archives/edgar/data/70318/000089710102000564/tenet023722_10k.htm", "calculatedOtherExpenses": 619000000, "calculatedOperatingExpenses": 6148000000, "calculatedNetInterest": -518000000, "calculatedOtherIncome": 35000000, "calculatedIncomeNonControlling": -107000000, "calculatedEbitda": 2179000000}, {"date": "2000-05-31", "symbol": "THC", "reportedCurrency": "USD", "cik": "0000070318", "fillingDate": "2000-08-15", "acceptedDate": "2000-08-15 00:00:00", "calendarYear": "2000", "period": "FY", "revenue": 11414000000, "costOfRevenue": 4120000000, "grossProfit": 7294000000, "grossProfitRatio": 0.6390397757, "researchAndDevelopmentExpenses": 0, "generalAndAdministrativeExpenses": 5359000000, "sellingAndMarketingExpenses": 0, "sellingGeneralAndAdministrativeExpenses": 5359000000, "otherExpenses": 533000000, "operatingExpenses": 5892000000, "costAndExpenses": 10012000000, "interestIncome": 0, "interestExpense": 1106000000, "depreciationAndAmortization": 533000000, "ebitda": 2219000000, "ebitdaratio": 0.1944103732, "operatingIncome": 1686000000, "operatingIncomeRatio": 0.1477133345, "totalOtherIncomeExpensesNet": -284000000, "incomeBeforeTax": 618000000, "incomeBeforeTaxRatio": 0.0541440336, "incomeTaxExpense": 278000000, "netIncome": 302000000, "netIncomeRatio": 0.0264587349, "eps": 2.58, "epsdiluted": 2.56, "weightedAverageShsOut": 116992500, "weightedAverageShsOutDil": 118094250, "link": "https://www.sec.gov/Archives/edgar/data/70318/000091205700037746/0000912057-00-037746-index.htm", "finalLink": "https://www.sec.gov/Archives/edgar/data/70318/000091205700037746/a10-k405.txt", "calculatedOtherExpenses": 249000000, "calculatedOperatingExpenses": 5608000000, "calculatedNetInterest": -1106000000, "calculatedOtherIncome": 38000000, "calculatedIncomeNonControlling": 38000000, "calculatedEbitda": 2219000000}, {"date": "1999-05-31", "symbol": "THC", "reportedCurrency": "USD", "cik": "0000070318", "fillingDate": "1999-08-27", "acceptedDate": "1999-08-27 00:00:00", "calendarYear": "1999", "period": "FY", "revenue": 10880000000, "costOfRevenue": 3867000000, "grossProfit": 7013000000, "grossProfitRatio": 0.6445772059, "researchAndDevelopmentExpenses": 0, "generalAndAdministrativeExpenses": 5155000000, "sellingAndMarketingExpenses": 0, "sellingGeneralAndAdministrativeExpenses": 5155000000, "otherExpenses": 556000000, "operatingExpenses": 5711000000, "costAndExpenses": 9578000000, "interestIncome": 0, "interestExpense": 1164000000, "depreciationAndAmortization": 556000000, "ebitda": 2194000000, "ebitdaratio": 0.2016544118, "operatingIncome": 1638000000, "operatingIncomeRatio": 0.1505514706, "totalOtherIncomeExpensesNet": -336000000, "incomeBeforeTax": 474000000, "incomeBeforeTaxRatio": 0.0435661765, "incomeTaxExpense": 225000000, "netIncome": 249000000, "netIncomeRatio": 0.0228860294, "eps": 2.14, "epsdiluted": 2.12, "weightedAverageShsOut": 116268750, "weightedAverageShsOutDil": 117519750, "link": "https://www.sec.gov/Archives/edgar/data/70318/000104746999033844/0001047469-99-033844-index.html", "finalLink": "https://www.sec.gov/Archives/edgar/data/70318/000104746999033844/", "calculatedOtherExpenses": 220000000, "calculatedOperatingExpenses": 5375000000, "calculatedNetInterest": -1164000000, "calculatedOtherIncome": 0, "calculatedIncomeNonControlling": 0, "calculatedEbitda": 2194000000}, {"date": "1998-05-31", "symbol": "THC", "reportedCurrency": "USD", "cik": "0000070318", "fillingDate": "1998-08-28", "acceptedDate": "1998-08-28 00:00:00", "calendarYear": "1998", "period": "FY", "revenue": 9895000000, "costOfRevenue": 3446000000, "grossProfit": 6449000000, "grossProfitRatio": 0.6517433047, "researchAndDevelopmentExpenses": 0, "generalAndAdministrativeExpenses": 4640000000, "sellingAndMarketingExpenses": 0, "sellingGeneralAndAdministrativeExpenses": 4640000000, "otherExpenses": 460000000, "operatingExpenses": 5100000000, "costAndExpenses": 8546000000, "interestIncome": 0, "interestExpense": 1035000000, "depreciationAndAmortization": 460000000, "ebitda": 2025000000, "ebitdaratio": 0.2046488125, "operatingIncome": 1565000000, "operatingIncomeRatio": 0.1581606872, "totalOtherIncomeExpensesNet": -216000000, "incomeBeforeTax": 647000000, "incomeBeforeTaxRatio": 0.0653865589, "incomeTaxExpense": 269000000, "netIncome": 261000000, "netIncomeRatio": 0.0263769581, "eps": 2.27, "epsdiluted": 2.23, "weightedAverageShsOut": 115018826, "weightedAverageShsOutDil": 116802064, "link": "https://www.sec.gov/Archives/edgar/data/70318/000104746998033004/0001047469-98-033004-index.html", "finalLink": "https://www.sec.gov/Archives/edgar/data/70318/", "calculatedOtherExpenses": 244000000, "calculatedOperatingExpenses": 4884000000, "calculatedNetInterest": -1035000000, "calculatedOtherIncome": 117000000, "calculatedIncomeNonControlling": 117000000, "calculatedEbitda": 2025000000}, {"date": "1997-05-31", "symbol": "THC", "reportedCurrency": "USD", "cik": "0000070318", "fillingDate": "1997-08-27", "acceptedDate": "1997-08-27 00:00:00", "calendarYear": "1997", "period": "FY", "revenue": 8691000000, "costOfRevenue": 7834000000, "grossProfit": 857000000, "grossProfitRatio": 0.0986077551, "researchAndDevelopmentExpenses": 0, "generalAndAdministrativeExpenses": 0, "sellingAndMarketingExpenses": 0, "sellingGeneralAndAdministrativeExpenses": 0, "otherExpenses": 443000000, "operatingExpenses": 443000000, "costAndExpenses": 8277000000, "interestIncome": 0, "interestExpense": 607000000, "depreciationAndAmortization": 443000000, "ebitda": 848000000, "ebitdaratio": 0.0975722011, "operatingIncome": 405000000, "operatingIncomeRatio": 0.046599931, "totalOtherIncomeExpensesNet": 9000000, "incomeBeforeTax": -21000000, "incomeBeforeTaxRatio": -0.0024162927, "incomeTaxExpense": 52000000, "netIncome": -254000000, "netIncomeRatio": -0.0292256357, "eps": -2.23, "epsdiluted": -2.23, "weightedAverageShsOut": 113947500, "weightedAverageShsOutDil": 114057375, "link": "https://www.sec.gov/Archives/edgar/data/70318/000091205797029143/0000912057-97-029143-index.html", "finalLink": "https://www.sec.gov/Archives/edgar/data/70318/", "calculatedOtherExpenses": 452000000, "calculatedOperatingExpenses": 452000000, "calculatedNetInterest": -607000000, "calculatedOtherIncome": 181000000, "calculatedIncomeNonControlling": 181000000, "calculatedEbitda": 848000000}, {"date": "1996-05-31", "symbol": "THC", "reportedCurrency": "USD", "cik": "0000070318", "fillingDate": "1996-08-26", "acceptedDate": "1996-08-26 00:00:00", "calendarYear": "1996", "period": "FY", "revenue": 5559000000, "costOfRevenue": 4460000000, "grossProfit": 1099000000, "grossProfitRatio": 0.1976974276, "researchAndDevelopmentExpenses": 0, "generalAndAdministrativeExpenses": 0, "sellingAndMarketingExpenses": 0, "sellingGeneralAndAdministrativeExpenses": 0, "otherExpenses": 321000000, "operatingExpenses": 321000000, "costAndExpenses": 4781000000, "interestIncome": 0, "interestExpense": -221800000, "depreciationAndAmortization": 321000000, "ebitda": 797000000, "ebitdaratio": 0.1433711099, "operatingIncome": 476000000, "operatingIncomeRatio": 0.0856269113, "totalOtherIncomeExpensesNet": 302000000, "incomeBeforeTax": 746000000, "incomeBeforeTaxRatio": 0.134196798, "incomeTaxExpense": 348000000, "netIncome": 349800000, "netIncomeRatio": 0.0629249865, "eps": 4.52, "epsdiluted": 4.37, "weightedAverageShsOut": 77419624, "weightedAverageShsOutDil": 80089266, "link": "https://www.sec.gov/Archives/edgar/data/70318/000091205796018792/0000912057-96-018792-index.html", "finalLink": "https://www.sec.gov/Archives/edgar/data/70318/", "calculatedOtherExpenses": 623000000, "calculatedOperatingExpenses": 623000000, "calculatedNetInterest": 221800000, "calculatedOtherIncome": 48200000, "calculatedIncomeNonControlling": 48200000, "calculatedEbitda": 797000000}, {"date": "1995-05-31", "symbol": "THC", "reportedCurrency": "USD", "cik": "0000070318", "fillingDate": "1995-08-25", "acceptedDate": "1995-08-25 00:00:00", "calendarYear": "1995", "period": "FY", "revenue": 3318000000, "costOfRevenue": 2695000000, "grossProfit": 623000000, "grossProfitRatio": 0.1877637131, "researchAndDevelopmentExpenses": 0, "generalAndAdministrativeExpenses": 0, "sellingAndMarketingExpenses": 0, "sellingGeneralAndAdministrativeExpenses": 0, "otherExpenses": 195000000, "operatingExpenses": 195000000, "costAndExpenses": 2890000000, "interestIncome": 0, "interestExpense": 62000000, "depreciationAndAmortization": 195000000, "ebitda": 575000000, "ebitdaratio": 0.173297167, "operatingIncome": 380000000, "operatingIncomeRatio": 0.1145268234, "totalOtherIncomeExpensesNet": 48000000, "incomeBeforeTax": 329000000, "incomeBeforeTaxRatio": 0.0991561181, "incomeTaxExpense": 135000000, "netIncome": 183000000, "netIncomeRatio": 0.0551537071, "eps": 2.76, "epsdiluted": 2.43, "weightedAverageShsOut": 66306375, "weightedAverageShsOutDil": 75412088, "link": "https://www.sec.gov/Archives/edgar/data/70318/000089843095001700/0000898430-95-001700-index.html", "finalLink": "https://www.sec.gov/Archives/edgar/data/70318/", "calculatedOtherExpenses": 243000000, "calculatedOperatingExpenses": 243000000, "calculatedNetInterest": -62000000, "calculatedOtherIncome": 11000000, "calculatedIncomeNonControlling": 11000000, "calculatedEbitda": 575000000}, {"date": "1994-05-31", "symbol": "THC", "reportedCurrency": "USD", "cik": "0000070318", "fillingDate": "1994-08-26", "acceptedDate": "1994-08-26 00:00:00", "calendarYear": "1994", "period": "FY", "revenue": 2967000000, "costOfRevenue": 2455000000, "grossProfit": 512000000, "grossProfitRatio": 0.1725648804, "researchAndDevelopmentExpenses": 0, "generalAndAdministrativeExpenses": 0, "sellingAndMarketingExpenses": 0, "sellingGeneralAndAdministrativeExpenses": 0, "otherExpenses": 198000000, "operatingExpenses": 198000000, "costAndExpenses": 2653000000, "interestIncome": 0, "interestExpense": 479100000, "depreciationAndAmortization": 198000000, "ebitda": 396000000, "ebitdaratio": 0.1334681496, "operatingIncome": 198000000, "operatingIncomeRatio": 0.0667340748, "totalOtherIncomeExpensesNet": 116000000, "incomeBeforeTax": 359900000, "incomeBeforeTaxRatio": 0.1213009774, "incomeTaxExpense": 144000000, "netIncome": -425100000, "netIncomeRatio": -0.1432760364, "eps": -6.79, "epsdiluted": -6.79, "weightedAverageShsOut": 62634000, "weightedAverageShsOutDil": 62634000, "link": "https://www.sec.gov/Archives/edgar/data/70318/000089843094000634/0000898430-94-000634-index.html", "finalLink": "https://www.sec.gov/Archives/edgar/data/70318/", "calculatedOtherExpenses": 314000000, "calculatedOperatingExpenses": 314000000, "calculatedNetInterest": -479100000, "calculatedOtherIncome": 641000000, "calculatedIncomeNonControlling": 641000000, "calculatedEbitda": 396000000}, {"date": "1993-05-31", "symbol": "THC", "reportedCurrency": "USD", "cik": "0000070318", "fillingDate": "1993-05-31", "acceptedDate": "1993-05-31 00:00:00", "calendarYear": "1993", "period": "FY", "revenue": 3761800000, "costOfRevenue": 3163000000, "grossProfit": 598800000, "grossProfitRatio": 0.1591791164, "researchAndDevelopmentExpenses": 0, "generalAndAdministrativeExpenses": 0, "sellingAndMarketingExpenses": 0, "sellingGeneralAndAdministrativeExpenses": 0, "otherExpenses": 199000000, "operatingExpenses": 199000000, "costAndExpenses": 3362000000, "interestIncome": 0, "interestExpense": 203800000, "depreciationAndAmortization": 199000000, "ebitda": 661800000, "ebitdaratio": 0.1759264182, "operatingIncome": 462800000, "operatingIncomeRatio": 0.1230262109, "totalOtherIncomeExpensesNet": -63000000, "incomeBeforeTax": 259000000, "incomeBeforeTaxRatio": 0.0688500186, "incomeTaxExpense": 99000000, "netIncome": 160000000, "netIncomeRatio": 0.04253283, "eps": 2.56, "epsdiluted": 2.43, "weightedAverageShsOut": 62468766, "weightedAverageShsOutDil": 65901115, "link": null, "finalLink": null, "calculatedOtherExpenses": 136000000, "calculatedOperatingExpenses": 136000000, "calculatedNetInterest": -203800000, "calculatedOtherIncome": 0, "calculatedIncomeNonControlling": 0, "calculatedEbitda": 661800000}, {"date": "1992-05-31", "symbol": "THC", "reportedCurrency": "USD", "cik": "0000070318", "fillingDate": "1992-05-31", "acceptedDate": "1992-05-31 00:00:00", "calendarYear": "1992", "period": "FY", "revenue": 3982000000, "costOfRevenue": 3276000000, "grossProfit": 706000000, "grossProfitRatio": 0.1772978403, "researchAndDevelopmentExpenses": 0, "generalAndAdministrativeExpenses": 0, "sellingAndMarketingExpenses": 0, "sellingGeneralAndAdministrativeExpenses": 0, "otherExpenses": 196000000, "operatingExpenses": 196000000, "costAndExpenses": 3472000000, "interestIncome": 0, "interestExpense": 497000000, "depreciationAndAmortization": 196000000, "ebitda": 894000000, "ebitdaratio": 0.2245102963, "operatingIncome": 698000000, "operatingIncomeRatio": 0.1752887996, "totalOtherIncomeExpensesNet": -188000000, "incomeBeforeTax": 230000000, "incomeBeforeTaxRatio": 0.0577599196, "incomeTaxExpense": 97000000, "netIncome": 104000000, "netIncomeRatio": 0.0261175289, "eps": 1.6, "epsdiluted": 1.6, "weightedAverageShsOut": 64967516, "weightedAverageShsOutDil": 64967516, "link": null, "finalLink": null, "calculatedOtherExpenses": 8000000, "calculatedOperatingExpenses": 8000000, "calculatedNetInterest": -497000000, "calculatedOtherIncome": 29000000, "calculatedIncomeNonControlling": 29000000, "calculatedEbitda": 894000000}, {"date": "1991-05-31", "symbol": "THC", "reportedCurrency": "USD", "cik": "0000070318", "fillingDate": "1991-05-31", "acceptedDate": "1991-05-31 00:00:00", "calendarYear": "1991", "period": "FY", "revenue": 3806000000, "costOfRevenue": 3065000000, "grossProfit": 741000000, "grossProfitRatio": 0.1946925906, "researchAndDevelopmentExpenses": 0, "generalAndAdministrativeExpenses": 0, "sellingAndMarketingExpenses": 0, "sellingGeneralAndAdministrativeExpenses": 0, "otherExpenses": 172000000, "operatingExpenses": 172000000, "costAndExpenses": 3237000000, "interestIncome": 0, "interestExpense": 67000000, "depreciationAndAmortization": 172000000, "ebitda": 711000000, "ebitdaratio": 0.1868102995, "operatingIncome": 539000000, "operatingIncomeRatio": 0.1416184971, "totalOtherIncomeExpensesNet": 30000000, "incomeBeforeTax": 472000000, "incomeBeforeTaxRatio": 0.1240147136, "incomeTaxExpense": 195000000, "netIncome": 277000000, "netIncomeRatio": 0.0727798213, "eps": 4.62, "epsdiluted": 4.11, "weightedAverageShsOut": 60013346, "weightedAverageShsOutDil": 67417590, "link": null, "finalLink": null, "calculatedOtherExpenses": 202000000, "calculatedOperatingExpenses": 202000000, "calculatedNetInterest": -67000000, "calculatedOtherIncome": 0, "calculatedIncomeNonControlling": 0, "calculatedEbitda": 711000000}, {"date": "1990-05-31", "symbol": "THC", "reportedCurrency": "USD", "cik": "0000070318", "fillingDate": "1990-05-31", "acceptedDate": "1990-05-31 00:00:00", "calendarYear": "1990", "period": "FY", "revenue": 3935000000, "costOfRevenue": 3252000000, "grossProfit": 683000000, "grossProfitRatio": 0.173570521, "researchAndDevelopmentExpenses": 0, "generalAndAdministrativeExpenses": 0, "sellingAndMarketingExpenses": 0, "sellingGeneralAndAdministrativeExpenses": 0, "otherExpenses": 170000000, "operatingExpenses": 170000000, "costAndExpenses": 3422000000, "interestIncome": 0, "interestExpense": 78000000, "depreciationAndAmortization": 170000000, "ebitda": 653000000, "ebitdaratio": 0.1659466328, "operatingIncome": 483000000, "operatingIncomeRatio": 0.1227445997, "totalOtherIncomeExpensesNet": 30000000, "incomeBeforeTax": 405000000, "incomeBeforeTaxRatio": 0.1029224905, "incomeTaxExpense": 163000000, "netIncome": 242000000, "netIncomeRatio": 0.0614993647, "eps": 4.06, "epsdiluted": 3.58, "weightedAverageShsOut": 59674110, "weightedAverageShsOutDil": 67690036, "link": null, "finalLink": null, "calculatedOtherExpenses": 200000000, "calculatedOperatingExpenses": 200000000, "calculatedNetInterest": -78000000, "calculatedOtherIncome": 0, "calculatedIncomeNonControlling": 0, "calculatedEbitda": 653000000}, {"date": "1989-05-31", "symbol": "THC", "reportedCurrency": "USD", "cik": "0000070318", "fillingDate": "1989-05-31", "acceptedDate": "1989-05-31 00:00:00", "calendarYear": "1989", "period": "FY", "revenue": 3676000000, "costOfRevenue": 3093000000, "grossProfit": 583000000, "grossProfitRatio": 0.1585963003, "researchAndDevelopmentExpenses": 0, "generalAndAdministrativeExpenses": 0, "sellingAndMarketingExpenses": 0, "sellingGeneralAndAdministrativeExpenses": 0, "otherExpenses": 157000000, "operatingExpenses": 157000000, "costAndExpenses": 3250000000, "interestIncome": 0, "interestExpense": 132000000, "depreciationAndAmortization": 157000000, "ebitda": 556000000, "ebitdaratio": 0.1512513602, "operatingIncome": 399000000, "operatingIncomeRatio": 0.1085418934, "totalOtherIncomeExpensesNet": 27000000, "incomeBeforeTax": 316000000, "incomeBeforeTaxRatio": 0.0859630033, "incomeTaxExpense": 124000000, "netIncome": 143000000, "netIncomeRatio": 0.0389009793, "eps": 2.56, "epsdiluted": 2.4, "weightedAverageShsOut": 55831459, "weightedAverageShsOutDil": 59553557, "link": null, "finalLink": null, "calculatedOtherExpenses": 184000000, "calculatedOperatingExpenses": 184000000, "calculatedNetInterest": -132000000, "calculatedOtherIncome": 49000000, "calculatedIncomeNonControlling": 49000000, "calculatedEbitda": 556000000}, {"date": "1988-05-31", "symbol": "THC", "reportedCurrency": "USD", "cik": "0000070318", "fillingDate": "1988-05-31", "acceptedDate": "1988-05-31 00:00:00", "calendarYear": "1988", "period": "FY", "revenue": 3202000000, "costOfRevenue": 2680000000, "grossProfit": 522000000, "grossProfitRatio": 0.1630231106, "researchAndDevelopmentExpenses": 0, "generalAndAdministrativeExpenses": 0, "sellingAndMarketingExpenses": 0, "sellingGeneralAndAdministrativeExpenses": 0, "otherExpenses": 139000000, "operatingExpenses": 139000000, "costAndExpenses": 2819000000, "interestIncome": 0, "interestExpense": 95000000, "depreciationAndAmortization": 139000000, "ebitda": 496000000, "ebitdaratio": 0.1549031855, "operatingIncome": 357000000, "operatingIncomeRatio": 0.111492817, "totalOtherIncomeExpensesNet": 26000000, "incomeBeforeTax": 284000000, "incomeBeforeTaxRatio": 0.0886945659, "incomeTaxExpense": 114000000, "netIncome": 148000000, "netIncomeRatio": 0.0462211118, "eps": 2.67, "epsdiluted": 2.45, "weightedAverageShsOut": 55472264, "weightedAverageShsOutDil": 60295939, "link": null, "finalLink": null, "calculatedOtherExpenses": 165000000, "calculatedOperatingExpenses": 165000000, "calculatedNetInterest": -95000000, "calculatedOtherIncome": 22000000, "calculatedIncomeNonControlling": 22000000, "calculatedEbitda": 496000000}, {"date": "1987-05-31", "symbol": "THC", "reportedCurrency": "USD", "cik": "0000070318", "fillingDate": "1987-05-31", "acceptedDate": "1987-05-31 00:00:00", "calendarYear": "1987", "period": "FY", "revenue": 2881000000, "costOfRevenue": 2376000000, "grossProfit": 505000000, "grossProfitRatio": 0.1752863589, "researchAndDevelopmentExpenses": 0, "generalAndAdministrativeExpenses": 0, "sellingAndMarketingExpenses": 0, "sellingGeneralAndAdministrativeExpenses": 0, "otherExpenses": 129000000, "operatingExpenses": 129000000, "costAndExpenses": 2505000000, "interestIncome": 0, "interestExpense": 151000000, "depreciationAndAmortization": 129000000, "ebitda": 482000000, "ebitdaratio": 0.1673030198, "operatingIncome": 353000000, "operatingIncomeRatio": 0.1225269004, "totalOtherIncomeExpensesNet": 23000000, "incomeBeforeTax": 279000000, "incomeBeforeTaxRatio": 0.0968413745, "incomeTaxExpense": 139000000, "netIncome": 63000000, "netIncomeRatio": 0.0218674072, "eps": 1.09, "epsdiluted": 1.09, "weightedAverageShsOut": 57593155, "weightedAverageShsOutDil": 57593155, "link": null, "finalLink": null, "calculatedOtherExpenses": 152000000, "calculatedOperatingExpenses": 152000000, "calculatedNetInterest": -151000000, "calculatedOtherIncome": 77000000, "calculatedIncomeNonControlling": 77000000, "calculatedEbitda": 482000000}, {"date": "1986-05-31", "symbol": "THC", "reportedCurrency": "USD", "cik": "0000070318", "fillingDate": "1986-05-31", "acceptedDate": "1986-05-31 00:00:00", "calendarYear": "1986", "period": "FY", "revenue": 3595000000, "costOfRevenue": 2515000000, "grossProfit": 1080000000, "grossProfitRatio": 0.3004172462, "researchAndDevelopmentExpenses": 0, "generalAndAdministrativeExpenses": 0, "sellingAndMarketingExpenses": 0, "sellingGeneralAndAdministrativeExpenses": 633000000, "otherExpenses": 130000000, "operatingExpenses": 763000000, "costAndExpenses": 3278000000, "interestIncome": 0, "interestExpense": 109000000, "depreciationAndAmortization": 130000000, "ebitda": 424000000, "ebitdaratio": 0.1179415855, "operatingIncome": 294000000, "operatingIncomeRatio": 0.0817802503, "totalOtherIncomeExpensesNet": 23000000, "incomeBeforeTax": 209000000, "incomeBeforeTaxRatio": 0.0581363004, "incomeTaxExpense": 91000000, "netIncome": 94000000, "netIncomeRatio": 0.026147427, "eps": 1.57, "epsdiluted": 1.57, "weightedAverageShsOut": 59715905, "weightedAverageShsOutDil": 59715905, "link": null, "finalLink": null, "calculatedOtherExpenses": 153000000, "calculatedOperatingExpenses": 786000000, "calculatedNetInterest": -109000000, "calculatedOtherIncome": 24000000, "calculatedIncomeNonControlling": 24000000, "calculatedEbitda": 424000000}]}