{"originalCurrency": "USD", "convertedCurrency": "USD", "report": [{"date": "2023-12-31", "symbol": "THG", "reportedCurrency": "USD", "cik": "0000944695", "fillingDate": "2024-02-22", "acceptedDate": "2024-02-22 17:14:29", "calendarYear": "2023", "period": "FY", "revenue": 5993500000, "costOfRevenue": -18000000, "grossProfit": 6011500000, "grossProfitRatio": 1.0030032535, "researchAndDevelopmentExpenses": 0, "generalAndAdministrativeExpenses": 0, "sellingAndMarketingExpenses": 0, "sellingGeneralAndAdministrativeExpenses": 0, "otherExpenses": -1783700000, "operatingExpenses": 1783700000, "costAndExpenses": -5918300000, "interestIncome": 0, "interestExpense": 34100000, "depreciationAndAmortization": 6300000, "ebitda": 1800000, "ebitdaratio": 0.0003003254, "operatingIncome": 1800000, "operatingIncomeRatio": 0.0003003254, "totalOtherIncomeExpensesNet": 41100000, "incomeBeforeTax": 41100000, "incomeBeforeTaxRatio": 0.0068574289, "incomeTaxExpense": 7600000, "netIncome": 35300000, "netIncomeRatio": 0.0058897139, "eps": 0.99, "epsdiluted": 0.98, "weightedAverageShsOut": 35700000, "weightedAverageShsOutDil": 36100000, "link": "https://www.sec.gov/Archives/edgar/data/944695/000095017024018917/0000950170-24-018917-index.htm", "finalLink": "https://www.sec.gov/Archives/edgar/data/944695/000095017024018917/thg-20231231.htm", "calculatedOtherExpenses": 6009700000, "calculatedOperatingExpenses": 6009700000, "calculatedNetInterest": -34100000, "calculatedOtherIncome": 73400000, "calculatedIncomeNonControlling": -1800000, "calculatedEbitda": 8100000}, {"date": "2022-12-31", "symbol": "THG", "reportedCurrency": "USD", "cik": "0000944695", "fillingDate": "2023-02-23", "acceptedDate": "2023-02-23 17:26:58", "calendarYear": "2022", "period": "FY", "revenue": 5468600000, "costOfRevenue": 0, "grossProfit": 5468600000, "grossProfitRatio": 1, "researchAndDevelopmentExpenses": 0, "generalAndAdministrativeExpenses": 0, "sellingAndMarketingExpenses": 0, "sellingGeneralAndAdministrativeExpenses": 0, "otherExpenses": 573900000, "operatingExpenses": 573900000, "costAndExpenses": 5324600000, "interestIncome": 34100000, "interestExpense": 34100000, "depreciationAndAmortization": 12900000, "ebitda": 190200000, "ebitdaratio": 0.0347803825, "operatingIncome": 177300000, "operatingIncomeRatio": 0.0324214607, "totalOtherIncomeExpensesNet": -33300000, "incomeBeforeTax": 144000000, "incomeBeforeTaxRatio": 0.0263321508, "incomeTaxExpense": 27200000, "netIncome": 116000000, "netIncomeRatio": 0.0212120104, "eps": 3.26, "epsdiluted": 3.21, "weightedAverageShsOut": 35600000, "weightedAverageShsOutDil": 36100000, "link": "https://www.sec.gov/Archives/edgar/data/944695/000095017023004178/0000950170-23-004178-index.htm", "finalLink": "https://www.sec.gov/Archives/edgar/data/944695/000095017023004178/thg-20221231.htm", "calculatedOtherExpenses": 5291300000, "calculatedOperatingExpenses": 5291300000, "calculatedNetInterest": 0, "calculatedOtherIncome": -33300000, "calculatedIncomeNonControlling": 800000, "calculatedEbitda": 190200000}, {"date": "2021-12-31", "symbol": "THG", "reportedCurrency": "USD", "cik": "0000944695", "fillingDate": "2022-02-25", "acceptedDate": "2022-02-24 17:38:36", "calendarYear": "2021", "period": "FY", "revenue": 5227800000, "costOfRevenue": 0, "grossProfit": 5227800000, "grossProfitRatio": 1, "researchAndDevelopmentExpenses": 0, "generalAndAdministrativeExpenses": 0, "sellingAndMarketingExpenses": 0, "sellingGeneralAndAdministrativeExpenses": 0, "otherExpenses": -4707800000, "operatingExpenses": -4707800000, "costAndExpenses": 4706500000, "interestIncome": 34000000, "interestExpense": 34000000, "depreciationAndAmortization": 16900000, "ebitda": 536900000, "ebitdaratio": 0.1027009449, "operatingIncome": 520000000, "operatingIncomeRatio": 0.0994682276, "totalOtherIncomeExpensesNet": 1300000, "incomeBeforeTax": 521300000, "incomeBeforeTaxRatio": 0.0997168981, "incomeTaxExpense": 101300000, "netIncome": 422800000, "netIncomeRatio": 0.0808753204, "eps": 11.66, "epsdiluted": 11.5, "weightedAverageShsOut": 35900000, "weightedAverageShsOutDil": 36400000, "link": "https://www.sec.gov/Archives/edgar/data/944695/000156459022006789/0001564590-22-006789-index.htm", "finalLink": "https://www.sec.gov/Archives/edgar/data/944695/000156459022006789/thg-10k_20211231.htm", "calculatedOtherExpenses": 4707800000, "calculatedOperatingExpenses": 4707800000, "calculatedNetInterest": 0, "calculatedOtherIncome": 1300000, "calculatedIncomeNonControlling": -2800000, "calculatedEbitda": 536900000}, {"date": "2020-12-31", "symbol": "THG", "reportedCurrency": "USD", "cik": "0000944695", "fillingDate": "2021-02-24", "acceptedDate": "2021-02-23 19:39:00", "calendarYear": "2020", "period": "FY", "revenue": 4827300000, "costOfRevenue": 0, "grossProfit": 4827300000, "grossProfitRatio": 1, "researchAndDevelopmentExpenses": 0, "generalAndAdministrativeExpenses": 0, "sellingAndMarketingExpenses": 0, "sellingGeneralAndAdministrativeExpenses": 0, "otherExpenses": -4385800000, "operatingExpenses": -4385800000, "costAndExpenses": 4382500000, "interestIncome": 37100000, "interestExpense": 37100000, "depreciationAndAmortization": 18200000, "ebitda": 459700000, "ebitdaratio": 0.0952292172, "operatingIncome": 441500000, "operatingIncomeRatio": 0.0914589936, "totalOtherIncomeExpensesNet": 3300000, "incomeBeforeTax": 444800000, "incomeBeforeTaxRatio": 0.0921426056, "incomeTaxExpense": 82800000, "netIncome": 358700000, "netIncomeRatio": 0.0743065482, "eps": 9.51, "epsdiluted": 9.41, "weightedAverageShsOut": 37700000, "weightedAverageShsOutDil": 38100000, "link": "https://www.sec.gov/Archives/edgar/data/944695/000156459021007746/0001564590-21-007746-index.htm", "finalLink": "https://www.sec.gov/Archives/edgar/data/944695/000156459021007746/thg-10k_20201231.htm", "calculatedOtherExpenses": 4385800000, "calculatedOperatingExpenses": 4385800000, "calculatedNetInterest": 0, "calculatedOtherIncome": 3300000, "calculatedIncomeNonControlling": 3300000, "calculatedEbitda": 459700000}, {"date": "2019-12-31", "symbol": "THG", "reportedCurrency": "USD", "cik": "0000944695", "fillingDate": "2020-02-24", "acceptedDate": "2020-02-24 16:09:26", "calendarYear": "2019", "period": "FY", "revenue": 4890700000, "costOfRevenue": 0, "grossProfit": 4890700000, "grossProfitRatio": 1, "researchAndDevelopmentExpenses": 0, "generalAndAdministrativeExpenses": 0, "sellingAndMarketingExpenses": 0, "sellingGeneralAndAdministrativeExpenses": 0, "otherExpenses": -4372500000, "operatingExpenses": -4372500000, "costAndExpenses": 4368600000, "interestIncome": 37500000, "interestExpense": 37500000, "depreciationAndAmortization": 21600000, "ebitda": 539800000, "ebitdaratio": 0.1103727483, "operatingIncome": 518200000, "operatingIncomeRatio": 0.1059562026, "totalOtherIncomeExpensesNet": 3900000, "incomeBeforeTax": 522100000, "incomeBeforeTaxRatio": 0.1067536344, "incomeTaxExpense": 93100000, "netIncome": 425100000, "netIncomeRatio": 0.0869200728, "eps": 10.63, "epsdiluted": 10.47, "weightedAverageShsOut": 40000000, "weightedAverageShsOutDil": 40600000, "link": "https://www.sec.gov/Archives/edgar/data/944695/000156459020006025/0001564590-20-006025-index.htm", "finalLink": "https://www.sec.gov/Archives/edgar/data/944695/000156459020006025/thg-10k_20191231.htm", "calculatedOtherExpenses": 4372500000, "calculatedOperatingExpenses": 4372500000, "calculatedNetInterest": 0, "calculatedOtherIncome": 3900000, "calculatedIncomeNonControlling": 3900000, "calculatedEbitda": 539800000}, {"date": "2018-12-31", "symbol": "THG", "reportedCurrency": "USD", "cik": "0000944695", "fillingDate": "2019-02-22", "acceptedDate": "2019-02-21 20:43:47", "calendarYear": "2018", "period": "FY", "revenue": 4494300000, "costOfRevenue": 0, "grossProfit": 4494300000, "grossProfitRatio": 1, "researchAndDevelopmentExpenses": 0, "generalAndAdministrativeExpenses": 0, "sellingAndMarketingExpenses": 0, "sellingGeneralAndAdministrativeExpenses": 0, "otherExpenses": -4014700000, "operatingExpenses": -4014700000, "costAndExpenses": 4211800000, "interestIncome": 0, "interestExpense": 45100000, "depreciationAndAmortization": 24600000, "ebitda": 504200000, "ebitdaratio": 0.1121865474, "operatingIncome": 479600000, "operatingIncomeRatio": 0.1067129475, "totalOtherIncomeExpensesNet": -197100000, "incomeBeforeTax": 282500000, "incomeBeforeTaxRatio": 0.0628573971, "incomeTaxExpense": 43500000, "netIncome": 391000000, "netIncomeRatio": 0.0869990877, "eps": 9.24, "epsdiluted": 9.09, "weightedAverageShsOut": 42300000, "weightedAverageShsOutDil": 43000000, "link": "https://www.sec.gov/Archives/edgar/data/944695/000156459019003788/0001564590-19-003788-index.htm", "finalLink": "https://www.sec.gov/Archives/edgar/data/944695/000156459019003788/thg-10k_20181231.htm", "calculatedOtherExpenses": 4014700000, "calculatedOperatingExpenses": 4014700000, "calculatedNetInterest": -45100000, "calculatedOtherIncome": -152000000, "calculatedIncomeNonControlling": -152000000, "calculatedEbitda": 504200000}, {"date": "2017-12-31", "symbol": "THG", "reportedCurrency": "USD", "cik": "0000944695", "fillingDate": "2018-02-27", "acceptedDate": "2018-02-27 16:52:13", "calendarYear": "2017", "period": "FY", "revenue": 5184400000, "costOfRevenue": 0, "grossProfit": 5184400000, "grossProfitRatio": 1, "researchAndDevelopmentExpenses": 0, "generalAndAdministrativeExpenses": 0, "sellingAndMarketingExpenses": 0, "sellingGeneralAndAdministrativeExpenses": 0, "otherExpenses": -4851200000, "operatingExpenses": -4851200000, "costAndExpenses": 4882900000, "interestIncome": 0, "interestExpense": 48500000, "depreciationAndAmortization": 30100000, "ebitda": 363300000, "ebitdaratio": 0.0700756114, "operatingIncome": 333200000, "operatingIncomeRatio": 0.0642697323, "totalOtherIncomeExpensesNet": -31700000, "incomeBeforeTax": 301500000, "incomeBeforeTaxRatio": 0.0581552349, "incomeTaxExpense": 98500000, "netIncome": 186200000, "netIncomeRatio": 0.0359154386, "eps": 4.38, "epsdiluted": 4.33, "weightedAverageShsOut": 42500000, "weightedAverageShsOutDil": 43000000, "link": "https://www.sec.gov/Archives/edgar/data/944695/000156459018003531/0001564590-18-003531-index.htm", "finalLink": "https://www.sec.gov/Archives/edgar/data/944695/000156459018003531/thg-10k_20171231.htm", "calculatedOtherExpenses": 4851200000, "calculatedOperatingExpenses": 4851200000, "calculatedNetInterest": -48500000, "calculatedOtherIncome": 16800000, "calculatedIncomeNonControlling": 16800000, "calculatedEbitda": 363300000}, {"date": "2016-12-31", "symbol": "THG", "reportedCurrency": "USD", "cik": "0000944695", "fillingDate": "2017-02-22", "acceptedDate": "2017-02-22 16:55:44", "calendarYear": "2016", "period": "FY", "revenue": 4945800000, "costOfRevenue": 0, "grossProfit": 4945800000, "grossProfitRatio": 1, "researchAndDevelopmentExpenses": 0, "generalAndAdministrativeExpenses": 0, "sellingAndMarketingExpenses": 0, "sellingGeneralAndAdministrativeExpenses": 0, "otherExpenses": -4699600000, "operatingExpenses": -4699600000, "costAndExpenses": 4753500000, "interestIncome": 0, "interestExpense": 54900000, "depreciationAndAmortization": 30700000, "ebitda": 276900000, "ebitdaratio": 0.055986898, "operatingIncome": 246200000, "operatingIncomeRatio": 0.049779611, "totalOtherIncomeExpensesNet": -53900000, "incomeBeforeTax": 192300000, "incomeBeforeTaxRatio": 0.0388814752, "incomeTaxExpense": 36200000, "netIncome": 155100000, "netIncomeRatio": 0.0313599418, "eps": 3.63, "epsdiluted": 3.59, "weightedAverageShsOut": 42800000, "weightedAverageShsOutDil": 43200000, "link": "https://www.sec.gov/Archives/edgar/data/944695/000094469517000020/0000944695-17-000020-index.htm", "finalLink": "https://www.sec.gov/Archives/edgar/data/944695/000094469517000020/thg-20161231x10k.htm", "calculatedOtherExpenses": 4699600000, "calculatedOperatingExpenses": 4699600000, "calculatedNetInterest": -54900000, "calculatedOtherIncome": 1000000, "calculatedIncomeNonControlling": 1000000, "calculatedEbitda": 276900000}, {"date": "2015-12-31", "symbol": "THG", "reportedCurrency": "USD", "cik": "0000944695", "fillingDate": "2016-02-25", "acceptedDate": "2016-02-25 09:55:55", "calendarYear": "2015", "period": "FY", "revenue": 5034000000, "costOfRevenue": 0, "grossProfit": 5034000000, "grossProfitRatio": 1, "researchAndDevelopmentExpenses": 0, "generalAndAdministrativeExpenses": 0, "sellingAndMarketingExpenses": 0, "sellingGeneralAndAdministrativeExpenses": 0, "otherExpenses": -4533800000, "operatingExpenses": -4533800000, "costAndExpenses": 4594600000, "interestIncome": 0, "interestExpense": 60100000, "depreciationAndAmortization": 30200000, "ebitda": 530400000, "ebitdaratio": 0.105363528, "operatingIncome": 500200000, "operatingIncomeRatio": 0.0993643226, "totalOtherIncomeExpensesNet": -60800000, "incomeBeforeTax": 439400000, "incomeBeforeTaxRatio": 0.0872864521, "incomeTaxExpense": 108600000, "netIncome": 331500000, "netIncomeRatio": 0.065852205, "eps": 7.71, "epsdiluted": 7.4, "weightedAverageShsOut": 43000000, "weightedAverageShsOutDil": 44800000, "link": "https://www.sec.gov/Archives/edgar/data/944695/000094469516000135/0000944695-16-000135-index.htm", "finalLink": "https://www.sec.gov/Archives/edgar/data/944695/000094469516000135/thg-20151231x10k.htm", "calculatedOtherExpenses": 4533800000, "calculatedOperatingExpenses": 4533800000, "calculatedNetInterest": -60100000, "calculatedOtherIncome": -700000, "calculatedIncomeNonControlling": -700000, "calculatedEbitda": 530400000}, {"date": "2014-12-31", "symbol": "THG", "reportedCurrency": "USD", "cik": "0000944695", "fillingDate": "2015-02-24", "acceptedDate": "2015-02-23 19:57:19", "calendarYear": "2014", "period": "FY", "revenue": 5067600000, "costOfRevenue": 0, "grossProfit": 5067600000, "grossProfitRatio": 1, "researchAndDevelopmentExpenses": 0, "generalAndAdministrativeExpenses": 0, "sellingAndMarketingExpenses": 0, "sellingGeneralAndAdministrativeExpenses": 0, "otherExpenses": -4624700000, "operatingExpenses": -4624700000, "costAndExpenses": 4689600000, "interestIncome": 0, "interestExpense": 65200000, "depreciationAndAmortization": 33500000, "ebitda": 476400000, "ebitdaratio": 0.0940089983, "operatingIncome": 442900000, "operatingIncomeRatio": 0.087398374, "totalOtherIncomeExpensesNet": -64900000, "incomeBeforeTax": 378000000, "incomeBeforeTaxRatio": 0.0745915226, "incomeTaxExpense": 95700000, "netIncome": 282000000, "netIncomeRatio": 0.0556476439, "eps": 6.42, "epsdiluted": 6.28, "weightedAverageShsOut": 43900000, "weightedAverageShsOutDil": 44900000, "link": "https://www.sec.gov/Archives/edgar/data/944695/000094469515000020/0000944695-15-000020-index.htm", "finalLink": "https://www.sec.gov/Archives/edgar/data/944695/000094469515000020/thg-20141231x10k.htm", "calculatedOtherExpenses": 4624700000, "calculatedOperatingExpenses": 4624700000, "calculatedNetInterest": -65200000, "calculatedOtherIncome": 300000, "calculatedIncomeNonControlling": 300000, "calculatedEbitda": 476400000}, {"date": "2013-12-31", "symbol": "THG", "reportedCurrency": "USD", "cik": "0000944695", "fillingDate": "2014-02-25", "acceptedDate": "2014-02-25 06:46:24", "calendarYear": "2013", "period": "FY", "revenue": 4793700000, "costOfRevenue": 0, "grossProfit": 4793700000, "grossProfitRatio": 1, "researchAndDevelopmentExpenses": 0, "generalAndAdministrativeExpenses": 0, "sellingAndMarketingExpenses": 0, "sellingGeneralAndAdministrativeExpenses": 0, "otherExpenses": -4394000000, "operatingExpenses": -4394000000, "costAndExpenses": 4464600000, "interestIncome": 0, "interestExpense": 65300000, "depreciationAndAmortization": 35000000, "ebitda": 434700000, "ebitdaratio": 0.0906815195, "operatingIncome": 399700000, "operatingIncomeRatio": 0.0833802699, "totalOtherIncomeExpensesNet": -70600000, "incomeBeforeTax": 329100000, "incomeBeforeTaxRatio": 0.0686526065, "incomeTaxExpense": 83400000, "netIncome": 251000000, "netIncomeRatio": 0.0523603897, "eps": 5.74, "epsdiluted": 5.59, "weightedAverageShsOut": 43700000, "weightedAverageShsOutDil": 44900000, "link": "https://www.sec.gov/Archives/edgar/data/944695/000119312514066031/0001193125-14-066031-index.htm", "finalLink": "https://www.sec.gov/Archives/edgar/data/944695/000119312514066031/d628193d10k.htm", "calculatedOtherExpenses": 4394000000, "calculatedOperatingExpenses": 4394000000, "calculatedNetInterest": -65300000, "calculatedOtherIncome": -5300000, "calculatedIncomeNonControlling": -5300000, "calculatedEbitda": 434700000}, {"date": "2012-12-31", "symbol": "THG", "reportedCurrency": "USD", "cik": "0000944695", "fillingDate": "2013-02-26", "acceptedDate": "2013-02-26 06:16:24", "calendarYear": "2012", "period": "FY", "revenue": 4590700000, "costOfRevenue": 0, "grossProfit": 4590700000, "grossProfitRatio": 1, "researchAndDevelopmentExpenses": 0, "generalAndAdministrativeExpenses": 0, "sellingAndMarketingExpenses": 0, "sellingGeneralAndAdministrativeExpenses": 0, "otherExpenses": -4490300000, "operatingExpenses": -4490300000, "costAndExpenses": 4562000000, "interestIncome": 0, "interestExpense": 61900000, "depreciationAndAmortization": 35600000, "ebitda": 136000000, "ebitdaratio": 0.0296251116, "operatingIncome": 100400000, "operatingIncomeRatio": 0.021870303, "totalOtherIncomeExpensesNet": -71700000, "incomeBeforeTax": 28700000, "incomeBeforeTaxRatio": 0.0062517699, "incomeTaxExpense": -17400000, "netIncome": 55900000, "netIncomeRatio": 0.0121767922, "eps": 1.26, "epsdiluted": 1.23, "weightedAverageShsOut": 44300000, "weightedAverageShsOutDil": 45300000, "link": "https://www.sec.gov/Archives/edgar/data/944695/000119312513075166/0001193125-13-075166-index.htm", "finalLink": "https://www.sec.gov/Archives/edgar/data/944695/000119312513075166/d440346d10k.htm", "calculatedOtherExpenses": 4490300000, "calculatedOperatingExpenses": 4490300000, "calculatedNetInterest": -61900000, "calculatedOtherIncome": -9800000, "calculatedIncomeNonControlling": -9800000, "calculatedEbitda": 136000000}, {"date": "2011-12-31", "symbol": "THG", "reportedCurrency": "USD", "cik": "0000944695", "fillingDate": "2012-02-29", "acceptedDate": "2012-02-28 19:32:05", "calendarYear": "2011", "period": "FY", "revenue": 3931600000, "costOfRevenue": 0, "grossProfit": 3931600000, "grossProfitRatio": 1, "researchAndDevelopmentExpenses": 0, "generalAndAdministrativeExpenses": 0, "sellingAndMarketingExpenses": 0, "sellingGeneralAndAdministrativeExpenses": 0, "otherExpenses": -3849100000, "operatingExpenses": -3849100000, "costAndExpenses": 3909300000, "interestIncome": 0, "interestExpense": 55000000, "depreciationAndAmortization": 26700000, "ebitda": 109200000, "ebitdaratio": 0.0277749517, "operatingIncome": 82500000, "operatingIncomeRatio": 0.0209838234, "totalOtherIncomeExpensesNet": 46700000, "incomeBeforeTax": 22300000, "incomeBeforeTaxRatio": 0.005671991, "incomeTaxExpense": -9600000, "netIncome": 37100000, "netIncomeRatio": 0.0094363618, "eps": 0.83, "epsdiluted": 0.81, "weightedAverageShsOut": 44600000, "weightedAverageShsOutDil": 45800000, "link": "https://www.sec.gov/Archives/edgar/data/944695/000119312512086222/0001193125-12-086222-index.htm", "finalLink": "https://www.sec.gov/Archives/edgar/data/944695/000119312512086222/d262770d10k.htm", "calculatedOtherExpenses": 3849100000, "calculatedOperatingExpenses": 3849100000, "calculatedNetInterest": -55000000, "calculatedOtherIncome": -5200000, "calculatedIncomeNonControlling": -5200000, "calculatedEbitda": 109200000}, {"date": "2010-12-31", "symbol": "THG", "reportedCurrency": "USD", "cik": "0000944695", "fillingDate": "2011-02-24", "acceptedDate": "2012-02-28 09:30:42", "calendarYear": "2010", "period": "FY", "revenue": 3152200000, "costOfRevenue": 0, "grossProfit": 3152200000, "grossProfitRatio": 1, "researchAndDevelopmentExpenses": 0, "generalAndAdministrativeExpenses": 0, "sellingAndMarketingExpenses": 0, "sellingGeneralAndAdministrativeExpenses": 0, "otherExpenses": -2939500000, "operatingExpenses": -2939500000, "costAndExpenses": 2941100000, "interestIncome": 0, "interestExpense": 0, "depreciationAndAmortization": 16700000, "ebitda": 229400000, "ebitdaratio": 0.0727745701, "operatingIncome": 212700000, "operatingIncomeRatio": 0.067476683, "totalOtherIncomeExpensesNet": 34300000, "incomeBeforeTax": 211100000, "incomeBeforeTaxRatio": 0.0669691009, "incomeTaxExpense": 57900000, "netIncome": 154800000, "netIncomeRatio": 0.0491085591, "eps": 3.39, "epsdiluted": 3.39, "weightedAverageShsOut": 46300000, "weightedAverageShsOutDil": 46300000, "link": "https://www.sec.gov/Archives/edgar/data/944695/000119312512083502/0001193125-12-083502-index.htm", "finalLink": "https://www.sec.gov/Archives/edgar/data/944695/000119312512083502/d305934d10k.htm", "calculatedOtherExpenses": 2939500000, "calculatedOperatingExpenses": 2939500000, "calculatedNetInterest": 0, "calculatedOtherIncome": -1600000, "calculatedIncomeNonControlling": -1600000, "calculatedEbitda": 229400000}, {"date": "2009-12-31", "symbol": "THG", "reportedCurrency": "USD", "cik": "0000944695", "fillingDate": "2010-03-01", "acceptedDate": "2010-03-01 06:09:40", "calendarYear": "2009", "period": "FY", "revenue": 2834100000, "costOfRevenue": 0, "grossProfit": 2834100000, "grossProfitRatio": 1, "researchAndDevelopmentExpenses": 0, "generalAndAdministrativeExpenses": 0, "sellingAndMarketingExpenses": 0, "sellingGeneralAndAdministrativeExpenses": 0, "otherExpenses": -2553800000, "operatingExpenses": -2553800000, "costAndExpenses": 2563200000, "interestIncome": 0, "interestExpense": 0, "depreciationAndAmortization": 11800000, "ebitda": 292100000, "ebitdaratio": 0.1030662291, "operatingIncome": 280300000, "operatingIncomeRatio": 0.0989026499, "totalOtherIncomeExpensesNet": 34200000, "incomeBeforeTax": 270900000, "incomeBeforeTaxRatio": 0.0955859003, "incomeTaxExpense": 83100000, "netIncome": 197200000, "netIncomeRatio": 0.0695811722, "eps": 3.9, "epsdiluted": 3.86, "weightedAverageShsOut": 50600000, "weightedAverageShsOutDil": 51100000, "link": "https://www.sec.gov/Archives/edgar/data/944695/000119312510043678/0001193125-10-043678-index.htm", "finalLink": "https://www.sec.gov/Archives/edgar/data/944695/000119312510043678/d10k.htm", "calculatedOtherExpenses": 2553800000, "calculatedOperatingExpenses": 2553800000, "calculatedNetInterest": 0, "calculatedOtherIncome": -9400000, "calculatedIncomeNonControlling": -9400000, "calculatedEbitda": 292100000}, {"date": "2008-12-31", "symbol": "THG", "reportedCurrency": "USD", "cik": "0000944695", "fillingDate": "2009-02-27", "acceptedDate": "2009-02-27 16:11:38", "calendarYear": "2008", "period": "FY", "revenue": 2680400000, "costOfRevenue": 0, "grossProfit": 2680400000, "grossProfitRatio": 1, "researchAndDevelopmentExpenses": 0, "generalAndAdministrativeExpenses": 0, "sellingAndMarketingExpenses": 0, "sellingGeneralAndAdministrativeExpenses": 0, "otherExpenses": -2579900000, "operatingExpenses": -2579900000, "costAndExpenses": 2516000000, "interestIncome": 0, "interestExpense": 0, "depreciationAndAmortization": 15100000, "ebitda": 115600000, "ebitdaratio": 0.0431278914, "operatingIncome": 100500000, "operatingIncomeRatio": 0.0374944038, "totalOtherIncomeExpensesNet": 34600000, "incomeBeforeTax": 164400000, "incomeBeforeTaxRatio": 0.0613341292, "incomeTaxExpense": 79900000, "netIncome": 20600000, "netIncomeRatio": 0.0076854201, "eps": 0.4, "epsdiluted": 0.4, "weightedAverageShsOut": 51300000, "weightedAverageShsOutDil": 51700000, "link": "https://www.sec.gov/Archives/edgar/data/944695/000119312509040951/0001193125-09-040951-index.htm", "finalLink": "https://www.sec.gov/Archives/edgar/data/944695/000119312509040951/d10k.htm", "calculatedOtherExpenses": 2579900000, "calculatedOperatingExpenses": 2579900000, "calculatedNetInterest": 0, "calculatedOtherIncome": 63900000, "calculatedIncomeNonControlling": 63900000, "calculatedEbitda": 115600000}, {"date": "2007-12-31", "symbol": "THG", "reportedCurrency": "USD", "cik": "0000944695", "fillingDate": "2008-02-27", "acceptedDate": "2008-02-27 06:13:49", "calendarYear": "2007", "period": "FY", "revenue": 2786800000, "costOfRevenue": 0, "grossProfit": 2786800000, "grossProfitRatio": 1, "researchAndDevelopmentExpenses": 0, "generalAndAdministrativeExpenses": 0, "sellingAndMarketingExpenses": 0, "sellingGeneralAndAdministrativeExpenses": 0, "otherExpenses": -2383900000, "operatingExpenses": -2383900000, "costAndExpenses": 2438400000, "interestIncome": 0, "interestExpense": 40600000, "depreciationAndAmortization": 18900000, "ebitda": 421800000, "ebitdaratio": 0.1513563944, "operatingIncome": 402900000, "operatingIncomeRatio": 0.1445744223, "totalOtherIncomeExpensesNet": 56500000, "incomeBeforeTax": 348400000, "incomeBeforeTaxRatio": 0.1250179417, "incomeTaxExpense": 109200000, "netIncome": 253100000, "netIncomeRatio": 0.0908210133, "eps": 4.9, "epsdiluted": 4.83, "weightedAverageShsOut": 51700000, "weightedAverageShsOutDil": 52400000, "link": "https://www.sec.gov/Archives/edgar/data/944695/000119312508039342/0001193125-08-039342-index.htm", "finalLink": "https://www.sec.gov/Archives/edgar/data/944695/000119312508039342/d10k.htm", "calculatedOtherExpenses": 2383900000, "calculatedOperatingExpenses": 2383900000, "calculatedNetInterest": -40600000, "calculatedOtherIncome": -13900000, "calculatedIncomeNonControlling": -13900000, "calculatedEbitda": 421800000}, {"date": "2006-12-31", "symbol": "THG", "reportedCurrency": "USD", "cik": "0000944695", "fillingDate": "2007-03-01", "acceptedDate": "2007-03-01 06:12:41", "calendarYear": "2006", "period": "FY", "revenue": 2644100000, "costOfRevenue": 0, "grossProfit": 2644100000, "grossProfitRatio": 1, "researchAndDevelopmentExpenses": 0, "generalAndAdministrativeExpenses": 0, "sellingAndMarketingExpenses": 0, "sellingGeneralAndAdministrativeExpenses": 0, "otherExpenses": -2386100000, "operatingExpenses": -2386100000, "costAndExpenses": 2364700000, "interestIncome": 0, "interestExpense": 0, "depreciationAndAmortization": 21400000, "ebitda": 279400000, "ebitdaratio": 0.1056692258, "operatingIncome": 258000000, "operatingIncomeRatio": 0.0975757347, "totalOtherIncomeExpensesNet": 74900000, "incomeBeforeTax": 279400000, "incomeBeforeTaxRatio": 0.1056692258, "incomeTaxExpense": 87700000, "netIncome": 170300000, "netIncomeRatio": 0.0644075489, "eps": 3.31, "epsdiluted": 3.27, "weightedAverageShsOut": 51500000, "weightedAverageShsOutDil": 52200000, "link": "https://www.sec.gov/Archives/edgar/data/944695/000119312507043369/0001193125-07-043369-index.htm", "finalLink": "https://www.sec.gov/Archives/edgar/data/944695/000119312507043369/d10k.htm", "calculatedOtherExpenses": 2386100000, "calculatedOperatingExpenses": 2386100000, "calculatedNetInterest": 0, "calculatedOtherIncome": 21400000, "calculatedIncomeNonControlling": 21400000, "calculatedEbitda": 279400000}, {"date": "2005-12-31", "symbol": "THG", "reportedCurrency": "USD", "cik": "0000944695", "fillingDate": "2006-03-16", "acceptedDate": "2006-03-16 16:16:37", "calendarYear": "2005", "period": "FY", "revenue": 2624300000, "costOfRevenue": 0, "grossProfit": 2624300000, "grossProfitRatio": 1, "researchAndDevelopmentExpenses": 0, "generalAndAdministrativeExpenses": 0, "sellingAndMarketingExpenses": 0, "sellingGeneralAndAdministrativeExpenses": 0, "otherExpenses": -2954700000, "operatingExpenses": -2954700000, "costAndExpenses": 2553000000, "interestIncome": 0, "interestExpense": 0, "depreciationAndAmortization": 31600000, "ebitda": -298800000, "ebitdaratio": -0.1138589338, "operatingIncome": -330400000, "operatingIncomeRatio": -0.1259002401, "totalOtherIncomeExpensesNet": 80900000, "incomeBeforeTax": 71300000, "incomeBeforeTaxRatio": 0.0271691499, "incomeTaxExpense": -5200000, "netIncome": -325200000, "netIncomeRatio": -0.1239187593, "eps": -6.08, "epsdiluted": -6.02, "weightedAverageShsOut": 53500000, "weightedAverageShsOutDil": 54000000, "link": "https://www.sec.gov/Archives/edgar/data/944695/000119312506056711/0001193125-06-056711-index.htm", "finalLink": "https://www.sec.gov/Archives/edgar/data/944695/000119312506056711/d10k.htm", "calculatedOtherExpenses": 2954700000, "calculatedOperatingExpenses": 2954700000, "calculatedNetInterest": 0, "calculatedOtherIncome": 401700000, "calculatedIncomeNonControlling": 401700000, "calculatedEbitda": -298800000}, {"date": "2004-12-31", "symbol": "THG", "reportedCurrency": "USD", "cik": "0000944695", "fillingDate": "2005-02-25", "acceptedDate": "2005-02-25 06:13:41", "calendarYear": "2004", "period": "FY", "revenue": 3111000000, "costOfRevenue": 0, "grossProfit": 3111000000, "grossProfitRatio": 1, "researchAndDevelopmentExpenses": 0, "generalAndAdministrativeExpenses": 0, "sellingAndMarketingExpenses": 0, "sellingGeneralAndAdministrativeExpenses": 0, "otherExpenses": -2981500000, "operatingExpenses": -2981500000, "costAndExpenses": 2924300000, "interestIncome": 0, "interestExpense": 0, "depreciationAndAmortization": 38200000, "ebitda": 167700000, "ebitdaratio": 0.0539054966, "operatingIncome": 129500000, "operatingIncomeRatio": 0.0416264867, "totalOtherIncomeExpensesNet": 379200000, "incomeBeforeTax": 186700000, "incomeBeforeTaxRatio": 0.0600128576, "incomeTaxExpense": 4200000, "netIncome": 125300000, "netIncomeRatio": 0.0402764384, "eps": 2.36, "epsdiluted": 2.34, "weightedAverageShsOut": 53200000, "weightedAverageShsOutDil": 53700000, "link": "https://www.sec.gov/Archives/edgar/data/944695/000119312505036571/0001193125-05-036571-index.htm", "finalLink": "https://www.sec.gov/Archives/edgar/data/944695/000119312505036571/d10k.htm", "calculatedOtherExpenses": 2981500000, "calculatedOperatingExpenses": 2981500000, "calculatedNetInterest": 0, "calculatedOtherIncome": 57200000, "calculatedIncomeNonControlling": 57200000, "calculatedEbitda": 167700000}, {"date": "2003-12-31", "symbol": "THG", "reportedCurrency": "USD", "cik": "0000944695", "fillingDate": "2004-03-10", "acceptedDate": "2004-03-09 19:51:01", "calendarYear": "2003", "period": "FY", "revenue": 3263600000, "costOfRevenue": 0, "grossProfit": 3263600000, "grossProfitRatio": 1, "researchAndDevelopmentExpenses": 0, "generalAndAdministrativeExpenses": 0, "sellingAndMarketingExpenses": 0, "sellingGeneralAndAdministrativeExpenses": 0, "otherExpenses": -3184100000, "operatingExpenses": -3184100000, "costAndExpenses": 3184100000, "interestIncome": 0, "interestExpense": 0, "depreciationAndAmortization": 35800000, "ebitda": 115300000, "ebitdaratio": 0.0353290844, "operatingIncome": 79500000, "operatingIncomeRatio": 0.0243596029, "totalOtherIncomeExpensesNet": 501500000, "incomeBeforeTax": 79500000, "incomeBeforeTaxRatio": 0.0243596029, "incomeTaxExpense": -7400000, "netIncome": 86900000, "netIncomeRatio": 0.0266270376, "eps": 1.64, "epsdiluted": 1.64, "weightedAverageShsOut": 52900000, "weightedAverageShsOutDil": 53100000, "link": "https://www.sec.gov/Archives/edgar/data/944695/000119312504037515/0001193125-04-037515-index.htm", "finalLink": "https://www.sec.gov/Archives/edgar/data/944695/000119312504037515/d10k.htm", "calculatedOtherExpenses": 3184100000, "calculatedOperatingExpenses": 3184100000, "calculatedNetInterest": 0, "calculatedOtherIncome": 0, "calculatedIncomeNonControlling": 0, "calculatedEbitda": 115300000}, {"date": "2002-12-31", "symbol": "THG", "reportedCurrency": "USD", "cik": "0000944695", "fillingDate": "2003-03-27", "acceptedDate": "2003-03-27 17:12:14", "calendarYear": "2002", "period": "FY", "revenue": 3316600000, "costOfRevenue": 0, "grossProfit": 3316600000, "grossProfitRatio": 1, "researchAndDevelopmentExpenses": 0, "generalAndAdministrativeExpenses": 0, "sellingAndMarketingExpenses": 0, "sellingGeneralAndAdministrativeExpenses": 0, "otherExpenses": -3857500000, "operatingExpenses": -3857500000, "costAndExpenses": 3837800000, "interestIncome": 0, "interestExpense": 0, "depreciationAndAmortization": 20600000, "ebitda": -520300000, "ebitdaratio": -0.1568775252, "operatingIncome": -540900000, "operatingIncomeRatio": -0.1630887053, "totalOtherIncomeExpensesNet": 568600000, "incomeBeforeTax": -521200000, "incomeBeforeTaxRatio": -0.1571488874, "incomeTaxExpense": -234800000, "netIncome": -306100000, "netIncomeRatio": -0.0922933124, "eps": -5.79, "epsdiluted": -5.79, "weightedAverageShsOut": 52900000, "weightedAverageShsOutDil": 52900000, "link": "https://www.sec.gov/Archives/edgar/data/944695/000092701603001434/0000927016-03-001434-index.htm", "finalLink": "https://www.sec.gov/Archives/edgar/data/944695/000092701603001434/d10k.txt", "calculatedOtherExpenses": 3857500000, "calculatedOperatingExpenses": 3857500000, "calculatedNetInterest": 0, "calculatedOtherIncome": 19700000, "calculatedIncomeNonControlling": 19700000, "calculatedEbitda": -520300000}, {"date": "2001-12-31", "symbol": "THG", "reportedCurrency": "USD", "cik": "0000944695", "fillingDate": "2002-04-01", "acceptedDate": "2002-04-01 00:00:00", "calendarYear": "2001", "period": "FY", "revenue": 3311800000, "costOfRevenue": 0, "grossProfit": 3311800000, "grossProfitRatio": 1, "researchAndDevelopmentExpenses": 0, "generalAndAdministrativeExpenses": 0, "sellingAndMarketingExpenses": 0, "sellingGeneralAndAdministrativeExpenses": 0, "otherExpenses": -3390400000, "operatingExpenses": -3390400000, "costAndExpenses": 3371200000, "interestIncome": 0, "interestExpense": 0, "depreciationAndAmortization": 23000000, "ebitda": -55600000, "ebitdaratio": -0.0167884534, "operatingIncome": -78600000, "operatingIncomeRatio": -0.0237333172, "totalOtherIncomeExpensesNet": 525800000, "incomeBeforeTax": -59400000, "incomeBeforeTaxRatio": -0.0179358657, "incomeTaxExpense": -75500000, "netIncome": -3100000, "netIncomeRatio": -0.0009360469, "eps": -0.0589, "epsdiluted": -0.0589, "weightedAverageShsOut": 52600000, "weightedAverageShsOutDil": 52600000, "link": "https://www.sec.gov/Archives/edgar/data/944695/000092701602001824/0000927016-02-001824-index.htm", "finalLink": "https://www.sec.gov/Archives/edgar/data/944695/000092701602001824/d10k.txt", "calculatedOtherExpenses": 3390400000, "calculatedOperatingExpenses": 3390400000, "calculatedNetInterest": 0, "calculatedOtherIncome": 19200000, "calculatedIncomeNonControlling": 19200000, "calculatedEbitda": -55600000}, {"date": "2000-12-31", "symbol": "THG", "reportedCurrency": "USD", "cik": "0000944695", "fillingDate": "2001-04-02", "acceptedDate": "2001-04-02 00:00:00", "calendarYear": "2000", "period": "FY", "revenue": 3087900000, "costOfRevenue": 0, "grossProfit": 3087900000, "grossProfitRatio": 1, "researchAndDevelopmentExpenses": 0, "generalAndAdministrativeExpenses": 0, "sellingAndMarketingExpenses": 0, "sellingGeneralAndAdministrativeExpenses": 0, "otherExpenses": -2885300000, "operatingExpenses": -2885300000, "costAndExpenses": 2869300000, "interestIncome": 0, "interestExpense": 0, "depreciationAndAmortization": 22800000, "ebitda": 225400000, "ebitdaratio": 0.0729945918, "operatingIncome": 202600000, "operatingIncomeRatio": 0.065610933, "totalOtherIncomeExpensesNet": 562400000, "incomeBeforeTax": 218600000, "incomeBeforeTaxRatio": 0.0707924479, "incomeTaxExpense": 2700000, "netIncome": 199900000, "netIncomeRatio": 0.0647365523, "eps": 3.79, "epsdiluted": 3.7, "weightedAverageShsOut": 53500000, "weightedAverageShsOutDil": 54027027, "link": "https://www.sec.gov/Archives/edgar/data/944695/000092701601001663/0000927016-01-001663-index.htm", "finalLink": "https://www.sec.gov/Archives/edgar/data/944695/000092701601001663/0000927016-01-001663-0001.txt", "calculatedOtherExpenses": 2885300000, "calculatedOperatingExpenses": 2885300000, "calculatedNetInterest": 0, "calculatedOtherIncome": 16000000, "calculatedIncomeNonControlling": 16000000, "calculatedEbitda": 225400000}, {"date": "1999-12-31", "symbol": "THG", "reportedCurrency": "USD", "cik": "0000944695", "fillingDate": "2000-03-30", "acceptedDate": "2000-03-30 00:00:00", "calendarYear": "1999", "period": "FY", "revenue": 3145200000, "costOfRevenue": 0, "grossProfit": 3145200000, "grossProfitRatio": 1, "researchAndDevelopmentExpenses": 0, "generalAndAdministrativeExpenses": 0, "sellingAndMarketingExpenses": 0, "sellingGeneralAndAdministrativeExpenses": 0, "otherExpenses": -2742500000, "operatingExpenses": -2742500000, "costAndExpenses": 2677200000, "interestIncome": 0, "interestExpense": 0, "depreciationAndAmortization": 34200000, "ebitda": 436900000, "ebitdaratio": 0.1389100852, "operatingIncome": 402700000, "operatingIncomeRatio": 0.1280363729, "totalOtherIncomeExpensesNet": 488000000, "incomeBeforeTax": 468000000, "incomeBeforeTaxRatio": 0.1487981686, "incomeTaxExpense": 106900000, "netIncome": 295800000, "netIncomeRatio": 0.0940480733, "eps": 5.46, "epsdiluted": 5.33, "weightedAverageShsOut": 55300000, "weightedAverageShsOutDil": 55497186, "link": "https://www.sec.gov/Archives/edgar/data/944695/000092701600001078/0000927016-00-001078-index.html", "finalLink": "https://www.sec.gov/Archives/edgar/data/944695/000092701600001078/", "calculatedOtherExpenses": 2742500000, "calculatedOperatingExpenses": 2742500000, "calculatedNetInterest": 0, "calculatedOtherIncome": 65300000, "calculatedIncomeNonControlling": 65300000, "calculatedEbitda": 436900000}, {"date": "1998-12-31", "symbol": "THG", "reportedCurrency": "USD", "cik": "0000944695", "fillingDate": "1999-03-29", "acceptedDate": "1999-03-29 00:00:00", "calendarYear": "1998", "period": "FY", "revenue": 3432500000, "costOfRevenue": 0, "grossProfit": 3432500000, "grossProfitRatio": 1, "researchAndDevelopmentExpenses": 0, "generalAndAdministrativeExpenses": 0, "sellingAndMarketingExpenses": 0, "sellingGeneralAndAdministrativeExpenses": 0, "otherExpenses": -3182200000, "operatingExpenses": -3182200000, "costAndExpenses": 3152900000, "interestIncome": 0, "interestExpense": 0, "depreciationAndAmortization": 21900000, "ebitda": 272200000, "ebitdaratio": 0.0793008012, "operatingIncome": 250300000, "operatingIncomeRatio": 0.0729206118, "totalOtherIncomeExpensesNet": 442400000, "incomeBeforeTax": 279600000, "incomeBeforeTaxRatio": 0.0814566642, "incomeTaxExpense": 49100000, "netIncome": 201200000, "netIncomeRatio": 0.058616169, "eps": 3.43, "epsdiluted": 3.43, "weightedAverageShsOut": 60000000, "weightedAverageShsOutDil": 60500000, "link": "https://www.sec.gov/Archives/edgar/data/944695/000092701699001189/0000927016-99-001189-index.html", "finalLink": "https://www.sec.gov/Archives/edgar/data/944695/", "calculatedOtherExpenses": 3182200000, "calculatedOperatingExpenses": 3182200000, "calculatedNetInterest": 0, "calculatedOtherIncome": 29300000, "calculatedIncomeNonControlling": 29300000, "calculatedEbitda": 272200000}, {"date": "1997-12-31", "symbol": "THG", "reportedCurrency": "USD", "cik": "0000944695", "fillingDate": "1998-03-27", "acceptedDate": "1998-03-27 00:00:00", "calendarYear": "1997", "period": "FY", "revenue": 3395600000, "costOfRevenue": 0, "grossProfit": 3395600000, "grossProfitRatio": 1, "researchAndDevelopmentExpenses": 0, "generalAndAdministrativeExpenses": 0, "sellingAndMarketingExpenses": 0, "sellingGeneralAndAdministrativeExpenses": 0, "otherExpenses": -3092800000, "operatingExpenses": -3092800000, "costAndExpenses": 3030100000, "interestIncome": 0, "interestExpense": 0, "depreciationAndAmortization": 31600000, "ebitda": 334400000, "ebitdaratio": 0.0984803864, "operatingIncome": 302800000, "operatingIncomeRatio": 0.0891742255, "totalOtherIncomeExpensesNet": 354900000, "incomeBeforeTax": 365500000, "incomeBeforeTaxRatio": 0.1076392979, "incomeTaxExpense": 93600000, "netIncome": 209200000, "netIncomeRatio": 0.0616091412, "eps": 3.83, "epsdiluted": 3.82, "weightedAverageShsOut": 54621410, "weightedAverageShsOutDil": 54764398, "link": "https://www.sec.gov/Archives/edgar/data/944695/000092701698001218/0000927016-98-001218-index.html", "finalLink": "https://www.sec.gov/Archives/edgar/data/944695/", "calculatedOtherExpenses": 3092800000, "calculatedOperatingExpenses": 3092800000, "calculatedNetInterest": 0, "calculatedOtherIncome": 62700000, "calculatedIncomeNonControlling": 62700000, "calculatedEbitda": 334400000}, {"date": "1996-12-31", "symbol": "THG", "reportedCurrency": "USD", "cik": "0000944695", "fillingDate": "1997-03-24", "acceptedDate": "1997-03-24 00:00:00", "calendarYear": "1996", "period": "FY", "revenue": 3274700000, "costOfRevenue": 0, "grossProfit": 3274700000, "grossProfitRatio": 1, "researchAndDevelopmentExpenses": 0, "generalAndAdministrativeExpenses": 0, "sellingAndMarketingExpenses": 0, "sellingGeneralAndAdministrativeExpenses": 0, "otherExpenses": -3017600000, "operatingExpenses": -3017600000, "costAndExpenses": 2943000000, "interestIncome": 0, "interestExpense": 0, "depreciationAndAmortization": 44700000, "ebitda": 301800000, "ebitdaratio": 0.092161114, "operatingIncome": 257100000, "operatingIncomeRatio": 0.0785110086, "totalOtherIncomeExpensesNet": 299900000, "incomeBeforeTax": 331700000, "incomeBeforeTaxRatio": 0.1012917214, "incomeTaxExpense": 75200000, "netIncome": 181900000, "netIncomeRatio": 0.055547073, "eps": 3.63, "epsdiluted": 3.63, "weightedAverageShsOut": 50110193, "weightedAverageShsOutDil": 50110193, "link": "https://www.sec.gov/Archives/edgar/data/944695/000092701697000864/0000927016-97-000864-index.html", "finalLink": "https://www.sec.gov/Archives/edgar/data/944695/", "calculatedOtherExpenses": 3017600000, "calculatedOperatingExpenses": 3017600000, "calculatedNetInterest": 0, "calculatedOtherIncome": 74600000, "calculatedIncomeNonControlling": 74600000, "calculatedEbitda": 301800000}, {"date": "1995-12-31", "symbol": "THG", "reportedCurrency": "USD", "cik": "0000944695", "fillingDate": "1995-12-31", "acceptedDate": "1995-12-30 19:00:00", "calendarYear": "1995", "period": "FY", "revenue": 3238900000, "costOfRevenue": 0, "grossProfit": 3238900000, "grossProfitRatio": 1, "researchAndDevelopmentExpenses": 0, "generalAndAdministrativeExpenses": 0, "sellingAndMarketingExpenses": 0, "sellingGeneralAndAdministrativeExpenses": 0, "otherExpenses": -3022300000, "operatingExpenses": -3022300000, "costAndExpenses": 470300000, "interestIncome": 0, "interestExpense": 0, "depreciationAndAmortization": 0, "ebitda": 216600000, "ebitdaratio": 0.0668745562, "operatingIncome": 216600000, "operatingIncomeRatio": 0.0668745562, "totalOtherIncomeExpensesNet": 1016100000, "incomeBeforeTax": 1232700000, "incomeBeforeTaxRatio": 0.3805921764, "incomeTaxExpense": 82700000, "netIncome": 133900000, "netIncomeRatio": 0.0413411961, "eps": 2.61, "epsdiluted": 2.61, "weightedAverageShsOut": 51302682, "weightedAverageShsOutDil": 51302682, "link": "", "finalLink": "", "calculatedOtherExpenses": 3022300000, "calculatedOperatingExpenses": 3022300000, "calculatedNetInterest": 0, "calculatedOtherIncome": 1016100000, "calculatedIncomeNonControlling": 1016100000, "calculatedEbitda": 216600000}]}