{"originalCurrency": "USD", "convertedCurrency": "USD", "report": [{"date": "2023-07-31", "symbol": "THO", "reportedCurrency": "USD", "cik": "0000730263", "fillingDate": "2023-09-25", "acceptedDate": "2023-09-25 16:13:15", "calendarYear": "2023", "period": "FY", "revenue": 11121605000, "costOfRevenue": 9525252000, "grossProfit": 1596353000, "grossProfitRatio": 0.1435362072, "researchAndDevelopmentExpenses": 36592000, "generalAndAdministrativeExpenses": 803885000, "sellingAndMarketingExpenses": 66169000, "sellingGeneralAndAdministrativeExpenses": 870054000, "otherExpenses": 11309000, "operatingExpenses": 1010862000, "costAndExpenses": 10536114000, "interestIncome": 97447000, "interestExpense": 97447000, "depreciationAndAmortization": 276928000, "ebitda": 873728000, "ebitdaratio": 0.0785613228, "operatingIncome": 596800000, "operatingIncomeRatio": 0.0536613196, "totalOtherIncomeExpensesNet": 11309000, "incomeBeforeTax": 499353000, "incomeBeforeTaxRatio": 0.0448993648, "incomeTaxExpense": 125113000, "netIncome": 374271000, "netIncomeRatio": 0.0336526068, "eps": 7, "epsdiluted": 6.95, "weightedAverageShsOut": 53478310, "weightedAverageShsOutDil": 53857143, "link": "https://www.sec.gov/Archives/edgar/data/730263/000073026323000016/0000730263-23-000016-index.htm", "finalLink": "https://www.sec.gov/Archives/edgar/data/730263/000073026323000016/tho-20230731.htm", "calculatedOtherExpenses": 92907000, "calculatedOperatingExpenses": 999553000, "calculatedNetInterest": 0, "calculatedOtherIncome": -97447000, "calculatedIncomeNonControlling": -31000, "calculatedEbitda": 873728000}, {"date": "2022-07-31", "symbol": "THO", "reportedCurrency": "USD", "cik": "0000730263", "fillingDate": "2022-09-28", "acceptedDate": "2022-09-28 06:32:35", "calendarYear": "2022", "period": "FY", "revenue": 16312525000, "costOfRevenue": 13506495000, "grossProfit": 2806030000, "grossProfitRatio": 0.1720169011, "researchAndDevelopmentExpenses": 38998000, "generalAndAdministrativeExpenses": 1061001000, "sellingAndMarketingExpenses": 55461000, "sellingGeneralAndAdministrativeExpenses": 1116462000, "otherExpenses": 156946000, "operatingExpenses": 1273408000, "costAndExpenses": 14779903000, "interestIncome": 1130000, "interestExpense": 91222000, "depreciationAndAmortization": 156946000, "ebitda": 1689568000, "ebitdaratio": 0.1035748911, "operatingIncome": 1532622000, "operatingIncomeRatio": 0.0939536951, "totalOtherIncomeExpensesNet": -72758000, "incomeBeforeTax": 1459864000, "incomeBeforeTaxRatio": 0.0894934414, "incomeTaxExpense": 321621000, "netIncome": 1137804000, "netIncomeRatio": 0.0697503299, "eps": 20.67, "epsdiluted": 20.59, "weightedAverageShsOut": 55034653, "weightedAverageShsOutDil": 55264046, "link": "https://www.sec.gov/Archives/edgar/data/730263/000073026322000019/0000730263-22-000019-index.htm", "finalLink": "https://www.sec.gov/Archives/edgar/data/730263/000073026322000019/tho-20220731.htm", "calculatedOtherExpenses": 117948000, "calculatedOperatingExpenses": 1273408000, "calculatedNetInterest": -90092000, "calculatedOtherIncome": 17334000, "calculatedIncomeNonControlling": 439000, "calculatedEbitda": 1689568000}, {"date": "2021-07-31", "symbol": "THO", "reportedCurrency": "USD", "cik": "0000730263", "fillingDate": "2021-09-28", "acceptedDate": "2021-09-28 06:35:38", "calendarYear": "2021", "period": "FY", "revenue": 12317380000, "costOfRevenue": 10422407000, "grossProfit": 1894973000, "grossProfitRatio": 0.1538454606, "researchAndDevelopmentExpenses": 26775000, "generalAndAdministrativeExpenses": 825278000, "sellingAndMarketingExpenses": 44638000, "sellingGeneralAndAdministrativeExpenses": 869916000, "otherExpenses": 117183000, "operatingExpenses": 987099000, "costAndExpenses": 11409506000, "interestIncome": 797000, "interestExpense": 94342000, "depreciationAndAmortization": 117183000, "ebitda": 1056106000, "ebitdaratio": 0.0857411235, "operatingIncome": 938923000, "operatingIncomeRatio": 0.0762274932, "totalOtherIncomeExpensesNet": -94342000, "incomeBeforeTax": 844581000, "incomeBeforeTaxRatio": 0.0685682345, "incomeTaxExpense": 183711000, "netIncome": 659872000, "netIncomeRatio": 0.0535724318, "eps": 11.93, "epsdiluted": 11.85, "weightedAverageShsOut": 55333959, "weightedAverageShsOutDil": 55687253, "link": "https://www.sec.gov/Archives/edgar/data/730263/000073026321000014/0000730263-21-000014-index.htm", "finalLink": "https://www.sec.gov/Archives/edgar/data/730263/000073026321000014/tho-20210731.htm", "calculatedOtherExpenses": 59359000, "calculatedOperatingExpenses": 956050000, "calculatedNetInterest": -93545000, "calculatedOtherIncome": -797000, "calculatedIncomeNonControlling": 998000, "calculatedEbitda": 1056106000}, {"date": "2020-07-31", "symbol": "THO", "reportedCurrency": "USD", "cik": "0000730263", "fillingDate": "2020-09-28", "acceptedDate": "2020-09-28 06:35:31", "calendarYear": "2020", "period": "FY", "revenue": 8167933000, "costOfRevenue": 7049726000, "grossProfit": 1118207000, "grossProfitRatio": 0.1369020779, "researchAndDevelopmentExpenses": 19123000, "generalAndAdministrativeExpenses": 567100000, "sellingAndMarketingExpenses": 67019000, "sellingGeneralAndAdministrativeExpenses": 634119000, "otherExpenses": 97234000, "operatingExpenses": 731353000, "costAndExpenses": 7781079000, "interestIncome": 3116000, "interestExpense": 104206000, "depreciationAndAmortization": 196167000, "ebitda": 377102000, "ebitdaratio": 0.0461685961, "operatingIncome": 180935000, "operatingIncomeRatio": 0.0221518712, "totalOtherIncomeExpensesNet": 91961000, "incomeBeforeTax": 272896000, "incomeBeforeTaxRatio": 0.033410656, "incomeTaxExpense": 51512000, "netIncome": 222974000, "netIncomeRatio": 0.0272987058, "eps": 4.04, "epsdiluted": 4.03, "weightedAverageShsOut": 55172694, "weightedAverageShsOutDil": 55397376, "link": "https://www.sec.gov/Archives/edgar/data/730263/000073026320000019/0000730263-20-000019-index.htm", "finalLink": "https://www.sec.gov/Archives/edgar/data/730263/000073026320000019/tho-20200731.htm", "calculatedOtherExpenses": 284030000, "calculatedOperatingExpenses": 937272000, "calculatedNetInterest": -101090000, "calculatedOtherIncome": 193051000, "calculatedIncomeNonControlling": -1590000, "calculatedEbitda": 377102000}, {"date": "2019-07-31", "symbol": "THO", "reportedCurrency": "USD", "cik": "0000730263", "fillingDate": "2019-09-30", "acceptedDate": "2019-09-30 06:47:35", "calendarYear": "2019", "period": "FY", "revenue": 7864758000, "costOfRevenue": 6891664000, "grossProfit": 973094000, "grossProfitRatio": 0.1237284097, "researchAndDevelopmentExpenses": 9381000, "generalAndAdministrativeExpenses": 497401000, "sellingAndMarketingExpenses": 38643000, "sellingGeneralAndAdministrativeExpenses": 536044000, "otherExpenses": 75638000, "operatingExpenses": 611682000, "costAndExpenses": 7503346000, "interestIncome": 8080000, "interestExpense": 60032000, "depreciationAndAmortization": 75638000, "ebitda": 435202000, "ebitdaratio": 0.0553357141, "operatingIncome": 359564000, "operatingIncomeRatio": 0.0457183807, "totalOtherIncomeExpensesNet": -174898000, "incomeBeforeTax": 184666000, "incomeBeforeTaxRatio": 0.0234801885, "incomeTaxExpense": 52201000, "netIncome": 133275000, "netIncomeRatio": 0.0169458488, "eps": 2.47, "epsdiluted": 2.47, "weightedAverageShsOut": 53905667, "weightedAverageShsOutDil": 54026686, "link": "https://www.sec.gov/Archives/edgar/data/730263/000119312519258022/0001193125-19-258022-index.htm", "finalLink": "https://www.sec.gov/Archives/edgar/data/730263/000119312519258022/d789706d10k.htm", "calculatedOtherExpenses": 68105000, "calculatedOperatingExpenses": 613530000, "calculatedNetInterest": -51952000, "calculatedOtherIncome": -122946000, "calculatedIncomeNonControlling": -810000, "calculatedEbitda": 435202000}, {"date": "2018-07-31", "symbol": "THO", "reportedCurrency": "USD", "cik": "0000730263", "fillingDate": "2018-09-20", "acceptedDate": "2018-09-20 07:02:11", "calendarYear": "2018", "period": "FY", "revenue": 8328909000, "costOfRevenue": 7164243000, "grossProfit": 1164666000, "grossProfitRatio": 0.1398341608, "researchAndDevelopmentExpenses": 2009000, "generalAndAdministrativeExpenses": 450570000, "sellingAndMarketingExpenses": 26874000, "sellingGeneralAndAdministrativeExpenses": 477444000, "otherExpenses": 3964000, "operatingExpenses": 532562000, "costAndExpenses": 7696805000, "interestIncome": 2148000, "interestExpense": 5187000, "depreciationAndAmortization": 55118000, "ebitda": 687222000, "ebitdaratio": 0.0825104464, "operatingIncome": 632104000, "operatingIncomeRatio": 0.075892773, "totalOtherIncomeExpensesNet": 3964000, "incomeBeforeTax": 633029000, "incomeBeforeTaxRatio": 0.076003832, "incomeTaxExpense": 202878000, "netIncome": 430151000, "netIncomeRatio": 0.0516455396, "eps": 8.17, "epsdiluted": 8.14, "weightedAverageShsOut": 52674161, "weightedAverageShsOutDil": 52853360, "link": "https://www.sec.gov/Archives/edgar/data/730263/000119312518278055/0001193125-18-278055-index.htm", "finalLink": "https://www.sec.gov/Archives/edgar/data/730263/000119312518278055/d467592d10k.htm", "calculatedOtherExpenses": 53109000, "calculatedOperatingExpenses": 532562000, "calculatedNetInterest": -3039000, "calculatedOtherIncome": 3964000, "calculatedIncomeNonControlling": 0, "calculatedEbitda": 687222000}, {"date": "2017-07-31", "symbol": "THO", "reportedCurrency": "USD", "cik": "0000730263", "fillingDate": "2017-09-27", "acceptedDate": "2017-09-27 16:17:09", "calendarYear": "2017", "period": "FY", "revenue": 7246952000, "costOfRevenue": 6203369000, "grossProfit": 1043583000, "grossProfitRatio": 0.1440030236, "researchAndDevelopmentExpenses": 2577000, "generalAndAdministrativeExpenses": 394850000, "sellingAndMarketingExpenses": 24997000, "sellingGeneralAndAdministrativeExpenses": 419847000, "otherExpenses": 5382000, "operatingExpenses": 483772000, "costAndExpenses": 6687141000, "interestIncome": 923000, "interestExpense": 8807000, "depreciationAndAmortization": 63925000, "ebitda": 623736000, "ebitdaratio": 0.0860687362, "operatingIncome": 559811000, "operatingIncomeRatio": 0.0772477864, "totalOtherIncomeExpensesNet": 5382000, "incomeBeforeTax": 556386000, "incomeBeforeTaxRatio": 0.0767751739, "incomeTaxExpense": 182132000, "netIncome": 374254000, "netIncomeRatio": 0.0516429528, "eps": 7.12, "epsdiluted": 7.09, "weightedAverageShsOut": 52562723, "weightedAverageShsOutDil": 52758442, "link": "https://www.sec.gov/Archives/edgar/data/730263/000119312517295973/0001193125-17-295973-index.htm", "finalLink": "https://www.sec.gov/Archives/edgar/data/730263/000119312517295973/d433611d10k.htm", "calculatedOtherExpenses": 61348000, "calculatedOperatingExpenses": 483772000, "calculatedNetInterest": -7884000, "calculatedOtherIncome": 4459000, "calculatedIncomeNonControlling": 0, "calculatedEbitda": 623736000}, {"date": "2016-07-31", "symbol": "THO", "reportedCurrency": "USD", "cik": "0000730263", "fillingDate": "2016-09-26", "acceptedDate": "2016-09-26 16:17:22", "calendarYear": "2016", "period": "FY", "revenue": 4582112000, "costOfRevenue": 3855787000, "grossProfit": 726325000, "grossProfitRatio": 0.1585131485, "researchAndDevelopmentExpenses": 0, "generalAndAdministrativeExpenses": 291797000, "sellingAndMarketingExpenses": 14472000, "sellingGeneralAndAdministrativeExpenses": 306269000, "otherExpenses": 1181000, "operatingExpenses": 334231000, "costAndExpenses": 4190018000, "interestIncome": 743000, "interestExpense": 1592000, "depreciationAndAmortization": 52575000, "ebitda": 446593000, "ebitdaratio": 0.0974644443, "operatingIncome": 392094000, "operatingIncomeRatio": 0.085570584, "totalOtherIncomeExpensesNet": -7932000, "incomeBeforeTax": 383313000, "incomeBeforeTaxRatio": 0.0836542188, "incomeTaxExpense": 125291000, "netIncome": 256519000, "netIncomeRatio": 0.0559826997, "eps": 4.89, "epsdiluted": 4.88, "weightedAverageShsOut": 52458789, "weightedAverageShsOutDil": 52590516, "link": "https://www.sec.gov/Archives/edgar/data/730263/000119312516719899/0001193125-16-719899-index.htm", "finalLink": "https://www.sec.gov/Archives/edgar/data/730263/000119312516719899/d212353d10k.htm", "calculatedOtherExpenses": 27962000, "calculatedOperatingExpenses": 334231000, "calculatedNetInterest": -849000, "calculatedOtherIncome": -7932000, "calculatedIncomeNonControlling": 1503000, "calculatedEbitda": 444669000}, {"date": "2015-07-31", "symbol": "THO", "reportedCurrency": "USD", "cik": "0000730263", "fillingDate": "2015-09-21", "acceptedDate": "2015-09-21 16:16:33", "calendarYear": "2015", "period": "FY", "revenue": 4006819000, "costOfRevenue": 3449274000, "grossProfit": 557545000, "grossProfitRatio": 0.1391490357, "researchAndDevelopmentExpenses": 0, "generalAndAdministrativeExpenses": 238376000, "sellingAndMarketingExpenses": 12515000, "sellingGeneralAndAdministrativeExpenses": 250891000, "otherExpenses": 1144000, "operatingExpenses": 266906000, "costAndExpenses": 3716180000, "interestIncome": 1112000, "interestExpense": 180000, "depreciationAndAmortization": 16015000, "ebitda": 306654000, "ebitdaratio": 0.0765330303, "operatingIncome": 290639000, "operatingIncomeRatio": 0.0725360941, "totalOtherIncomeExpensesNet": 1144000, "incomeBeforeTax": 292895000, "incomeBeforeTaxRatio": 0.0730991343, "incomeTaxExpense": 90886000, "netIncome": 199385000, "netIncomeRatio": 0.0497614192, "eps": 3.75, "epsdiluted": 3.74, "weightedAverageShsOut": 53166206, "weightedAverageShsOutDil": 53275510, "link": "https://www.sec.gov/Archives/edgar/data/730263/000119312515324427/0001193125-15-324427-index.htm", "finalLink": "https://www.sec.gov/Archives/edgar/data/730263/000119312515324427/d949622d10k.htm", "calculatedOtherExpenses": 16015000, "calculatedOperatingExpenses": 266906000, "calculatedNetInterest": 932000, "calculatedOtherIncome": 1324000, "calculatedIncomeNonControlling": 2624000, "calculatedEbitda": 306654000}, {"date": "2014-07-31", "symbol": "THO", "reportedCurrency": "USD", "cik": "0000730263", "fillingDate": "2014-09-25", "acceptedDate": "2014-09-25 16:16:10", "calendarYear": "2014", "period": "FY", "revenue": 3525456000, "costOfRevenue": 3055060000, "grossProfit": 470396000, "grossProfitRatio": 0.1334284132, "researchAndDevelopmentExpenses": 0, "generalAndAdministrativeExpenses": 199220000, "sellingAndMarketingExpenses": 9492000, "sellingGeneralAndAdministrativeExpenses": 208712000, "otherExpenses": 3198000, "operatingExpenses": 221632000, "costAndExpenses": 3276692000, "interestIncome": 1567000, "interestExpense": 10000, "depreciationAndAmortization": 12920000, "ebitda": 262394000, "ebitdaratio": 0.074428386, "operatingIncome": 248764000, "operatingIncomeRatio": 0.0705622195, "totalOtherIncomeExpensesNet": 2488000, "incomeBeforeTax": 252819000, "incomeBeforeTaxRatio": 0.0717124253, "incomeTaxExpense": 77303000, "netIncome": 179002000, "netIncomeRatio": 0.050774141, "eps": 3.36, "epsdiluted": 3.35, "weightedAverageShsOut": 53270076, "weightedAverageShsOutDil": 53361690, "link": "https://www.sec.gov/Archives/edgar/data/730263/000119312514353131/0001193125-14-353131-index.htm", "finalLink": "https://www.sec.gov/Archives/edgar/data/730263/000119312514353131/d753014d10k.htm", "calculatedOtherExpenses": 12920000, "calculatedOperatingExpenses": 221632000, "calculatedNetInterest": 1557000, "calculatedOtherIncome": 2498000, "calculatedIncomeNonControlling": -3486000, "calculatedEbitda": 261684000}, {"date": "2013-07-31", "symbol": "THO", "reportedCurrency": "USD", "cik": "0000730263", "fillingDate": "2013-09-26", "acceptedDate": "2013-09-26 16:16:06", "calendarYear": "2013", "period": "FY", "revenue": 3241975000, "costOfRevenue": 2817436000, "grossProfit": 424539000, "grossProfitRatio": 0.1309507322, "researchAndDevelopmentExpenses": 0, "generalAndAdministrativeExpenses": 185856000, "sellingAndMarketingExpenses": 8794000, "sellingGeneralAndAdministrativeExpenses": 194650000, "otherExpenses": 1921000, "operatingExpenses": 205110000, "costAndExpenses": 3022546000, "interestIncome": 2622000, "interestExpense": 6000, "depreciationAndAmortization": 10460000, "ebitda": 231889000, "ebitdaratio": 0.0715270784, "operatingIncome": 219429000, "operatingIncomeRatio": 0.0676837422, "totalOtherIncomeExpensesNet": -79000, "incomeBeforeTax": 221972000, "incomeBeforeTaxRatio": 0.0684681406, "incomeTaxExpense": 70296000, "netIncome": 152862000, "netIncomeRatio": 0.047150888, "eps": 2.88, "epsdiluted": 2.88, "weightedAverageShsOut": 53005576, "weightedAverageShsOutDil": 53115548, "link": "https://www.sec.gov/Archives/edgar/data/730263/000119312513380045/0001193125-13-380045-index.htm", "finalLink": "https://www.sec.gov/Archives/edgar/data/730263/000119312513380045/d554675d10k.htm", "calculatedOtherExpenses": 10460000, "calculatedOperatingExpenses": 205110000, "calculatedNetInterest": 2616000, "calculatedOtherIncome": -73000, "calculatedIncomeNonControlling": -1186000, "calculatedEbitda": 229889000}, {"date": "2012-07-31", "symbol": "THO", "reportedCurrency": "USD", "cik": "0000730263", "fillingDate": "2012-09-26", "acceptedDate": "2012-09-26 16:16:23", "calendarYear": "2012", "period": "FY", "revenue": 3084660000, "costOfRevenue": 2727884000, "grossProfit": 356776000, "grossProfitRatio": 0.1156613695, "researchAndDevelopmentExpenses": 0, "generalAndAdministrativeExpenses": 0, "sellingAndMarketingExpenses": 0, "sellingGeneralAndAdministrativeExpenses": 169154000, "otherExpenses": 999000, "operatingExpenses": 180289000, "costAndExpenses": 2908173000, "interestIncome": 3765000, "interestExpense": 560000, "depreciationAndAmortization": 24978000, "ebitda": 206229000, "ebitdaratio": 0.0668563148, "operatingIncome": 176487000, "operatingIncomeRatio": 0.0572144094, "totalOtherIncomeExpensesNet": 999000, "incomeBeforeTax": 180691000, "incomeBeforeTaxRatio": 0.0585772824, "incomeTaxExpense": 58952000, "netIncome": 121739000, "netIncomeRatio": 0.0394659379, "eps": 2.26, "epsdiluted": 2.26, "weightedAverageShsOut": 53845697, "weightedAverageShsOutDil": 53899848, "link": "https://www.sec.gov/Archives/edgar/data/730263/000119312512404883/0001193125-12-404883-index.htm", "finalLink": "https://www.sec.gov/Archives/edgar/data/730263/000119312512404883/d377139d10k.htm", "calculatedOtherExpenses": 11135000, "calculatedOperatingExpenses": 180289000, "calculatedNetInterest": 3205000, "calculatedOtherIncome": 999000, "calculatedIncomeNonControlling": 0, "calculatedEbitda": 201465000}, {"date": "2011-07-31", "symbol": "THO", "reportedCurrency": "USD", "cik": "0000730263", "fillingDate": "2011-09-28", "acceptedDate": "2011-09-28 16:17:01", "calendarYear": "2011", "period": "FY", "revenue": 2755508000, "costOfRevenue": 2422373000, "grossProfit": 333135000, "grossProfitRatio": 0.1208978526, "researchAndDevelopmentExpenses": 0, "generalAndAdministrativeExpenses": 0, "sellingAndMarketingExpenses": 0, "sellingGeneralAndAdministrativeExpenses": 180858000, "otherExpenses": 10262000, "operatingExpenses": 191120000, "costAndExpenses": 2613493000, "interestIncome": 3910000, "interestExpense": 212000, "depreciationAndAmortization": 24009000, "ebitda": 179351000, "ebitdaratio": 0.0650881797, "operatingIncome": 142015000, "operatingIncomeRatio": 0.0515385911, "totalOtherIncomeExpensesNet": -2503000, "incomeBeforeTax": 152627000, "incomeBeforeTaxRatio": 0.0553897866, "incomeTaxExpense": 46354000, "netIncome": 106273000, "netIncomeRatio": 0.0385674801, "eps": 1.92, "epsdiluted": 1.92, "weightedAverageShsOut": 55271340, "weightedAverageShsOutDil": 55373641, "link": "https://www.sec.gov/Archives/edgar/data/730263/000119312511258818/0001193125-11-258818-index.htm", "finalLink": "https://www.sec.gov/Archives/edgar/data/730263/000119312511258818/d158167d10k.htm", "calculatedOtherExpenses": 10262000, "calculatedOperatingExpenses": 191120000, "calculatedNetInterest": 3698000, "calculatedOtherIncome": 6914000, "calculatedIncomeNonControlling": 0, "calculatedEbitda": 166024000}, {"date": "2010-07-31", "symbol": "THO", "reportedCurrency": "USD", "cik": "0000730263", "fillingDate": "2010-09-29", "acceptedDate": "2010-09-28 18:03:41", "calendarYear": "2010", "period": "FY", "revenue": 2276557000, "costOfRevenue": 1969471000, "grossProfit": 307086000, "grossProfitRatio": 0.1348905387, "researchAndDevelopmentExpenses": 0, "generalAndAdministrativeExpenses": 0, "sellingAndMarketingExpenses": 0, "sellingGeneralAndAdministrativeExpenses": 147407000, "otherExpenses": 19144000, "operatingExpenses": 166551000, "costAndExpenses": 2136022000, "interestIncome": 5515000, "interestExpense": 395000, "depreciationAndAmortization": 13229000, "ebitda": 185517000, "ebitdaratio": 0.0814901626, "operatingIncome": 140535000, "operatingIncomeRatio": 0.0617313777, "totalOtherIncomeExpensesNet": -500000, "incomeBeforeTax": 171393000, "incomeBeforeTaxRatio": 0.075286057, "incomeTaxExpense": 61329000, "netIncome": 110064000, "netIncomeRatio": 0.048346692, "eps": 2.08, "epsdiluted": 2.07, "weightedAverageShsOut": 53019008, "weightedAverageShsOutDil": 53119364, "link": "https://www.sec.gov/Archives/edgar/data/730263/000095012310089655/0000950123-10-089655-index.htm", "finalLink": "https://www.sec.gov/Archives/edgar/data/730263/000095012310089655/l40764e10vk.htm", "calculatedOtherExpenses": 19144000, "calculatedOperatingExpenses": 166551000, "calculatedNetInterest": 5120000, "calculatedOtherIncome": 25738000, "calculatedIncomeNonControlling": 0, "calculatedEbitda": 153764000}, {"date": "2009-07-31", "symbol": "THO", "reportedCurrency": "USD", "cik": "0000730263", "fillingDate": "2009-09-29", "acceptedDate": "2009-09-29 17:29:23", "calendarYear": "2009", "period": "FY", "revenue": 1521896000, "costOfRevenue": 1369359000, "grossProfit": 152537000, "grossProfitRatio": 0.1002282679, "researchAndDevelopmentExpenses": 0, "generalAndAdministrativeExpenses": 0, "sellingAndMarketingExpenses": 0, "sellingGeneralAndAdministrativeExpenses": 124578000, "otherExpenses": 12724000, "operatingExpenses": 137302000, "costAndExpenses": 1506661000, "interestIncome": 5530000, "interestExpense": 525000, "depreciationAndAmortization": 13483000, "ebitda": 47684000, "ebitdaratio": 0.0313319701, "operatingIncome": 15235000, "operatingIncomeRatio": 0.0100105395, "totalOtherIncomeExpensesNet": -10281000, "incomeBeforeTax": 23395000, "incomeBeforeTaxRatio": 0.0153722725, "incomeTaxExpense": 6252000, "netIncome": 17143000, "netIncomeRatio": 0.0112642388, "eps": 0.31, "epsdiluted": 0.31, "weightedAverageShsOut": 55429373, "weightedAverageShsOutDil": 55476470, "link": "https://www.sec.gov/Archives/edgar/data/730263/000095012309047063/0000950123-09-047063-index.htm", "finalLink": "https://www.sec.gov/Archives/edgar/data/730263/000095012309047063/l37670e10vk.htm", "calculatedOtherExpenses": 12724000, "calculatedOperatingExpenses": 137302000, "calculatedNetInterest": 5005000, "calculatedOtherIncome": 3155000, "calculatedIncomeNonControlling": 0, "calculatedEbitda": 28718000}, {"date": "2008-07-31", "symbol": "THO", "reportedCurrency": "USD", "cik": "0000730263", "fillingDate": "2008-09-29", "acceptedDate": "2008-09-29 17:28:37", "calendarYear": "2008", "period": "FY", "revenue": 2640680000, "costOfRevenue": 2318254000, "grossProfit": 322426000, "grossProfitRatio": 0.1220996107, "researchAndDevelopmentExpenses": 0, "generalAndAdministrativeExpenses": 0, "sellingAndMarketingExpenses": 0, "sellingGeneralAndAdministrativeExpenses": 177068000, "otherExpenses": 813000, "operatingExpenses": 177881000, "costAndExpenses": 2496135000, "interestIncome": 0, "interestExpense": 0, "depreciationAndAmortization": 17021000, "ebitda": 163900000, "ebitdaratio": 0.0620673463, "operatingIncome": 144545000, "operatingIncomeRatio": 0.0547377948, "totalOtherIncomeExpensesNet": -2334000, "incomeBeforeTax": 152407000, "incomeBeforeTaxRatio": 0.0577150582, "incomeTaxExpense": 59701000, "netIncome": 92706000, "netIncomeRatio": 0.0351068664, "eps": 1.67, "epsdiluted": 1.66, "weightedAverageShsOut": 55593572, "weightedAverageShsOutDil": 55731707, "link": "https://www.sec.gov/Archives/edgar/data/730263/000095015208007553/0000950152-08-007553-index.htm", "finalLink": "https://www.sec.gov/Archives/edgar/data/730263/000095015208007553/l33332ae10vk.htm", "calculatedOtherExpenses": 813000, "calculatedOperatingExpenses": 177881000, "calculatedNetInterest": 0, "calculatedOtherIncome": 7862000, "calculatedIncomeNonControlling": 0, "calculatedEbitda": 161566000}, {"date": "2007-07-31", "symbol": "THO", "reportedCurrency": "USD", "cik": "0000730263", "fillingDate": "2007-10-01", "acceptedDate": "2007-10-01 16:57:09", "calendarYear": "2007", "period": "FY", "revenue": 2856308000, "costOfRevenue": 2493013000, "grossProfit": 363295000, "grossProfitRatio": 0.127190415, "researchAndDevelopmentExpenses": 0, "generalAndAdministrativeExpenses": 0, "sellingAndMarketingExpenses": 0, "sellingGeneralAndAdministrativeExpenses": 177697000, "otherExpenses": 935000, "operatingExpenses": 178632000, "costAndExpenses": 2671645000, "interestIncome": 0, "interestExpense": 0, "depreciationAndAmortization": 13905000, "ebitda": 196973000, "ebitdaratio": 0.0689607003, "operatingIncome": 184663000, "operatingIncomeRatio": 0.064650941, "totalOtherIncomeExpensesNet": 1595000, "incomeBeforeTax": 196800000, "incomeBeforeTaxRatio": 0.0689001326, "incomeTaxExpense": 62129000, "netIncome": 134731000, "netIncomeRatio": 0.047169633, "eps": 2.42, "epsdiluted": 2.41, "weightedAverageShsOut": 55665275, "weightedAverageShsOutDil": 55923108, "link": "https://www.sec.gov/Archives/edgar/data/730263/000095015207007820/0000950152-07-007820-index.htm", "finalLink": "https://www.sec.gov/Archives/edgar/data/730263/000095015207007820/l28143ae10vk.htm", "calculatedOtherExpenses": 935000, "calculatedOperatingExpenses": 178632000, "calculatedNetInterest": 0, "calculatedOtherIncome": 12137000, "calculatedIncomeNonControlling": -60000, "calculatedEbitda": 198568000}, {"date": "2006-07-31", "symbol": "THO", "reportedCurrency": "USD", "cik": "0000730263", "fillingDate": "2006-09-28", "acceptedDate": "2006-09-28 15:43:39", "calendarYear": "2006", "period": "FY", "revenue": 3066276000, "costOfRevenue": 2620506000, "grossProfit": 445770000, "grossProfitRatio": 0.1453783025, "researchAndDevelopmentExpenses": 0, "generalAndAdministrativeExpenses": 0, "sellingAndMarketingExpenses": 0, "sellingGeneralAndAdministrativeExpenses": 183926000, "otherExpenses": 949000, "operatingExpenses": 184875000, "costAndExpenses": 2805381000, "interestIncome": 0, "interestExpense": 0, "depreciationAndAmortization": 14046000, "ebitda": 273185000, "ebitdaratio": 0.0890934149, "operatingIncome": 260895000, "operatingIncomeRatio": 0.0850852956, "totalOtherIncomeExpensesNet": 1756000, "incomeBeforeTax": 270423000, "incomeBeforeTaxRatio": 0.088192648, "incomeTaxExpense": 97959000, "netIncome": 172464000, "netIncomeRatio": 0.056245426, "eps": 2.89, "epsdiluted": 2.87, "weightedAverageShsOut": 59676125, "weightedAverageShsOutDil": 60091986, "link": "https://www.sec.gov/Archives/edgar/data/730263/000095015206007851/0000950152-06-007851-index.htm", "finalLink": "https://www.sec.gov/Archives/edgar/data/730263/000095015206007851/l22458ae10vk.htm", "calculatedOtherExpenses": 949000, "calculatedOperatingExpenses": 184875000, "calculatedNetInterest": 0, "calculatedOtherIncome": 9528000, "calculatedIncomeNonControlling": 0, "calculatedEbitda": 274941000}, {"date": "2005-07-31", "symbol": "THO", "reportedCurrency": "USD", "cik": "0000730263", "fillingDate": "2005-10-14", "acceptedDate": "2005-10-14 15:59:11", "calendarYear": "2005", "period": "FY", "revenue": 2558351000, "costOfRevenue": 2218585000, "grossProfit": 339766000, "grossProfitRatio": 0.1328066399, "researchAndDevelopmentExpenses": 0, "generalAndAdministrativeExpenses": 0, "sellingAndMarketingExpenses": 0, "sellingGeneralAndAdministrativeExpenses": 152499000, "otherExpenses": 967000, "operatingExpenses": 153466000, "costAndExpenses": 2372051000, "interestIncome": 0, "interestExpense": 0, "depreciationAndAmortization": 10775000, "ebitda": 192340000, "ebitdaratio": 0.0751812398, "operatingIncome": 186300000, "operatingIncomeRatio": 0.072820344, "totalOtherIncomeExpensesNet": 4735000, "incomeBeforeTax": 193610000, "incomeBeforeTaxRatio": 0.0756776533, "incomeTaxExpense": 71843000, "netIncome": 121767000, "netIncomeRatio": 0.0475958928, "eps": 2.1, "epsdiluted": 2.09, "weightedAverageShsOut": 57984286, "weightedAverageShsOutDil": 58261722, "link": "https://www.sec.gov/Archives/edgar/data/730263/000095015205008168/0000950152-05-008168-index.htm", "finalLink": "https://www.sec.gov/Archives/edgar/data/730263/000095015205008168/l16412ae10vk.htm", "calculatedOtherExpenses": 967000, "calculatedOperatingExpenses": 153466000, "calculatedNetInterest": 0, "calculatedOtherIncome": 7310000, "calculatedIncomeNonControlling": 0, "calculatedEbitda": 197075000}, {"date": "2004-07-31", "symbol": "THO", "reportedCurrency": "USD", "cik": "0000730263", "fillingDate": "2004-10-12", "acceptedDate": "2004-10-12 11:05:54", "calendarYear": "2004", "period": "FY", "revenue": 2187738526, "costOfRevenue": 1887201784, "grossProfit": 300536742, "grossProfitRatio": 0.1373732457, "researchAndDevelopmentExpenses": 0, "generalAndAdministrativeExpenses": 0, "sellingAndMarketingExpenses": 0, "sellingGeneralAndAdministrativeExpenses": 137661270, "otherExpenses": 798628, "operatingExpenses": 138459898, "costAndExpenses": 2025661682, "interestIncome": 1788967, "interestExpense": 156135, "depreciationAndAmortization": 8455118, "ebitda": 166022136, "ebitdaratio": 0.0758875588, "operatingIncome": 162076844, "operatingIncomeRatio": 0.0740841934, "totalOtherIncomeExpensesNet": 4509826, "incomeBeforeTax": 168219502, "incomeBeforeTaxRatio": 0.0768919594, "incomeTaxExpense": 62134166, "netIncome": 106085336, "netIncomeRatio": 0.0484908661, "eps": 1.83, "epsdiluted": 1.81, "weightedAverageShsOut": 57969945, "weightedAverageShsOutDil": 58610497, "link": "https://www.sec.gov/Archives/edgar/data/730263/000095015204007299/0000950152-04-007299-index.htm", "finalLink": "https://www.sec.gov/Archives/edgar/data/730263/000095015204007299/l09873ae10vk.htm", "calculatedOtherExpenses": 798628, "calculatedOperatingExpenses": 138459898, "calculatedNetInterest": 1632832, "calculatedOtherIncome": 4509826, "calculatedIncomeNonControlling": 0, "calculatedEbitda": 170531962}, {"date": "2003-07-31", "symbol": "THO", "reportedCurrency": "USD", "cik": "0000730263", "fillingDate": "2003-10-29", "acceptedDate": "2003-10-29 13:03:11", "calendarYear": "2003", "period": "FY", "revenue": 1571404414, "costOfRevenue": 1349137525, "grossProfit": 222266889, "grossProfitRatio": 0.1414447401, "researchAndDevelopmentExpenses": 0, "generalAndAdministrativeExpenses": 0, "sellingAndMarketingExpenses": 0, "sellingGeneralAndAdministrativeExpenses": 97180897, "otherExpenses": 714819, "operatingExpenses": 97895716, "costAndExpenses": 1447033241, "interestIncome": 0, "interestExpense": 0, "depreciationAndAmortization": 6385416, "ebitda": 130579307, "ebitdaratio": 0.0830972001, "operatingIncome": 124371173, "operatingIncomeRatio": 0.0791465086, "totalOtherIncomeExpensesNet": 177282, "incomeBeforeTax": 126244258, "incomeBeforeTaxRatio": 0.0803384901, "incomeTaxExpense": 47613493, "netIncome": 78630765, "netIncomeRatio": 0.0500385288, "eps": 0.69, "epsdiluted": 0.69, "weightedAverageShsOut": 57083376, "weightedAverageShsOutDil": 57597762, "link": "https://www.sec.gov/Archives/edgar/data/730263/000095015203009155/0000950152-03-009155-index.htm", "finalLink": "https://www.sec.gov/Archives/edgar/data/730263/000095015203009155/l03797ae10vk.txt", "calculatedOtherExpenses": 714819, "calculatedOperatingExpenses": 97895716, "calculatedNetInterest": 0, "calculatedOtherIncome": 1873085, "calculatedIncomeNonControlling": 0, "calculatedEbitda": 130756589}, {"date": "2002-07-31", "symbol": "THO", "reportedCurrency": "USD", "cik": "0000730263", "fillingDate": "2002-10-25", "acceptedDate": "2002-10-25 15:31:07", "calendarYear": "2002", "period": "FY", "revenue": 1245299721, "costOfRevenue": 1087895902, "grossProfit": 157403819, "grossProfitRatio": 0.1263983412, "researchAndDevelopmentExpenses": 0, "generalAndAdministrativeExpenses": 0, "sellingAndMarketingExpenses": 0, "sellingGeneralAndAdministrativeExpenses": 75181339, "otherExpenses": 570176, "operatingExpenses": 75751515, "costAndExpenses": 1163647417, "interestIncome": 0, "interestExpense": 0, "depreciationAndAmortization": 5225360, "ebitda": 87919222, "ebitdaratio": 0.0706008526, "operatingIncome": 81652304, "operatingIncomeRatio": 0.065568395, "totalOtherIncomeExpensesNet": -1041558, "incomeBeforeTax": 81827235, "incomeBeforeTaxRatio": 0.065708868, "incomeTaxExpense": 30645562, "netIncome": 51181673, "netIncomeRatio": 0.0410998831, "eps": 0.94, "epsdiluted": 0.94, "weightedAverageShsOut": 54448588, "weightedAverageShsOutDil": 54739757, "link": "https://www.sec.gov/Archives/edgar/data/730263/000095015202007814/0000950152-02-007814-index.htm", "finalLink": "https://www.sec.gov/Archives/edgar/data/730263/000095015202007814/l96883ae10vk.txt", "calculatedOtherExpenses": 570176, "calculatedOperatingExpenses": 75751515, "calculatedNetInterest": 0, "calculatedOtherIncome": 174931, "calculatedIncomeNonControlling": 0, "calculatedEbitda": 86877664}, {"date": "2001-07-31", "symbol": "THO", "reportedCurrency": "USD", "cik": "0000730263", "fillingDate": "2001-10-24", "acceptedDate": "2001-10-24 00:00:00", "calendarYear": "2001", "period": "FY", "revenue": 826930810, "costOfRevenue": 731607543, "grossProfit": 95323267, "grossProfitRatio": 0.1152735705, "researchAndDevelopmentExpenses": 0, "generalAndAdministrativeExpenses": 0, "sellingAndMarketingExpenses": 0, "sellingGeneralAndAdministrativeExpenses": 54977350, "otherExpenses": 1346080, "operatingExpenses": 56323430, "costAndExpenses": 787930973, "interestIncome": 0, "interestExpense": 0, "depreciationAndAmortization": 4941627, "ebitda": 42759245, "ebitdaratio": 0.0517083709, "operatingIncome": 38999837, "operatingIncomeRatio": 0.0471621525, "totalOtherIncomeExpensesNet": 1182219, "incomeBeforeTax": 43287016, "incomeBeforeTaxRatio": 0.0523465996, "incomeTaxExpense": 16564743, "netIncome": 26722273, "netIncomeRatio": 0.0323150047, "eps": 0.28, "epsdiluted": 0.28, "weightedAverageShsOut": 47638756, "weightedAverageShsOutDil": 47806489, "link": "https://www.sec.gov/Archives/edgar/data/730263/000095015201505210/0000950152-01-505210-index.htm", "finalLink": "https://www.sec.gov/Archives/edgar/data/730263/000095015201505210/l90995ae10-k405.txt", "calculatedOtherExpenses": 1346080, "calculatedOperatingExpenses": 56323430, "calculatedNetInterest": 0, "calculatedOtherIncome": 4287179, "calculatedIncomeNonControlling": 0, "calculatedEbitda": 43941464}, {"date": "2000-07-31", "symbol": "THO", "reportedCurrency": "USD", "cik": "0000730263", "fillingDate": "2000-10-25", "acceptedDate": "2000-10-25 00:00:00", "calendarYear": "2000", "period": "FY", "revenue": 893997086, "costOfRevenue": 773097291, "grossProfit": 120899795, "grossProfitRatio": 0.1352351108, "researchAndDevelopmentExpenses": 0, "generalAndAdministrativeExpenses": 0, "sellingAndMarketingExpenses": 0, "sellingGeneralAndAdministrativeExpenses": 56771133, "otherExpenses": 4676546, "operatingExpenses": 61447679, "costAndExpenses": 834544970, "interestIncome": 0, "interestExpense": 0, "depreciationAndAmortization": 4676546, "ebitda": 65828019, "ebitdaratio": 0.0736333709, "operatingIncome": 59452116, "operatingIncomeRatio": 0.0665014651, "totalOtherIncomeExpensesNet": -1699357, "incomeBeforeTax": 60872947, "incomeBeforeTaxRatio": 0.0680907667, "incomeTaxExpense": 24753539, "netIncome": 36119408, "netIncomeRatio": 0.0404021541, "eps": 0.37, "epsdiluted": 0.37, "weightedAverageShsOut": 48484652, "weightedAverageShsOutDil": 48775032, "link": "https://www.sec.gov/Archives/edgar/data/730263/000095015200007429/0000950152-00-007429-index.htm", "finalLink": "https://www.sec.gov/Archives/edgar/data/730263/000095015200007429/l84644ae10-k405.txt", "calculatedOtherExpenses": 4676546, "calculatedOperatingExpenses": 61447679, "calculatedNetInterest": 0, "calculatedOtherIncome": 1420831, "calculatedIncomeNonControlling": 0, "calculatedEbitda": 64128662}, {"date": "1999-07-31", "symbol": "THO", "reportedCurrency": "USD", "cik": "0000730263", "fillingDate": "1999-10-27", "acceptedDate": "1999-10-27 00:00:00", "calendarYear": "1999", "period": "FY", "revenue": 805800000, "costOfRevenue": 698600000, "grossProfit": 107200000, "grossProfitRatio": 0.1330354927, "researchAndDevelopmentExpenses": 0, "generalAndAdministrativeExpenses": 0, "sellingAndMarketingExpenses": 0, "sellingGeneralAndAdministrativeExpenses": 51900000, "otherExpenses": 3700000, "operatingExpenses": 55600000, "costAndExpenses": 754200000, "interestIncome": 0, "interestExpense": 0, "depreciationAndAmortization": 3700000, "ebitda": 56500000, "ebitdaratio": 0.0701166543, "operatingIncome": 51600000, "operatingIncomeRatio": 0.0640357409, "totalOtherIncomeExpensesNet": -1200000, "incomeBeforeTax": 52500000, "incomeBeforeTaxRatio": 0.0651526433, "incomeTaxExpense": 21700000, "netIncome": 30800000, "netIncomeRatio": 0.0382228841, "eps": 0.32, "epsdiluted": 0.32, "weightedAverageShsOut": 48596000, "weightedAverageShsOutDil": 48596000, "link": "https://www.sec.gov/Archives/edgar/data/730263/000095015299008491/0000950152-99-008491-index.html", "finalLink": "https://www.sec.gov/Archives/edgar/data/730263/000095015299008491/", "calculatedOtherExpenses": 3700000, "calculatedOperatingExpenses": 55600000, "calculatedNetInterest": 0, "calculatedOtherIncome": 900000, "calculatedIncomeNonControlling": 0, "calculatedEbitda": 55300000}, {"date": "1998-07-31", "symbol": "THO", "reportedCurrency": "USD", "cik": "0000730263", "fillingDate": "1998-10-29", "acceptedDate": "1998-10-29 00:00:00", "calendarYear": "1998", "period": "FY", "revenue": 715600000, "costOfRevenue": 630500000, "grossProfit": 85100000, "grossProfitRatio": 0.118921185, "researchAndDevelopmentExpenses": 0, "generalAndAdministrativeExpenses": 0, "sellingAndMarketingExpenses": 0, "sellingGeneralAndAdministrativeExpenses": 45600000, "otherExpenses": 4400000, "operatingExpenses": 50000000, "costAndExpenses": 680500000, "interestIncome": 0, "interestExpense": 0, "depreciationAndAmortization": 4400000, "ebitda": 41300000, "ebitdaratio": 0.0577138066, "operatingIncome": 35100000, "operatingIncomeRatio": 0.0490497485, "totalOtherIncomeExpensesNet": -1800000, "incomeBeforeTax": 33100000, "incomeBeforeTaxRatio": 0.046254891, "incomeTaxExpense": 13700000, "netIncome": 19400000, "netIncomeRatio": 0.0271101174, "eps": 0.2, "epsdiluted": 0.2, "weightedAverageShsOut": 49036000, "weightedAverageShsOutDil": 49036000, "link": "https://www.sec.gov/Archives/edgar/data/730263/000095015298008417/0000950152-98-008417-index.html", "finalLink": "https://www.sec.gov/Archives/edgar/data/730263/", "calculatedOtherExpenses": 4400000, "calculatedOperatingExpenses": 50000000, "calculatedNetInterest": 0, "calculatedOtherIncome": -2000000, "calculatedIncomeNonControlling": 0, "calculatedEbitda": 39500000}, {"date": "1997-07-31", "symbol": "THO", "reportedCurrency": "USD", "cik": "0000730263", "fillingDate": "1997-10-29", "acceptedDate": "1997-10-29 00:00:00", "calendarYear": "1997", "period": "FY", "revenue": 624400000, "costOfRevenue": 553900000, "grossProfit": 70500000, "grossProfitRatio": 0.1129083921, "researchAndDevelopmentExpenses": 0, "generalAndAdministrativeExpenses": 0, "sellingAndMarketingExpenses": 0, "sellingGeneralAndAdministrativeExpenses": 36400000, "otherExpenses": 4500000, "operatingExpenses": 40900000, "costAndExpenses": 594800000, "interestIncome": 0, "interestExpense": 0, "depreciationAndAmortization": 4500000, "ebitda": 33100000, "ebitdaratio": 0.0530108905, "operatingIncome": 29600000, "operatingIncomeRatio": 0.0474055093, "totalOtherIncomeExpensesNet": 1000000, "incomeBeforeTax": 30000000, "incomeBeforeTaxRatio": 0.0480461243, "incomeTaxExpense": 12200000, "netIncome": 17800000, "netIncomeRatio": 0.0285073671, "eps": 0.055, "epsdiluted": 0.0546, "weightedAverageShsOut": 48856416, "weightedAverageShsOutDil": 48856416, "link": "https://www.sec.gov/Archives/edgar/data/730263/000095015297007454/0000950152-97-007454-index.html", "finalLink": "https://www.sec.gov/Archives/edgar/data/730263/", "calculatedOtherExpenses": 4500000, "calculatedOperatingExpenses": 40900000, "calculatedNetInterest": 0, "calculatedOtherIncome": 400000, "calculatedIncomeNonControlling": 0, "calculatedEbitda": 34100000}, {"date": "1996-07-31", "symbol": "THO", "reportedCurrency": "USD", "cik": "0000730263", "fillingDate": "1996-10-16", "acceptedDate": "1996-10-16 00:00:00", "calendarYear": "1996", "period": "FY", "revenue": 602100000, "costOfRevenue": 529000000, "grossProfit": 73100000, "grossProfitRatio": 0.1214084039, "researchAndDevelopmentExpenses": 0, "generalAndAdministrativeExpenses": 0, "sellingAndMarketingExpenses": 0, "sellingGeneralAndAdministrativeExpenses": 38500000, "otherExpenses": 5000000, "operatingExpenses": 43500000, "costAndExpenses": 572500000, "interestIncome": 0, "interestExpense": 0, "depreciationAndAmortization": 5000000, "ebitda": 36300000, "ebitdaratio": 0.0602889885, "operatingIncome": 29600000, "operatingIncomeRatio": 0.0491612689, "totalOtherIncomeExpensesNet": -1700000, "incomeBeforeTax": 27300000, "incomeBeforeTaxRatio": 0.0453413054, "incomeTaxExpense": 11200000, "netIncome": 16100000, "netIncomeRatio": 0.0267397442, "eps": 0.0467, "epsdiluted": 0.0467, "weightedAverageShsOut": 52122048, "weightedAverageShsOutDil": 52122048, "link": "https://www.sec.gov/Archives/edgar/data/730263/000095015296005236/0000950152-96-005236-index.html", "finalLink": "https://www.sec.gov/Archives/edgar/data/730263/", "calculatedOtherExpenses": 5000000, "calculatedOperatingExpenses": 43500000, "calculatedNetInterest": 0, "calculatedOtherIncome": -2300000, "calculatedIncomeNonControlling": 0, "calculatedEbitda": 34600000}, {"date": "1995-07-31", "symbol": "THO", "reportedCurrency": "USD", "cik": "0000730263", "fillingDate": "1995-10-27", "acceptedDate": "1995-10-27 00:00:00", "calendarYear": "1995", "period": "FY", "revenue": 562700000, "costOfRevenue": 493600000, "grossProfit": 69100000, "grossProfitRatio": 0.1228007819, "researchAndDevelopmentExpenses": 0, "generalAndAdministrativeExpenses": 0, "sellingAndMarketingExpenses": 0, "sellingGeneralAndAdministrativeExpenses": 38700000, "otherExpenses": 4700000, "operatingExpenses": 43400000, "costAndExpenses": 537000000, "interestIncome": 0, "interestExpense": 0, "depreciationAndAmortization": 4700000, "ebitda": 33100000, "ebitdaratio": 0.0588235294, "operatingIncome": 25700000, "operatingIncomeRatio": 0.0456726497, "totalOtherIncomeExpensesNet": -2700000, "incomeBeforeTax": 22600000, "incomeBeforeTaxRatio": 0.0401634974, "incomeTaxExpense": 8800000, "netIncome": 13800000, "netIncomeRatio": 0.0245246135, "eps": 0.26, "epsdiluted": 0.26, "weightedAverageShsOut": 53419355, "weightedAverageShsOutDil": 53419355, "link": "https://www.sec.gov/Archives/edgar/data/730263/000073026395000020/0000730263-95-000020-index.html", "finalLink": "https://www.sec.gov/Archives/edgar/data/730263/", "calculatedOtherExpenses": 4700000, "calculatedOperatingExpenses": 43400000, "calculatedNetInterest": 0, "calculatedOtherIncome": -3100000, "calculatedIncomeNonControlling": 0, "calculatedEbitda": 30400000}, {"date": "1994-07-31", "symbol": "THO", "reportedCurrency": "USD", "cik": "0000730263", "fillingDate": "1994-07-31", "acceptedDate": "1994-07-31 00:00:00", "calendarYear": "1994", "period": "FY", "revenue": 491100000, "costOfRevenue": 419100000, "grossProfit": 72000000, "grossProfitRatio": 0.1466096518, "researchAndDevelopmentExpenses": 0, "generalAndAdministrativeExpenses": 0, "sellingAndMarketingExpenses": 0, "sellingGeneralAndAdministrativeExpenses": 37400000, "otherExpenses": 4500000, "operatingExpenses": 41900000, "costAndExpenses": 461000000, "interestIncome": 0, "interestExpense": 0, "depreciationAndAmortization": 4500000, "ebitda": 37800000, "ebitdaratio": 0.0769700672, "operatingIncome": 30100000, "operatingIncomeRatio": 0.0612909794, "totalOtherIncomeExpensesNet": -3200000, "incomeBeforeTax": 26800000, "incomeBeforeTaxRatio": 0.0545713704, "incomeTaxExpense": 10800000, "netIncome": 16000000, "netIncomeRatio": 0.0325799226, "eps": 0.05, "epsdiluted": 0.05, "weightedAverageShsOut": 53716000, "weightedAverageShsOutDil": 53716000, "link": null, "finalLink": null, "calculatedOtherExpenses": 4500000, "calculatedOperatingExpenses": 41900000, "calculatedNetInterest": 0, "calculatedOtherIncome": -3300000, "calculatedIncomeNonControlling": 0, "calculatedEbitda": 34600000}, {"date": "1993-07-31", "symbol": "THO", "reportedCurrency": "USD", "cik": "0000730263", "fillingDate": "1993-07-31", "acceptedDate": "1993-07-31 00:00:00", "calendarYear": "1993", "period": "FY", "revenue": 412200000, "costOfRevenue": 356700000, "grossProfit": 55500000, "grossProfitRatio": 0.134643377, "researchAndDevelopmentExpenses": 0, "generalAndAdministrativeExpenses": 0, "sellingAndMarketingExpenses": 0, "sellingGeneralAndAdministrativeExpenses": 29100000, "otherExpenses": 4300000, "operatingExpenses": 33400000, "costAndExpenses": 390100000, "interestIncome": 0, "interestExpense": 0, "depreciationAndAmortization": 4300000, "ebitda": 28600000, "ebitdaratio": 0.0693837943, "operatingIncome": 22100000, "operatingIncomeRatio": 0.0536147501, "totalOtherIncomeExpensesNet": -2200000, "incomeBeforeTax": 18800000, "incomeBeforeTaxRatio": 0.0456089277, "incomeTaxExpense": 7500000, "netIncome": 11900000, "netIncomeRatio": 0.0288694808, "eps": 0.0371, "epsdiluted": 0.0371, "weightedAverageShsOut": 53332000, "weightedAverageShsOutDil": 53332000, "link": null, "finalLink": null, "calculatedOtherExpenses": 4300000, "calculatedOperatingExpenses": 33400000, "calculatedNetInterest": 0, "calculatedOtherIncome": -3300000, "calculatedIncomeNonControlling": -600000, "calculatedEbitda": 26400000}, {"date": "1992-07-31", "symbol": "THO", "reportedCurrency": "USD", "cik": "0000730263", "fillingDate": "1992-07-31", "acceptedDate": "1992-07-31 00:00:00", "calendarYear": "1992", "period": "FY", "revenue": 273400000, "costOfRevenue": 233100000, "grossProfit": 40300000, "grossProfitRatio": 0.1474030724, "researchAndDevelopmentExpenses": 0, "generalAndAdministrativeExpenses": 0, "sellingAndMarketingExpenses": 0, "sellingGeneralAndAdministrativeExpenses": 22400000, "otherExpenses": 1200000, "operatingExpenses": 23600000, "costAndExpenses": 256700000, "interestIncome": 0, "interestExpense": 0, "depreciationAndAmortization": 1200000, "ebitda": 18900000, "ebitdaratio": 0.0691294806, "operatingIncome": 16700000, "operatingIncomeRatio": 0.0610826628, "totalOtherIncomeExpensesNet": -1000000, "incomeBeforeTax": 14400000, "incomeBeforeTaxRatio": 0.0526700805, "incomeTaxExpense": 6000000, "netIncome": 8400000, "netIncomeRatio": 0.0307242136, "eps": 0.0321, "epsdiluted": 0.0321, "weightedAverageShsOut": 53224000, "weightedAverageShsOutDil": 53224000, "link": null, "finalLink": null, "calculatedOtherExpenses": 1200000, "calculatedOperatingExpenses": 23600000, "calculatedNetInterest": 0, "calculatedOtherIncome": -2300000, "calculatedIncomeNonControlling": 0, "calculatedEbitda": 17900000}, {"date": "1991-07-31", "symbol": "THO", "reportedCurrency": "USD", "cik": "0000730263", "fillingDate": "1991-07-31", "acceptedDate": "1991-07-31 00:00:00", "calendarYear": "1991", "period": "FY", "revenue": 140900000, "costOfRevenue": 123000000, "grossProfit": 17900000, "grossProfitRatio": 0.1270404542, "researchAndDevelopmentExpenses": 0, "generalAndAdministrativeExpenses": 0, "sellingAndMarketingExpenses": 0, "sellingGeneralAndAdministrativeExpenses": 15600000, "otherExpenses": 1600000, "operatingExpenses": 17200000, "costAndExpenses": 140200000, "interestIncome": 0, "interestExpense": 0, "depreciationAndAmortization": 1600000, "ebitda": 1800000, "ebitdaratio": 0.0127750177, "operatingIncome": 700000, "operatingIncomeRatio": 0.0049680625, "totalOtherIncomeExpensesNet": 500000, "incomeBeforeTax": 1000000, "incomeBeforeTaxRatio": 0.0070972321, "incomeTaxExpense": 400000, "netIncome": 600000, "netIncomeRatio": 0.0042583392, "eps": 0.0014, "epsdiluted": 0.0014, "weightedAverageShsOut": 42940000, "weightedAverageShsOutDil": 42940000, "link": null, "finalLink": null, "calculatedOtherExpenses": 1600000, "calculatedOperatingExpenses": 17200000, "calculatedNetInterest": 0, "calculatedOtherIncome": 300000, "calculatedIncomeNonControlling": 0, "calculatedEbitda": 2300000}, {"date": "1990-07-31", "symbol": "THO", "reportedCurrency": "USD", "cik": "0000730263", "fillingDate": "1990-07-31", "acceptedDate": "1990-07-31 00:00:00", "calendarYear": "1990", "period": "FY", "revenue": 163400000, "costOfRevenue": 140800000, "grossProfit": 22600000, "grossProfitRatio": 0.1383108935, "researchAndDevelopmentExpenses": 0, "generalAndAdministrativeExpenses": 0, "sellingAndMarketingExpenses": 0, "sellingGeneralAndAdministrativeExpenses": 17100000, "otherExpenses": 1400000, "operatingExpenses": 18500000, "costAndExpenses": 159300000, "interestIncome": 0, "interestExpense": 0, "depreciationAndAmortization": 1400000, "ebitda": 4000000, "ebitdaratio": 0.0244798042, "operatingIncome": 4100000, "operatingIncomeRatio": 0.0250917993, "totalOtherIncomeExpensesNet": 1500000, "incomeBeforeTax": 5600000, "incomeBeforeTaxRatio": 0.0342717258, "incomeTaxExpense": 2200000, "netIncome": 3400000, "netIncomeRatio": 0.0208078335, "eps": 0.0086, "epsdiluted": 0.0086, "weightedAverageShsOut": 43048000, "weightedAverageShsOutDil": 43048000, "link": null, "finalLink": null, "calculatedOtherExpenses": 1400000, "calculatedOperatingExpenses": 18500000, "calculatedNetInterest": 0, "calculatedOtherIncome": 1500000, "calculatedIncomeNonControlling": 0, "calculatedEbitda": 5500000}, {"date": "1989-07-31", "symbol": "THO", "reportedCurrency": "USD", "cik": "0000730263", "fillingDate": "1989-07-31", "acceptedDate": "1989-07-31 00:00:00", "calendarYear": "1989", "period": "FY", "revenue": 162500000, "costOfRevenue": 139900000, "grossProfit": 22600000, "grossProfitRatio": 0.1390769231, "researchAndDevelopmentExpenses": 0, "generalAndAdministrativeExpenses": 0, "sellingAndMarketingExpenses": 0, "sellingGeneralAndAdministrativeExpenses": 16800000, "otherExpenses": 1400000, "operatingExpenses": 18200000, "costAndExpenses": 158100000, "interestIncome": 0, "interestExpense": 0, "depreciationAndAmortization": 1400000, "ebitda": 4200000, "ebitdaratio": 0.0258461538, "operatingIncome": 4400000, "operatingIncomeRatio": 0.0270769231, "totalOtherIncomeExpensesNet": 1600000, "incomeBeforeTax": 6200000, "incomeBeforeTaxRatio": 0.0381538462, "incomeTaxExpense": 2900000, "netIncome": 3300000, "netIncomeRatio": 0.0203076923, "eps": 0.0081, "epsdiluted": 0.0081, "weightedAverageShsOut": 45392000, "weightedAverageShsOutDil": 45392000, "link": null, "finalLink": null, "calculatedOtherExpenses": 1400000, "calculatedOperatingExpenses": 18200000, "calculatedNetInterest": 0, "calculatedOtherIncome": 1800000, "calculatedIncomeNonControlling": 0, "calculatedEbitda": 5800000}, {"date": "1988-07-31", "symbol": "THO", "reportedCurrency": "USD", "cik": "0000730263", "fillingDate": "1988-07-31", "acceptedDate": "1988-07-31 00:00:00", "calendarYear": "1988", "period": "FY", "revenue": 162200000, "costOfRevenue": 136100000, "grossProfit": 26100000, "grossProfitRatio": 0.1609124538, "researchAndDevelopmentExpenses": 0, "generalAndAdministrativeExpenses": 0, "sellingAndMarketingExpenses": 0, "sellingGeneralAndAdministrativeExpenses": 16200000, "otherExpenses": 800000, "operatingExpenses": 17000000, "costAndExpenses": 153100000, "interestIncome": 0, "interestExpense": 0, "depreciationAndAmortization": 800000, "ebitda": 9000000, "ebitdaratio": 0.055487053, "operatingIncome": 9100000, "operatingIncomeRatio": 0.0561035758, "totalOtherIncomeExpensesNet": 900000, "incomeBeforeTax": 10100000, "incomeBeforeTaxRatio": 0.0622688039, "incomeTaxExpense": 4300000, "netIncome": 5800000, "netIncomeRatio": 0.0357583231, "eps": 0.0139, "epsdiluted": 0.0139, "weightedAverageShsOut": 45396000, "weightedAverageShsOutDil": 45396000, "link": null, "finalLink": null, "calculatedOtherExpenses": 800000, "calculatedOperatingExpenses": 17000000, "calculatedNetInterest": 0, "calculatedOtherIncome": 1000000, "calculatedIncomeNonControlling": 0, "calculatedEbitda": 9900000}, {"date": "1987-07-31", "symbol": "THO", "reportedCurrency": "USD", "cik": "0000730263", "fillingDate": "1987-07-31", "acceptedDate": "1987-07-31 00:00:00", "calendarYear": "1987", "period": "FY", "revenue": 165200000, "costOfRevenue": 135500000, "grossProfit": 29700000, "grossProfitRatio": 0.1797820823, "researchAndDevelopmentExpenses": 0, "generalAndAdministrativeExpenses": 0, "sellingAndMarketingExpenses": 0, "sellingGeneralAndAdministrativeExpenses": 17100000, "otherExpenses": 700000, "operatingExpenses": 17800000, "costAndExpenses": 153300000, "interestIncome": 0, "interestExpense": 0, "depreciationAndAmortization": 700000, "ebitda": 10700000, "ebitdaratio": 0.0647699758, "operatingIncome": 11900000, "operatingIncomeRatio": 0.0720338983, "totalOtherIncomeExpensesNet": 1900000, "incomeBeforeTax": 13800000, "incomeBeforeTaxRatio": 0.083535109, "incomeTaxExpense": 6400000, "netIncome": 7400000, "netIncomeRatio": 0.0447941889, "eps": 0.0181, "epsdiluted": 0.0181, "weightedAverageShsOut": 46080000, "weightedAverageShsOutDil": 46080000, "link": null, "finalLink": null, "calculatedOtherExpenses": 700000, "calculatedOperatingExpenses": 17800000, "calculatedNetInterest": 0, "calculatedOtherIncome": 1900000, "calculatedIncomeNonControlling": 0, "calculatedEbitda": 12600000}, {"date": "1986-07-31", "symbol": "THO", "reportedCurrency": "USD", "cik": "0000730263", "fillingDate": "1986-07-31", "acceptedDate": "1986-07-31 00:00:00", "calendarYear": "1986", "period": "FY", "revenue": 135900000, "costOfRevenue": 110300000, "grossProfit": 25600000, "grossProfitRatio": 0.1883738043, "researchAndDevelopmentExpenses": 0, "generalAndAdministrativeExpenses": 0, "sellingAndMarketingExpenses": 0, "sellingGeneralAndAdministrativeExpenses": 14000000, "otherExpenses": 600000, "operatingExpenses": 14600000, "costAndExpenses": 124900000, "interestIncome": 0, "interestExpense": 0, "depreciationAndAmortization": 600000, "ebitda": 10800000, "ebitdaratio": 0.0794701987, "operatingIncome": 11000000, "operatingIncomeRatio": 0.080941869, "totalOtherIncomeExpensesNet": 800000, "incomeBeforeTax": 11800000, "incomeBeforeTaxRatio": 0.0868285504, "incomeTaxExpense": 5900000, "netIncome": 5900000, "netIncomeRatio": 0.0434142752, "eps": 0.0142, "epsdiluted": 0.0142, "weightedAverageShsOut": 45620000, "weightedAverageShsOutDil": 45620000, "link": null, "finalLink": null, "calculatedOtherExpenses": 600000, "calculatedOperatingExpenses": 14600000, "calculatedNetInterest": 0, "calculatedOtherIncome": 800000, "calculatedIncomeNonControlling": 0, "calculatedEbitda": 11600000}]}