{"originalCurrency": "USD", "convertedCurrency": "USD", "report": [{"date": "2023-12-31", "symbol": "TKR", "reportedCurrency": "USD", "cik": "0000098362", "fillingDate": "2024-02-26", "acceptedDate": "2024-02-26 16:44:01", "calendarYear": "2023", "period": "FY", "revenue": 4769000000, "costOfRevenue": 3325600000, "grossProfit": 1443400000, "grossProfitRatio": 0.3026630321, "researchAndDevelopmentExpenses": 0, "generalAndAdministrativeExpenses": 0, "sellingAndMarketingExpenses": 0, "sellingGeneralAndAdministrativeExpenses": 740800000, "otherExpenses": -25200000, "operatingExpenses": 740800000, "costAndExpenses": 740800000, "interestIncome": 9300000, "interestExpense": -101400000, "depreciationAndAmortization": 201300000, "ebitda": 657100000, "ebitdaratio": 0.1377856993, "operatingIncome": 657100000, "operatingIncomeRatio": 0.1377856993, "totalOtherIncomeExpensesNet": -126600000, "incomeBeforeTax": 530500000, "incomeBeforeTaxRatio": 0.1112392535, "incomeTaxExpense": 122500000, "netIncome": 394100000, "netIncomeRatio": 0.0826378696, "eps": 5.52, "epsdiluted": 5.47, "weightedAverageShsOut": 71377656, "weightedAverageShsOutDil": 72081884, "link": "https://www.sec.gov/Archives/edgar/data/98362/000009836224000042/0000098362-24-000042-index.htm", "finalLink": "https://www.sec.gov/Archives/edgar/data/98362/000009836224000042/tkr-20231231.htm", "calculatedOtherExpenses": 45500000, "calculatedOperatingExpenses": 786300000, "calculatedNetInterest": 110700000, "calculatedOtherIncome": -237300000, "calculatedIncomeNonControlling": 13900000, "calculatedEbitda": 858400000}, {"date": "2022-12-31", "symbol": "TKR", "reportedCurrency": "USD", "cik": "0000098362", "fillingDate": "2023-02-16", "acceptedDate": "2023-02-16 16:33:09", "calendarYear": "2022", "period": "FY", "revenue": 4496700000, "costOfRevenue": 3208600000, "grossProfit": 1288100000, "grossProfitRatio": 0.2864545111, "researchAndDevelopmentExpenses": 0, "generalAndAdministrativeExpenses": 0, "sellingAndMarketingExpenses": 0, "sellingGeneralAndAdministrativeExpenses": 637100000, "otherExpenses": 14800000, "operatingExpenses": 637100000, "costAndExpenses": 3845700000, "interestIncome": 3800000, "interestExpense": 70800000, "depreciationAndAmortization": 222900000, "ebitda": 829800000, "ebitdaratio": 0.1845353259, "operatingIncome": 606900000, "operatingIncomeRatio": 0.1349656415, "totalOtherIncomeExpensesNet": -56000000, "incomeBeforeTax": 550900000, "incomeBeforeTaxRatio": 0.1225120644, "incomeTaxExpense": 133900000, "netIncome": 407400000, "netIncomeRatio": 0.0905997732, "eps": 5.54, "epsdiluted": 5.48, "weightedAverageShsOut": 73602247, "weightedAverageShsOutDil": 74323839, "link": "https://www.sec.gov/Archives/edgar/data/98362/000009836223000040/0000098362-23-000040-index.htm", "finalLink": "https://www.sec.gov/Archives/edgar/data/98362/000009836223000040/tkr-20221231.htm", "calculatedOtherExpenses": 44100000, "calculatedOperatingExpenses": 681200000, "calculatedNetInterest": -67000000, "calculatedOtherIncome": 11000000, "calculatedIncomeNonControlling": 9600000, "calculatedEbitda": 829800000}, {"date": "2021-12-31", "symbol": "TKR", "reportedCurrency": "USD", "cik": "0000098362", "fillingDate": "2022-02-15", "acceptedDate": "2022-02-15 16:12:38", "calendarYear": "2021", "period": "FY", "revenue": 4132900000, "costOfRevenue": 3030400000, "grossProfit": 1102500000, "grossProfitRatio": 0.2667618379, "researchAndDevelopmentExpenses": 0, "generalAndAdministrativeExpenses": 0, "sellingAndMarketingExpenses": 0, "sellingGeneralAndAdministrativeExpenses": 580500000, "otherExpenses": 19100000, "operatingExpenses": 580500000, "costAndExpenses": 3610900000, "interestIncome": 2300000, "interestExpense": 56500000, "depreciationAndAmortization": 195800000, "ebitda": 708900000, "ebitdaratio": 0.1715260471, "operatingIncome": 513100000, "operatingIncomeRatio": 0.1241501125, "totalOtherIncomeExpensesNet": -36500000, "incomeBeforeTax": 476600000, "incomeBeforeTaxRatio": 0.1153185415, "incomeTaxExpense": 95100000, "netIncome": 369100000, "netIncomeRatio": 0.08930775, "eps": 4.86, "epsdiluted": 4.79, "weightedAverageShsOut": 75885316, "weightedAverageShsOutDil": 77006589, "link": "https://www.sec.gov/Archives/edgar/data/98362/000009836222000022/0000098362-22-000022-index.htm", "finalLink": "https://www.sec.gov/Archives/edgar/data/98362/000009836222000022/tkr-20211231.htm", "calculatedOtherExpenses": 8900000, "calculatedOperatingExpenses": 589400000, "calculatedNetInterest": -54200000, "calculatedOtherIncome": 17700000, "calculatedIncomeNonControlling": 12400000, "calculatedEbitda": 708900000}, {"date": "2020-12-31", "symbol": "TKR", "reportedCurrency": "USD", "cik": "0000098362", "fillingDate": "2021-02-16", "acceptedDate": "2021-02-16 16:31:53", "calendarYear": "2020", "period": "FY", "revenue": 3513200000, "costOfRevenue": 2503300000, "grossProfit": 1009900000, "grossProfitRatio": 0.2874587271, "researchAndDevelopmentExpenses": 0, "generalAndAdministrativeExpenses": 0, "sellingAndMarketingExpenses": 0, "sellingGeneralAndAdministrativeExpenses": 533800000, "otherExpenses": -5800000, "operatingExpenses": 533800000, "costAndExpenses": 3037100000, "interestIncome": 3700000, "interestExpense": 63900000, "depreciationAndAmortization": 182500000, "ebitda": 637400000, "ebitdaratio": 0.1814300353, "operatingIncome": 454900000, "operatingIncomeRatio": 0.1294830923, "totalOtherIncomeExpensesNet": -58600000, "incomeBeforeTax": 396300000, "incomeBeforeTaxRatio": 0.1128031424, "incomeTaxExpense": 103900000, "netIncome": 284500000, "netIncomeRatio": 0.0809803029, "eps": 3.78, "epsdiluted": 3.72, "weightedAverageShsOut": 75354280, "weightedAverageShsOutDil": 76401366, "link": "https://www.sec.gov/Archives/edgar/data/98362/000009836221000039/0000098362-21-000039-index.htm", "finalLink": "https://www.sec.gov/Archives/edgar/data/98362/000009836221000039/tkr-20201231.htm", "calculatedOtherExpenses": 21200000, "calculatedOperatingExpenses": 555000000, "calculatedNetInterest": -60200000, "calculatedOtherIncome": 1600000, "calculatedIncomeNonControlling": 7900000, "calculatedEbitda": 637400000}, {"date": "2019-12-31", "symbol": "TKR", "reportedCurrency": "USD", "cik": "0000098362", "fillingDate": "2020-02-14", "acceptedDate": "2020-02-14 15:16:24", "calendarYear": "2019", "period": "FY", "revenue": 3789900000, "costOfRevenue": 2648100000, "grossProfit": 1141800000, "grossProfitRatio": 0.30127444, "researchAndDevelopmentExpenses": 41400000, "generalAndAdministrativeExpenses": 0, "sellingAndMarketingExpenses": 0, "sellingGeneralAndAdministrativeExpenses": 618600000, "otherExpenses": 23200000, "operatingExpenses": 618600000, "costAndExpenses": 3266700000, "interestIncome": 4900000, "interestExpense": 67200000, "depreciationAndAmortization": 190600000, "ebitda": 707000000, "ebitdaratio": 0.1865484577, "operatingIncome": 516400000, "operatingIncomeRatio": 0.1362568933, "totalOtherIncomeExpensesNet": -44000000, "incomeBeforeTax": 472400000, "incomeBeforeTaxRatio": 0.1246470883, "incomeTaxExpense": 97700000, "netIncome": 362100000, "netIncomeRatio": 0.095543418, "eps": 4.78, "epsdiluted": 4.71, "weightedAverageShsOut": 75758123, "weightedAverageShsOutDil": 76896565, "link": "https://www.sec.gov/Archives/edgar/data/98362/000009836220000045/0000098362-20-000045-index.htm", "finalLink": "https://www.sec.gov/Archives/edgar/data/98362/000009836220000045/tkr10k123119.htm", "calculatedOtherExpenses": -34600000, "calculatedOperatingExpenses": 625400000, "calculatedNetInterest": -62300000, "calculatedOtherIncome": 18300000, "calculatedIncomeNonControlling": 12600000, "calculatedEbitda": 707000000}, {"date": "2018-12-31", "symbol": "TKR", "reportedCurrency": "USD", "cik": "0000098362", "fillingDate": "2019-02-15", "acceptedDate": "2019-02-15 16:34:45", "calendarYear": "2018", "period": "FY", "revenue": 3580800000, "costOfRevenue": 2540700000, "grossProfit": 1040100000, "grossProfitRatio": 0.2904658177, "researchAndDevelopmentExpenses": 37300000, "generalAndAdministrativeExpenses": 0, "sellingAndMarketingExpenses": 0, "sellingGeneralAndAdministrativeExpenses": 580700000, "otherExpenses": 3200000, "operatingExpenses": 580700000, "costAndExpenses": 3121400000, "interestIncome": 2100000, "interestExpense": 51700000, "depreciationAndAmortization": 146000000, "ebitda": 610700000, "ebitdaratio": 0.1705484808, "operatingIncome": 454500000, "operatingIncomeRatio": 0.1269269437, "totalOtherIncomeExpensesNet": -1700000, "incomeBeforeTax": 408100000, "incomeBeforeTaxRatio": 0.1139689455, "incomeTaxExpense": 102600000, "netIncome": 302800000, "netIncomeRatio": 0.084562109, "eps": 3.93, "epsdiluted": 3.87, "weightedAverageShsOut": 77119602, "weightedAverageShsOutDil": 78337481, "link": "https://www.sec.gov/Archives/edgar/data/98362/000009836219000038/0000098362-19-000038-index.htm", "finalLink": "https://www.sec.gov/Archives/edgar/data/98362/000009836219000038/tkr10k123118.htm", "calculatedOtherExpenses": -32400000, "calculatedOperatingExpenses": 585600000, "calculatedNetInterest": -49600000, "calculatedOtherIncome": 3200000, "calculatedIncomeNonControlling": 2700000, "calculatedEbitda": 600500000}, {"date": "2017-12-31", "symbol": "TKR", "reportedCurrency": "USD", "cik": "0000098362", "fillingDate": "2018-02-15", "acceptedDate": "2018-02-15 16:03:16", "calendarYear": "2017", "period": "FY", "revenue": 3003800000, "costOfRevenue": 2193400000, "grossProfit": 810400000, "grossProfitRatio": 0.2697915973, "researchAndDevelopmentExpenses": 35300000, "generalAndAdministrativeExpenses": 521400000, "sellingAndMarketingExpenses": 0, "sellingGeneralAndAdministrativeExpenses": 521400000, "otherExpenses": 9400000, "operatingExpenses": 521400000, "costAndExpenses": 2714800000, "interestIncome": 2900000, "interestExpense": 37100000, "depreciationAndAmortization": 137700000, "ebitda": 439000000, "ebitdaratio": 0.1461482123, "operatingIncome": 284700000, "operatingIncomeRatio": 0.0947799454, "totalOtherIncomeExpensesNet": 5100000, "incomeBeforeTax": 259900000, "incomeBeforeTaxRatio": 0.0865237366, "incomeTaxExpense": 57600000, "netIncome": 203400000, "netIncomeRatio": 0.0677142286, "eps": 2.62, "epsdiluted": 2.58, "weightedAverageShsOut": 77736398, "weightedAverageShsOutDil": 78911149, "link": "https://www.sec.gov/Archives/edgar/data/98362/000009836218000033/0000098362-18-000033-index.htm", "finalLink": "https://www.sec.gov/Archives/edgar/data/98362/000009836218000033/tkr10k123117.htm", "calculatedOtherExpenses": -31000000, "calculatedOperatingExpenses": 525700000, "calculatedNetInterest": -34200000, "calculatedOtherIncome": 9400000, "calculatedIncomeNonControlling": -1100000, "calculatedEbitda": 422400000}, {"date": "2016-12-31", "symbol": "TKR", "reportedCurrency": "USD", "cik": "0000098362", "fillingDate": "2017-02-21", "acceptedDate": "2017-02-21 08:47:28", "calendarYear": "2016", "period": "FY", "revenue": 2669800000, "costOfRevenue": 1975000000, "grossProfit": 694800000, "grossProfitRatio": 0.260244213, "researchAndDevelopmentExpenses": 31800000, "generalAndAdministrativeExpenses": 478100000, "sellingAndMarketingExpenses": 0, "sellingGeneralAndAdministrativeExpenses": 478100000, "otherExpenses": 58700000, "operatingExpenses": 478100000, "costAndExpenses": 2453100000, "interestIncome": 1900000, "interestExpense": 33500000, "depreciationAndAmortization": 131700000, "ebitda": 409000000, "ebitdaratio": 0.1531949959, "operatingIncome": 195000000, "operatingIncomeRatio": 0.073039179, "totalOtherIncomeExpensesNet": 37000000, "incomeBeforeTax": 222100000, "incomeBeforeTaxRatio": 0.083189752, "incomeTaxExpense": 69200000, "netIncome": 152600000, "netIncomeRatio": 0.0571578395, "eps": 1.94, "epsdiluted": 1.92, "weightedAverageShsOut": 78516029, "weightedAverageShsOutDil": 79234324, "link": "https://www.sec.gov/Archives/edgar/data/98362/000009836217000031/0000098362-17-000031-index.htm", "finalLink": "https://www.sec.gov/Archives/edgar/data/98362/000009836217000031/tkr10k123116.htm", "calculatedOtherExpenses": -10100000, "calculatedOperatingExpenses": 499800000, "calculatedNetInterest": -31600000, "calculatedOtherIncome": 58700000, "calculatedIncomeNonControlling": 300000, "calculatedEbitda": 326700000}, {"date": "2015-12-31", "symbol": "TKR", "reportedCurrency": "USD", "cik": "0000098362", "fillingDate": "2016-02-24", "acceptedDate": "2016-02-24 10:36:59", "calendarYear": "2015", "period": "FY", "revenue": 2872300000, "costOfRevenue": 2078400000, "grossProfit": 793900000, "grossProfitRatio": 0.2763987049, "researchAndDevelopmentExpenses": 32600000, "generalAndAdministrativeExpenses": 959300000, "sellingAndMarketingExpenses": 0, "sellingGeneralAndAdministrativeExpenses": 959300000, "otherExpenses": -7500000, "operatingExpenses": 959300000, "costAndExpenses": 3037700000, "interestIncome": 2700000, "interestExpense": 33400000, "depreciationAndAmortization": 130800000, "ebitda": -39400000, "ebitdaratio": -0.0137172301, "operatingIncome": -151400000, "operatingIncomeRatio": -0.0527103715, "totalOtherIncomeExpensesNet": 6500000, "incomeBeforeTax": -189600000, "incomeBeforeTaxRatio": -0.0660098179, "incomeTaxExpense": -121600000, "netIncome": -70800000, "netIncomeRatio": -0.0246492358, "eps": -0.84, "epsdiluted": -0.84, "weightedAverageShsOut": 84631778, "weightedAverageShsOutDil": 84631778, "link": "https://www.sec.gov/Archives/edgar/data/98362/000009836216000097/0000098362-16-000097-index.htm", "finalLink": "https://www.sec.gov/Archives/edgar/data/98362/000009836216000097/tkr10k123115.htm", "calculatedOtherExpenses": -46600000, "calculatedOperatingExpenses": 945300000, "calculatedNetInterest": -30700000, "calculatedOtherIncome": -7500000, "calculatedIncomeNonControlling": 2800000, "calculatedEbitda": -20600000}, {"date": "2014-12-31", "symbol": "TKR", "reportedCurrency": "USD", "cik": "0000098362", "fillingDate": "2015-03-02", "acceptedDate": "2015-03-02 16:35:20", "calendarYear": "2014", "period": "FY", "revenue": 3076200000, "costOfRevenue": 2178200000, "grossProfit": 898000000, "grossProfitRatio": 0.2919186009, "researchAndDevelopmentExpenses": 38800000, "generalAndAdministrativeExpenses": 576200000, "sellingAndMarketingExpenses": 0, "sellingGeneralAndAdministrativeExpenses": 576200000, "otherExpenses": 19900000, "operatingExpenses": 576200000, "costAndExpenses": 2754400000, "interestIncome": 4400000, "interestExpense": 28700000, "depreciationAndAmortization": 137000000, "ebitda": 483100000, "ebitdaratio": 0.1570444054, "operatingIncome": 208400000, "operatingIncomeRatio": 0.0677459203, "totalOtherIncomeExpensesNet": -93500000, "incomeBeforeTax": 204000000, "incomeBeforeTaxRatio": 0.0663155842, "incomeTaxExpense": 57000000, "netIncome": 166200000, "netIncomeRatio": 0.0540276965, "eps": 1.84, "epsdiluted": 1.82, "weightedAverageShsOut": 90367346, "weightedAverageShsOutDil": 91217142, "link": "https://www.sec.gov/Archives/edgar/data/98362/000009836215000025/0000098362-15-000025-index.htm", "finalLink": "https://www.sec.gov/Archives/edgar/data/98362/000009836215000025/tkr10k123114.htm", "calculatedOtherExpenses": 74600000, "calculatedOperatingExpenses": 689600000, "calculatedNetInterest": -24300000, "calculatedOtherIncome": 19900000, "calculatedIncomeNonControlling": -19200000, "calculatedEbitda": 345400000}, {"date": "2013-12-31", "symbol": "TKR", "reportedCurrency": "USD", "cik": "0000098362", "fillingDate": "2014-02-28", "acceptedDate": "2014-02-28 16:47:45", "calendarYear": "2013", "period": "FY", "revenue": 4341200000, "costOfRevenue": 3249200000, "grossProfit": 1092000000, "grossProfitRatio": 0.2515433521, "researchAndDevelopmentExpenses": 39300000, "generalAndAdministrativeExpenses": 626600000, "sellingAndMarketingExpenses": 0, "sellingGeneralAndAdministrativeExpenses": 626600000, "otherExpenses": 3600000, "operatingExpenses": 626600000, "costAndExpenses": 3875800000, "interestIncome": 1900000, "interestExpense": 24400000, "depreciationAndAmortization": 194600000, "ebitda": 665500000, "ebitdaratio": 0.1532986271, "operatingIncome": 436000000, "operatingIncomeRatio": 0.10043306, "totalOtherIncomeExpensesNet": -25800000, "incomeBeforeTax": 417100000, "incomeBeforeTaxRatio": 0.096079425, "incomeTaxExpense": 154100000, "netIncome": 262700000, "netIncomeRatio": 0.0605132222, "eps": 2.76, "epsdiluted": 2.74, "weightedAverageShsOut": 94989561, "weightedAverageShsOutDil": 95823728, "link": "https://www.sec.gov/Archives/edgar/data/98362/000009836214000045/0000098362-14-000045-index.htm", "finalLink": "https://www.sec.gov/Archives/edgar/data/98362/000009836214000045/tkr10k2013.htm", "calculatedOtherExpenses": -9900000, "calculatedOperatingExpenses": 656000000, "calculatedNetInterest": -22500000, "calculatedOtherIncome": 3600000, "calculatedIncomeNonControlling": 300000, "calculatedEbitda": 630600000}, {"date": "2012-12-31", "symbol": "TKR", "reportedCurrency": "USD", "cik": "0000098362", "fillingDate": "2013-02-13", "acceptedDate": "2013-02-13 17:13:35", "calendarYear": "2012", "period": "FY", "revenue": 4987000000, "costOfRevenue": 3620700000, "grossProfit": 1366300000, "grossProfitRatio": 0.2739723281, "researchAndDevelopmentExpenses": 45700000, "generalAndAdministrativeExpenses": 643900000, "sellingAndMarketingExpenses": 0, "sellingGeneralAndAdministrativeExpenses": 643900000, "otherExpenses": 101300000, "operatingExpenses": 643900000, "costAndExpenses": 4264600000, "interestIncome": 2900000, "interestExpense": 31100000, "depreciationAndAmortization": 198000000, "ebitda": 1024600000, "ebitdaratio": 0.2054541809, "operatingIncome": 692900000, "operatingIncomeRatio": 0.1389412472, "totalOtherIncomeExpensesNet": 71800000, "incomeBeforeTax": 766000000, "incomeBeforeTaxRatio": 0.1535993583, "incomeTaxExpense": 270100000, "netIncome": 495500000, "netIncomeRatio": 0.0993583317, "eps": 5.11, "epsdiluted": 5.07, "weightedAverageShsOut": 96671613, "weightedAverageShsOutDil": 97602481, "link": "https://www.sec.gov/Archives/edgar/data/98362/000009836213000057/0000098362-13-000057-index.htm", "finalLink": "https://www.sec.gov/Archives/edgar/data/98362/000009836213000057/tkr-20121231x10k.htm", "calculatedOtherExpenses": -16200000, "calculatedOperatingExpenses": 673400000, "calculatedNetInterest": -28200000, "calculatedOtherIncome": 101300000, "calculatedIncomeNonControlling": 400000, "calculatedEbitda": 890900000}, {"date": "2011-12-31", "symbol": "TKR", "reportedCurrency": "USD", "cik": "0000098362", "fillingDate": "2012-02-17", "acceptedDate": "2012-02-17 12:54:53", "calendarYear": "2011", "period": "FY", "revenue": 5170200000, "costOfRevenue": 3800500000, "grossProfit": 1369700000, "grossProfitRatio": 0.2649220533, "researchAndDevelopmentExpenses": 0, "generalAndAdministrativeExpenses": 626200000, "sellingAndMarketingExpenses": 0, "sellingGeneralAndAdministrativeExpenses": 626200000, "otherExpenses": 0, "operatingExpenses": 626200000, "costAndExpenses": 4426700000, "interestIncome": 5600000, "interestExpense": 31200000, "depreciationAndAmortization": 192500000, "ebitda": 936000000, "ebitdaratio": 0.181037484, "operatingIncome": 729100000, "operatingIncomeRatio": 0.1410196898, "totalOtherIncomeExpensesNet": -15500000, "incomeBeforeTax": 696800000, "incomeBeforeTaxRatio": 0.1347723492, "incomeTaxExpense": 240200000, "netIncome": 454300000, "netIncomeRatio": 0.0878689412, "eps": 4.65, "epsdiluted": 4.59, "weightedAverageShsOut": 97451064, "weightedAverageShsOutDil": 98655513, "link": "https://www.sec.gov/Archives/edgar/data/98362/000119312512066958/0001193125-12-066958-index.htm", "finalLink": "https://www.sec.gov/Archives/edgar/data/98362/000119312512066958/d269602d10k.htm", "calculatedOtherExpenses": 14400000, "calculatedOperatingExpenses": 640600000, "calculatedNetInterest": -25600000, "calculatedOtherIncome": -6700000, "calculatedIncomeNonControlling": 2300000, "calculatedEbitda": 921600000}, {"date": "2010-12-31", "symbol": "TKR", "reportedCurrency": "USD", "cik": "0000098362", "fillingDate": "2011-02-22", "acceptedDate": "2011-02-22 16:26:37", "calendarYear": "2010", "period": "FY", "revenue": 4055500000, "costOfRevenue": 3033800000, "grossProfit": 1021700000, "grossProfitRatio": 0.2519294785, "researchAndDevelopmentExpenses": 0, "generalAndAdministrativeExpenses": 563800000, "sellingAndMarketingExpenses": 0, "sellingGeneralAndAdministrativeExpenses": 563800000, "otherExpenses": 0, "operatingExpenses": 563800000, "costAndExpenses": 3597600000, "interestIncome": 3700000, "interestExpense": 34500000, "depreciationAndAmortization": 189700000, "ebitda": 647600000, "ebitdaratio": 0.1596843792, "operatingIncome": 436200000, "operatingIncomeRatio": 0.1075576378, "totalOtherIncomeExpensesNet": -17900000, "incomeBeforeTax": 405500000, "incomeBeforeTaxRatio": 0.0999876711, "incomeTaxExpense": 136000000, "netIncome": 274800000, "netIncomeRatio": 0.0677598323, "eps": 2.83, "epsdiluted": 2.81, "weightedAverageShsOut": 96535273, "weightedAverageShsOutDil": 97516202, "link": "https://www.sec.gov/Archives/edgar/data/98362/000095012311016536/0000950123-11-016536-index.htm", "finalLink": "https://www.sec.gov/Archives/edgar/data/98362/000095012311016536/l41126e10vk.htm", "calculatedOtherExpenses": 21700000, "calculatedOperatingExpenses": 585500000, "calculatedNetInterest": -30800000, "calculatedOtherIncome": 100000, "calculatedIncomeNonControlling": -5300000, "calculatedEbitda": 625900000}, {"date": "2009-12-31", "symbol": "TKR", "reportedCurrency": "USD", "cik": "0000098362", "fillingDate": "2010-02-25", "acceptedDate": "2010-02-25 16:04:23", "calendarYear": "2009", "period": "FY", "revenue": 3141627000, "costOfRevenue": 2558880000, "grossProfit": 582747000, "grossProfitRatio": 0.1854921033, "researchAndDevelopmentExpenses": 0, "generalAndAdministrativeExpenses": 472732000, "sellingAndMarketingExpenses": 0, "sellingGeneralAndAdministrativeExpenses": 472732000, "otherExpenses": 0, "operatingExpenses": 472732000, "costAndExpenses": 3031612000, "interestIncome": 1904000, "interestExpense": 41883000, "depreciationAndAmortization": 201486000, "ebitda": 475767000, "ebitdaratio": 0.151439684, "operatingIncome": -54111000, "operatingIncomeRatio": -0.0172238779, "totalOtherIncomeExpensesNet": -164266000, "incomeBeforeTax": -94230000, "incomeBeforeTaxRatio": -0.0299940127, "incomeTaxExpense": -28193000, "netIncome": -133961000, "netIncomeRatio": -0.0426406445, "eps": -1.39, "epsdiluted": -1.39, "weightedAverageShsOut": 96135783, "weightedAverageShsOutDil": 96135783, "link": "https://www.sec.gov/Archives/edgar/data/98362/000095012310017047/0000950123-10-017047-index.htm", "finalLink": "https://www.sec.gov/Archives/edgar/data/98362/000095012310017047/l38915e10vk.htm", "calculatedOtherExpenses": 164126000, "calculatedOperatingExpenses": 636858000, "calculatedNetInterest": -39979000, "calculatedOtherIncome": -140000, "calculatedIncomeNonControlling": 67924000, "calculatedEbitda": 147375000}, {"date": "2008-12-31", "symbol": "TKR", "reportedCurrency": "USD", "cik": "0000098362", "fillingDate": "2009-02-26", "acceptedDate": "2009-02-25 21:58:18", "calendarYear": "2008", "period": "FY", "revenue": 5663660000, "costOfRevenue": 4417961000, "grossProfit": 1245699000, "grossProfitRatio": 0.219945936, "researchAndDevelopmentExpenses": 0, "generalAndAdministrativeExpenses": 724987000, "sellingAndMarketingExpenses": 0, "sellingGeneralAndAdministrativeExpenses": 724987000, "otherExpenses": -8000, "operatingExpenses": 789362000, "costAndExpenses": 5207323000, "interestIncome": 5971000, "interestExpense": 44934000, "depreciationAndAmortization": 230994000, "ebitda": 687331000, "ebitdaratio": 0.1213580971, "operatingIncome": 452107000, "operatingIncomeRatio": 0.0798259429, "totalOtherIncomeExpensesNet": -51931000, "incomeBeforeTax": 425596000, "incomeBeforeTaxRatio": 0.0751450475, "incomeTaxExpense": 157926000, "netIncome": 267670000, "netIncomeRatio": 0.0472609585, "eps": 2.8, "epsdiluted": 2.78, "weightedAverageShsOut": 95650104, "weightedAverageShsOutDil": 96272763, "link": "https://www.sec.gov/Archives/edgar/data/98362/000095015209001781/0000950152-09-001781-index.htm", "finalLink": "https://www.sec.gov/Archives/edgar/data/98362/000095015209001781/l35613ae10vk.htm", "calculatedOtherExpenses": 68605000, "calculatedOperatingExpenses": 793592000, "calculatedNetInterest": -38963000, "calculatedOtherIncome": 12452000, "calculatedIncomeNonControlling": 0, "calculatedEbitda": 683101000}, {"date": "2007-12-31", "symbol": "TKR", "reportedCurrency": "USD", "cik": "0000098362", "fillingDate": "2008-02-28", "acceptedDate": "2008-02-28 17:17:40", "calendarYear": "2007", "period": "FY", "revenue": 5236020000, "costOfRevenue": 4182186000, "grossProfit": 1053834000, "grossProfitRatio": 0.2012662289, "researchAndDevelopmentExpenses": 0, "generalAndAdministrativeExpenses": 695283000, "sellingAndMarketingExpenses": 0, "sellingGeneralAndAdministrativeExpenses": 695283000, "otherExpenses": 0, "operatingExpenses": 695283000, "costAndExpenses": 4877469000, "interestIncome": 7045000000, "interestExpense": -42684000000, "depreciationAndAmortization": 218353000, "ebitda": 629297000, "ebitdaratio": 0.1201861337, "operatingIncome": 317645000, "operatingIncomeRatio": 0.0606653527, "totalOtherIncomeExpensesNet": -52393000, "incomeBeforeTax": 282257000, "incomeBeforeTaxRatio": 0.0539067842, "incomeTaxExpense": 62868000, "netIncome": 220054000, "netIncomeRatio": 0.0420269594, "eps": 2.33, "epsdiluted": 2.3, "weightedAverageShsOut": 94443777, "weightedAverageShsOutDil": 95675652, "link": "https://www.sec.gov/Archives/edgar/data/98362/000095015208001527/0000950152-08-001527-index.htm", "finalLink": "https://www.sec.gov/Archives/edgar/data/98362/000095015208001527/l30237ae10vk.htm", "calculatedOtherExpenses": 40906000, "calculatedOperatingExpenses": 736189000, "calculatedNetInterest": 49729000000, "calculatedOtherIncome": -49764388000, "calculatedIncomeNonControlling": -665000, "calculatedEbitda": 535998000}, {"date": "2006-12-31", "symbol": "TKR", "reportedCurrency": "USD", "cik": "0000098362", "fillingDate": "2007-02-28", "acceptedDate": "2007-02-28 16:32:39", "calendarYear": "2006", "period": "FY", "revenue": 4973365000, "costOfRevenue": 3967521000, "grossProfit": 1005844000, "grossProfitRatio": 0.2022461653, "researchAndDevelopmentExpenses": 0, "generalAndAdministrativeExpenses": 677342000, "sellingAndMarketingExpenses": 0, "sellingGeneralAndAdministrativeExpenses": 677342000, "otherExpenses": 0, "operatingExpenses": 677342000, "costAndExpenses": 4644863000, "interestIncome": 4605000000, "interestExpense": -49387000000, "depreciationAndAmortization": 196592000, "ebitda": 637895000, "ebitdaratio": 0.128262253, "operatingIncome": 219350000, "operatingIncomeRatio": 0.0441049471, "totalOtherIncomeExpensesNet": -112801000, "incomeBeforeTax": 254234000, "incomeBeforeTaxRatio": 0.0511191115, "incomeTaxExpense": 77795000, "netIncome": 222527000, "netIncomeRatio": 0.04474375, "eps": 2.38, "epsdiluted": 2.36, "weightedAverageShsOut": 93498739, "weightedAverageShsOutDil": 94291102, "link": "https://www.sec.gov/Archives/edgar/data/98362/000095015207001621/0000950152-07-001621-index.htm", "finalLink": "https://www.sec.gov/Archives/edgar/data/98362/000095015207001621/l24292ae10vk.htm", "calculatedOtherExpenses": 109152000, "calculatedOperatingExpenses": 786494000, "calculatedNetInterest": 53992000000, "calculatedOtherIncome": -53957116000, "calculatedIncomeNonControlling": -46088000, "calculatedEbitda": 415942000}, {"date": "2005-12-31", "symbol": "TKR", "reportedCurrency": "USD", "cik": "0000098362", "fillingDate": "2006-03-13", "acceptedDate": "2006-03-13 10:25:08", "calendarYear": "2005", "period": "FY", "revenue": 5168434000, "costOfRevenue": 4109713000, "grossProfit": 1058721000, "grossProfitRatio": 0.2048436722, "researchAndDevelopmentExpenses": 0, "generalAndAdministrativeExpenses": 661592000, "sellingAndMarketingExpenses": 0, "sellingGeneralAndAdministrativeExpenses": 661592000, "otherExpenses": 0, "operatingExpenses": 661592000, "costAndExpenses": 4771305000, "interestIncome": 3437000000, "interestExpense": -51585000000, "depreciationAndAmortization": 218059000, "ebitda": 573623000, "ebitdaratio": 0.1109858421, "operatingIncome": 371036000, "operatingIncomeRatio": 0.0717888629, "totalOtherIncomeExpensesNet": 41565000, "incomeBeforeTax": 390546000, "incomeBeforeTaxRatio": 0.0755637007, "incomeTaxExpense": 130265000, "netIncome": 260281000, "netIncomeRatio": 0.0503597415, "eps": 2.84, "epsdiluted": 2.81, "weightedAverageShsOut": 91648239, "weightedAverageShsOutDil": 92626690, "link": "https://www.sec.gov/Archives/edgar/data/98362/000095015206001996/0000950152-06-001996-index.htm", "finalLink": "https://www.sec.gov/Archives/edgar/data/98362/000095015206001996/l17280ae10vk.htm", "calculatedOtherExpenses": 26093000, "calculatedOperatingExpenses": 687685000, "calculatedNetInterest": 55022000000, "calculatedOtherIncome": -55002490000, "calculatedIncomeNonControlling": 0, "calculatedEbitda": 589095000}, {"date": "2004-12-31", "symbol": "TKR", "reportedCurrency": "USD", "cik": "0000098362", "fillingDate": "2005-03-15", "acceptedDate": "2005-03-15 14:56:14", "calendarYear": "2004", "period": "FY", "revenue": 4513671000, "costOfRevenue": 3675086000, "grossProfit": 838585000, "grossProfitRatio": 0.1857877989, "researchAndDevelopmentExpenses": 0, "generalAndAdministrativeExpenses": 587923000, "sellingAndMarketingExpenses": 0, "sellingGeneralAndAdministrativeExpenses": 587923000, "otherExpenses": 0, "operatingExpenses": 587923000, "costAndExpenses": 4263009000, "interestIncome": 0, "interestExpense": 0, "depreciationAndAmortization": 209431000, "ebitda": 461539000, "ebitdaratio": 0.1022535759, "operatingIncome": 237228000, "operatingIncomeRatio": 0.0525576632, "totalOtherIncomeExpensesNet": -1446000, "incomeBeforeTax": 199779000, "incomeBeforeTaxRatio": 0.0442608688, "incomeTaxExpense": 64123000, "netIncome": 135656000, "netIncomeRatio": 0.0300544723, "eps": 1.51, "epsdiluted": 1.5, "weightedAverageShsOut": 89875650, "weightedAverageShsOutDil": 90759571, "link": "https://www.sec.gov/Archives/edgar/data/98362/000009836205000001/0000098362-05-000001-index.htm", "finalLink": "https://www.sec.gov/Archives/edgar/data/98362/000009836205000001/k10k.htm", "calculatedOtherExpenses": 13434000, "calculatedOperatingExpenses": 601357000, "calculatedNetInterest": 0, "calculatedOtherIncome": -37449000, "calculatedIncomeNonControlling": 0, "calculatedEbitda": 446659000}, {"date": "2003-12-31", "symbol": "TKR", "reportedCurrency": "USD", "cik": "0000098362", "fillingDate": "2004-03-03", "acceptedDate": "2004-03-03 14:55:39", "calendarYear": "2003", "period": "FY", "revenue": 3788097000, "costOfRevenue": 3156475000, "grossProfit": 631622000, "grossProfitRatio": 0.1667386025, "researchAndDevelopmentExpenses": 0, "generalAndAdministrativeExpenses": 514221000, "sellingAndMarketingExpenses": 0, "sellingGeneralAndAdministrativeExpenses": 514221000, "otherExpenses": 0, "operatingExpenses": 514221000, "costAndExpenses": 3670696000, "interestIncome": 0, "interestExpense": 0, "depreciationAndAmortization": 208851000, "ebitda": 335573000, "ebitdaratio": 0.0885861687, "operatingIncome": 98247000, "operatingIncomeRatio": 0.0259357139, "totalOtherIncomeExpensesNet": -9321000, "incomeBeforeTax": 60802000, "incomeBeforeTaxRatio": 0.0160508033, "incomeTaxExpense": 24321000, "netIncome": 36481000, "netIncomeRatio": 0.0096304292, "eps": 0.44, "epsdiluted": 0.44, "weightedAverageShsOut": 82911364, "weightedAverageShsOutDil": 82911364, "link": "https://www.sec.gov/Archives/edgar/data/98362/000009836204000001/0000098362-04-000001-index.htm", "finalLink": "https://www.sec.gov/Archives/edgar/data/98362/000009836204000001/k10k.htm", "calculatedOtherExpenses": 19154000, "calculatedOperatingExpenses": 533375000, "calculatedNetInterest": 0, "calculatedOtherIncome": -37445000, "calculatedIncomeNonControlling": 0, "calculatedEbitda": 307098000}, {"date": "2002-12-31", "symbol": "TKR", "reportedCurrency": "USD", "cik": "0000098362", "fillingDate": "2003-03-27", "acceptedDate": "2003-03-27 11:49:03", "calendarYear": "2002", "period": "FY", "revenue": 2550075000, "costOfRevenue": 2080498000, "grossProfit": 469577000, "grossProfitRatio": 0.1841424272, "researchAndDevelopmentExpenses": 0, "generalAndAdministrativeExpenses": 358866000, "sellingAndMarketingExpenses": 0, "sellingGeneralAndAdministrativeExpenses": 358866000, "otherExpenses": 0, "operatingExpenses": 358866000, "costAndExpenses": 2439364000, "interestIncome": 0, "interestExpense": 0, "depreciationAndAmortization": 146535000, "ebitda": 252575000, "ebitdaratio": 0.0990461065, "operatingIncome": 78568000, "operatingIncomeRatio": 0.0308100742, "totalOtherIncomeExpensesNet": 4671000, "incomeBeforeTax": 85518000, "incomeBeforeTaxRatio": 0.0335354843, "incomeTaxExpense": 34067000, "netIncome": 38749000, "netIncomeRatio": 0.0151952394, "eps": 0.63, "epsdiluted": 0.62, "weightedAverageShsOut": 61506349, "weightedAverageShsOutDil": 62498387, "link": "https://www.sec.gov/Archives/edgar/data/98362/000009836203000001/0000098362-03-000001-index.htm", "finalLink": "https://www.sec.gov/Archives/edgar/data/98362/000009836203000001/k10k.htm", "calculatedOtherExpenses": 32143000, "calculatedOperatingExpenses": 391009000, "calculatedNetInterest": 0, "calculatedOtherIncome": 6950000, "calculatedIncomeNonControlling": 12702000, "calculatedEbitda": 225103000}, {"date": "2001-12-31", "symbol": "TKR", "reportedCurrency": "USD", "cik": "0000098362", "fillingDate": "2002-03-28", "acceptedDate": "2002-03-28 00:00:00", "calendarYear": "2001", "period": "FY", "revenue": 2447178000, "costOfRevenue": 2046458000, "grossProfit": 400720000, "grossProfitRatio": 0.1637477944, "researchAndDevelopmentExpenses": 0, "generalAndAdministrativeExpenses": 363683000, "sellingAndMarketingExpenses": 0, "sellingGeneralAndAdministrativeExpenses": 363683000, "otherExpenses": 0, "operatingExpenses": 363683000, "costAndExpenses": 2410141000, "interestIncome": 0, "interestExpense": 0, "depreciationAndAmortization": 152467000, "ebitda": 222132000, "ebitdaratio": 0.0907706754, "operatingIncome": -17652000, "operatingIncomeRatio": -0.0072132064, "totalOtherIncomeExpensesNet": -32628000, "incomeBeforeTax": -26883000, "incomeBeforeTaxRatio": -0.0109853063, "incomeTaxExpense": 14783000, "netIncome": -41666000, "netIncomeRatio": -0.0170261419, "eps": -0.69, "epsdiluted": -0.69, "weightedAverageShsOut": 60385507, "weightedAverageShsOutDil": 60385507, "link": "https://www.sec.gov/Archives/edgar/data/98362/000009836202000011/0000098362-02-000011-index.htm", "finalLink": "https://www.sec.gov/Archives/edgar/data/98362/000009836202000011/rk10k.htm", "calculatedOtherExpenses": 54689000, "calculatedOperatingExpenses": 418372000, "calculatedNetInterest": 0, "calculatedOtherIncome": -9231000, "calculatedIncomeNonControlling": 0, "calculatedEbitda": 134815000}, {"date": "2000-12-31", "symbol": "TKR", "reportedCurrency": "USD", "cik": "0000098362", "fillingDate": "2001-03-30", "acceptedDate": "2001-03-30 00:00:00", "calendarYear": "2000", "period": "FY", "revenue": 2643008000, "costOfRevenue": 2142135000, "grossProfit": 500873000, "grossProfitRatio": 0.1895086962, "researchAndDevelopmentExpenses": 0, "generalAndAdministrativeExpenses": 367499000, "sellingAndMarketingExpenses": 0, "sellingGeneralAndAdministrativeExpenses": 367499000, "otherExpenses": 0, "operatingExpenses": 367499000, "costAndExpenses": 2509634000, "interestIncome": 0, "interestExpense": 0, "depreciationAndAmortization": 151047000, "ebitda": 346509000, "ebitdaratio": 0.13110403, "operatingIncome": 105620000, "operatingIncomeRatio": 0.0399620432, "totalOtherIncomeExpensesNet": -62088000, "incomeBeforeTax": 70597000, "incomeBeforeTaxRatio": 0.0267108537, "incomeTaxExpense": 24709000, "netIncome": 45888000, "netIncomeRatio": 0.017362036, "eps": 0.76, "epsdiluted": 0.76, "weightedAverageShsOut": 60378947, "weightedAverageShsOutDil": 60378947, "link": "https://www.sec.gov/Archives/edgar/data/98362/000009836201500005/0000098362-01-500005-index.htm", "finalLink": "https://www.sec.gov/Archives/edgar/data/98362/000009836201500005/k10k.htm", "calculatedOtherExpenses": 27754000, "calculatedOperatingExpenses": 395253000, "calculatedNetInterest": 0, "calculatedOtherIncome": -35023000, "calculatedIncomeNonControlling": 0, "calculatedEbitda": 256667000}, {"date": "1999-12-31", "symbol": "TKR", "reportedCurrency": "USD", "cik": "0000098362", "fillingDate": "2000-03-29", "acceptedDate": "2000-03-29 00:00:00", "calendarYear": "1999", "period": "FY", "revenue": 2495000000, "costOfRevenue": 1852500000, "grossProfit": 642500000, "grossProfitRatio": 0.2575150301, "researchAndDevelopmentExpenses": 0, "generalAndAdministrativeExpenses": 359900000, "sellingAndMarketingExpenses": 0, "sellingGeneralAndAdministrativeExpenses": 359900000, "otherExpenses": 149900000, "operatingExpenses": 509800000, "costAndExpenses": 2362300000, "interestIncome": 0, "interestExpense": 0, "depreciationAndAmortization": 149900000, "ebitda": 292200000, "ebitdaratio": 0.1171142285, "operatingIncome": 132700000, "operatingIncomeRatio": 0.0531863727, "totalOtherIncomeExpensesNet": -9600000, "incomeBeforeTax": 99000000, "incomeBeforeTaxRatio": 0.0396793587, "incomeTaxExpense": 36400000, "netIncome": 62600000, "netIncomeRatio": 0.0250901804, "eps": 1.01, "epsdiluted": 1.01, "weightedAverageShsOut": 61980198, "weightedAverageShsOutDil": 61980198, "link": "https://www.sec.gov/Archives/edgar/data/98362/000009836200000012/0000098362-00-000012-index.html", "finalLink": "https://www.sec.gov/Archives/edgar/data/98362/000009836200000012/", "calculatedOtherExpenses": 149900000, "calculatedOperatingExpenses": 509800000, "calculatedNetInterest": 0, "calculatedOtherIncome": -33700000, "calculatedIncomeNonControlling": 0, "calculatedEbitda": 282600000}, {"date": "1998-12-31", "symbol": "TKR", "reportedCurrency": "USD", "cik": "0000098362", "fillingDate": "1999-03-30", "acceptedDate": "1999-03-30 00:00:00", "calendarYear": "1998", "period": "FY", "revenue": 2679800000, "costOfRevenue": 1958400000, "grossProfit": 721400000, "grossProfitRatio": 0.269199194, "researchAndDevelopmentExpenses": 0, "generalAndAdministrativeExpenses": 356700000, "sellingAndMarketingExpenses": 0, "sellingGeneralAndAdministrativeExpenses": 356700000, "otherExpenses": 139800000, "operatingExpenses": 496500000, "costAndExpenses": 2454900000, "interestIncome": 0, "interestExpense": 0, "depreciationAndAmortization": 139800000, "ebitda": 377800000, "ebitdaratio": 0.1409806702, "operatingIncome": 224900000, "operatingIncomeRatio": 0.0839241734, "totalOtherIncomeExpensesNet": -13100000, "incomeBeforeTax": 185300000, "incomeBeforeTaxRatio": 0.0691469513, "incomeTaxExpense": 70800000, "netIncome": 114500000, "netIncomeRatio": 0.0427270692, "eps": 1.84, "epsdiluted": 1.82, "weightedAverageShsOut": 62228261, "weightedAverageShsOutDil": 62912088, "link": "https://www.sec.gov/Archives/edgar/data/98362/000009836299000007/0000098362-99-000007-index.html", "finalLink": "https://www.sec.gov/Archives/edgar/data/98362/", "calculatedOtherExpenses": 139800000, "calculatedOperatingExpenses": 496500000, "calculatedNetInterest": 0, "calculatedOtherIncome": -39600000, "calculatedIncomeNonControlling": 0, "calculatedEbitda": 364700000}, {"date": "1997-12-31", "symbol": "TKR", "reportedCurrency": "USD", "cik": "0000098362", "fillingDate": "1998-03-20", "acceptedDate": "1998-03-20 00:00:00", "calendarYear": "1997", "period": "FY", "revenue": 2617600000, "costOfRevenue": 1863000000, "grossProfit": 754600000, "grossProfitRatio": 0.2882793399, "researchAndDevelopmentExpenses": 0, "generalAndAdministrativeExpenses": 330800000, "sellingAndMarketingExpenses": 0, "sellingGeneralAndAdministrativeExpenses": 330800000, "otherExpenses": 134400000, "operatingExpenses": 465200000, "costAndExpenses": 2328200000, "interestIncome": 0, "interestExpense": 0, "depreciationAndAmortization": 134400000, "ebitda": 425100000, "ebitdaratio": 0.1624006724, "operatingIncome": 289400000, "operatingIncomeRatio": 0.110559291, "totalOtherIncomeExpensesNet": -1300000, "incomeBeforeTax": 266600000, "incomeBeforeTaxRatio": 0.101849022, "incomeTaxExpense": 95200000, "netIncome": 171400000, "netIncomeRatio": 0.0654798289, "eps": 2.73, "epsdiluted": 2.69, "weightedAverageShsOut": 62783883, "weightedAverageShsOutDil": 63717472, "link": "https://www.sec.gov/Archives/edgar/data/98362/000009836298000009/0000098362-98-000009-index.html", "finalLink": "https://www.sec.gov/Archives/edgar/data/98362/", "calculatedOtherExpenses": 134400000, "calculatedOperatingExpenses": 465200000, "calculatedNetInterest": 0, "calculatedOtherIncome": -22800000, "calculatedIncomeNonControlling": 0, "calculatedEbitda": 423800000}, {"date": "1996-12-31", "symbol": "TKR", "reportedCurrency": "USD", "cik": "0000098362", "fillingDate": "1997-03-27", "acceptedDate": "1997-03-27 00:00:00", "calendarYear": "1996", "period": "FY", "revenue": 2394800000, "costOfRevenue": 1694500000, "grossProfit": 700300000, "grossProfitRatio": 0.2924252547, "researchAndDevelopmentExpenses": 0, "generalAndAdministrativeExpenses": 316500000, "sellingAndMarketingExpenses": 0, "sellingGeneralAndAdministrativeExpenses": 316500000, "otherExpenses": 126500000, "operatingExpenses": 443000000, "costAndExpenses": 2137500000, "interestIncome": 0, "interestExpense": 0, "depreciationAndAmortization": 126500000, "ebitda": 397900000, "ebitdaratio": 0.1661516619, "operatingIncome": 257300000, "operatingIncomeRatio": 0.1074411224, "totalOtherIncomeExpensesNet": -14100000, "incomeBeforeTax": 225200000, "incomeBeforeTaxRatio": 0.0940370803, "incomeTaxExpense": 86300000, "netIncome": 138900000, "netIncomeRatio": 0.0580006681, "eps": 2.21, "epsdiluted": 2.19, "weightedAverageShsOut": 62850679, "weightedAverageShsOutDil": 63424658, "link": "https://www.sec.gov/Archives/edgar/data/98362/000009836297000009/0000098362-97-000009-index.html", "finalLink": "https://www.sec.gov/Archives/edgar/data/98362/", "calculatedOtherExpenses": 126500000, "calculatedOperatingExpenses": 443000000, "calculatedNetInterest": 0, "calculatedOtherIncome": -32100000, "calculatedIncomeNonControlling": 0, "calculatedEbitda": 383800000}, {"date": "1995-12-31", "symbol": "TKR", "reportedCurrency": "USD", "cik": "0000098362", "fillingDate": "1996-03-28", "acceptedDate": "1996-03-28 00:00:00", "calendarYear": "1995", "period": "FY", "revenue": 2230500000, "costOfRevenue": 1594300000, "grossProfit": 636200000, "grossProfitRatio": 0.2852275275, "researchAndDevelopmentExpenses": 0, "generalAndAdministrativeExpenses": 302600000, "sellingAndMarketingExpenses": 0, "sellingGeneralAndAdministrativeExpenses": 302600000, "otherExpenses": 123400000, "operatingExpenses": 426000000, "costAndExpenses": 2020300000, "interestIncome": 0, "interestExpense": 0, "depreciationAndAmortization": 123400000, "ebitda": 343800000, "ebitdaratio": 0.154135844, "operatingIncome": 210200000, "operatingIncomeRatio": 0.0942389599, "totalOtherIncomeExpensesNet": -10200000, "incomeBeforeTax": 180200000, "incomeBeforeTaxRatio": 0.0807890607, "incomeTaxExpense": 67800000, "netIncome": 112400000, "netIncomeRatio": 0.0503922887, "eps": 1.8, "epsdiluted": 1.8, "weightedAverageShsOut": 62444444, "weightedAverageShsOutDil": 62444444, "link": "https://www.sec.gov/Archives/edgar/data/98362/000009836296000012/0000098362-96-000012-index.html", "finalLink": "https://www.sec.gov/Archives/edgar/data/98362/", "calculatedOtherExpenses": 123400000, "calculatedOperatingExpenses": 426000000, "calculatedNetInterest": 0, "calculatedOtherIncome": -30000000, "calculatedIncomeNonControlling": 0, "calculatedEbitda": 333600000}, {"date": "1994-12-31", "symbol": "TKR", "reportedCurrency": "USD", "cik": "0000098362", "fillingDate": "1995-03-23", "acceptedDate": "1995-03-23 00:00:00", "calendarYear": "1994", "period": "FY", "revenue": 1930400000, "costOfRevenue": 1390100000, "grossProfit": 540300000, "grossProfitRatio": 0.2798901782, "researchAndDevelopmentExpenses": 0, "generalAndAdministrativeExpenses": 282400000, "sellingAndMarketingExpenses": 0, "sellingGeneralAndAdministrativeExpenses": 282400000, "otherExpenses": 119300000, "operatingExpenses": 401700000, "costAndExpenses": 1791800000, "interestIncome": 0, "interestExpense": 0, "depreciationAndAmortization": 119300000, "ebitda": 260300000, "ebitdaratio": 0.1348425197, "operatingIncome": 138600000, "operatingIncomeRatio": 0.071798591, "totalOtherIncomeExpensesNet": -2400000, "incomeBeforeTax": 111400000, "incomeBeforeTaxRatio": 0.057708247, "incomeTaxExpense": 42900000, "netIncome": 68500000, "netIncomeRatio": 0.0354848736, "eps": 1.11, "epsdiluted": 1.11, "weightedAverageShsOut": 61899250, "weightedAverageShsOutDil": 61899250, "link": "https://www.sec.gov/Archives/edgar/data/98362/000009836295000012/0000098362-95-000012-index.html", "finalLink": "https://www.sec.gov/Archives/edgar/data/98362/", "calculatedOtherExpenses": 119300000, "calculatedOperatingExpenses": 401700000, "calculatedNetInterest": 0, "calculatedOtherIncome": -27200000, "calculatedIncomeNonControlling": 0, "calculatedEbitda": 257900000}, {"date": "1993-12-31", "symbol": "TKR", "reportedCurrency": "USD", "cik": "0000098362", "fillingDate": "1994-03-30", "acceptedDate": "1994-03-30 00:00:00", "calendarYear": "1993", "period": "FY", "revenue": 1708800000, "costOfRevenue": 1247800000, "grossProfit": 461000000, "grossProfitRatio": 0.2697799625, "researchAndDevelopmentExpenses": 0, "generalAndAdministrativeExpenses": 0, "sellingAndMarketingExpenses": 0, "sellingGeneralAndAdministrativeExpenses": 274100000, "otherExpenses": 118400000, "operatingExpenses": 392500000, "costAndExpenses": 1640300000, "interestIncome": 0, "interestExpense": 0, "depreciationAndAmortization": 118400000, "ebitda": 246700000, "ebitdaratio": 0.1443703184, "operatingIncome": 68500000, "operatingIncomeRatio": 0.0400866105, "totalOtherIncomeExpensesNet": -59800000, "incomeBeforeTax": -21000000, "incomeBeforeTaxRatio": -0.0122893258, "incomeTaxExpense": -3300000, "netIncome": -272000000, "netIncomeRatio": -0.15917603, "eps": -4.44, "epsdiluted": -4.44, "weightedAverageShsOut": 61261261, "weightedAverageShsOutDil": 61261261, "link": "https://www.sec.gov/Archives/edgar/data/98362/000009836294000002/0000098362-94-000002-index.html", "finalLink": "https://www.sec.gov/Archives/edgar/data/98362/", "calculatedOtherExpenses": 118400000, "calculatedOperatingExpenses": 392500000, "calculatedNetInterest": 0, "calculatedOtherIncome": -89500000, "calculatedIncomeNonControlling": 254300000, "calculatedEbitda": 186900000}, {"date": "1992-12-31", "symbol": "TKR", "reportedCurrency": "USD", "cik": "0000098362", "fillingDate": "1992-12-31", "acceptedDate": "1992-12-30 19:00:00", "calendarYear": "1992", "period": "FY", "revenue": 1642300000, "costOfRevenue": 1182100000, "grossProfit": 460200000, "grossProfitRatio": 0.2802167692, "researchAndDevelopmentExpenses": 0, "generalAndAdministrativeExpenses": 0, "sellingAndMarketingExpenses": 0, "sellingGeneralAndAdministrativeExpenses": 296800000, "otherExpenses": 114400000, "operatingExpenses": 411200000, "costAndExpenses": 1593300000, "interestIncome": 0, "interestExpense": 0, "depreciationAndAmortization": 114400000, "ebitda": 170300000, "ebitdaratio": 0.103696036, "operatingIncome": 49000000, "operatingIncomeRatio": 0.0298362053, "totalOtherIncomeExpensesNet": -6900000, "incomeBeforeTax": 13500000, "incomeBeforeTaxRatio": 0.008220179, "incomeTaxExpense": 9000000, "netIncome": 4500000, "netIncomeRatio": 0.0027400597, "eps": 0.08, "epsdiluted": 0.08, "weightedAverageShsOut": 56250000, "weightedAverageShsOutDil": 56250000, "link": "", "finalLink": "", "calculatedOtherExpenses": 114400000, "calculatedOperatingExpenses": 411200000, "calculatedNetInterest": 0, "calculatedOtherIncome": -35500000, "calculatedIncomeNonControlling": 0, "calculatedEbitda": 163400000}, {"date": "1991-12-31", "symbol": "TKR", "reportedCurrency": "USD", "cik": "0000098362", "fillingDate": "1991-12-31", "acceptedDate": "1991-12-30 19:00:00", "calendarYear": "1991", "period": "FY", "revenue": 1647400000, "costOfRevenue": 1200600000, "grossProfit": 446800000, "grossProfitRatio": 0.2712152483, "researchAndDevelopmentExpenses": 0, "generalAndAdministrativeExpenses": 0, "sellingAndMarketingExpenses": 0, "sellingGeneralAndAdministrativeExpenses": 297700000, "otherExpenses": 109300000, "operatingExpenses": 407000000, "costAndExpenses": 1607600000, "interestIncome": 0, "interestExpense": 0, "depreciationAndAmortization": 109300000, "ebitda": 204200000, "ebitdaratio": 0.1239528955, "operatingIncome": 39800000, "operatingIncomeRatio": 0.0241592813, "totalOtherIncomeExpensesNet": -55100000, "incomeBeforeTax": -42000000, "incomeBeforeTaxRatio": -0.025494719, "incomeTaxExpense": -6300000, "netIncome": -35700000, "netIncomeRatio": -0.0216705111, "eps": -0.61, "epsdiluted": -0.61, "weightedAverageShsOut": 58524590, "weightedAverageShsOutDil": 58524590, "link": "", "finalLink": "", "calculatedOtherExpenses": 109300000, "calculatedOperatingExpenses": 407000000, "calculatedNetInterest": 0, "calculatedOtherIncome": -81800000, "calculatedIncomeNonControlling": 0, "calculatedEbitda": 149100000}, {"date": "1990-12-31", "symbol": "TKR", "reportedCurrency": "USD", "cik": "0000098362", "fillingDate": "1990-12-31", "acceptedDate": "1990-12-30 19:00:00", "calendarYear": "1990", "period": "FY", "revenue": 1701000000, "costOfRevenue": 1182900000, "grossProfit": 518100000, "grossProfitRatio": 0.3045855379, "researchAndDevelopmentExpenses": 0, "generalAndAdministrativeExpenses": 0, "sellingAndMarketingExpenses": 0, "sellingGeneralAndAdministrativeExpenses": 286400000, "otherExpenses": 101300000, "operatingExpenses": 387700000, "costAndExpenses": 1570600000, "interestIncome": 0, "interestExpense": 0, "depreciationAndAmortization": 101300000, "ebitda": 236900000, "ebitdaratio": 0.139271017, "operatingIncome": 130400000, "operatingIncomeRatio": 0.0766607878, "totalOtherIncomeExpensesNet": -5200000, "incomeBeforeTax": 98800000, "incomeBeforeTaxRatio": 0.0580834803, "incomeTaxExpense": 43600000, "netIncome": 55200000, "netIncomeRatio": 0.0324514991, "eps": 0.93, "epsdiluted": 0.93, "weightedAverageShsOut": 59354839, "weightedAverageShsOutDil": 59354839, "link": "", "finalLink": "", "calculatedOtherExpenses": 101300000, "calculatedOperatingExpenses": 387700000, "calculatedNetInterest": 0, "calculatedOtherIncome": -31600000, "calculatedIncomeNonControlling": 0, "calculatedEbitda": 231700000}, {"date": "1989-12-31", "symbol": "TKR", "reportedCurrency": "USD", "cik": "0000098362", "fillingDate": "1989-12-31", "acceptedDate": "1989-12-30 19:00:00", "calendarYear": "1989", "period": "FY", "revenue": 1533000000, "costOfRevenue": 1066100000, "grossProfit": 466900000, "grossProfitRatio": 0.30456621, "researchAndDevelopmentExpenses": 0, "generalAndAdministrativeExpenses": 0, "sellingAndMarketingExpenses": 0, "sellingGeneralAndAdministrativeExpenses": 250700000, "otherExpenses": 91100000, "operatingExpenses": 341800000, "costAndExpenses": 1407900000, "interestIncome": 0, "interestExpense": 0, "depreciationAndAmortization": 91100000, "ebitda": 227700000, "ebitdaratio": 0.1485322896, "operatingIncome": 125100000, "operatingIncomeRatio": 0.0816046967, "totalOtherIncomeExpensesNet": -11500000, "incomeBeforeTax": 96400000, "incomeBeforeTaxRatio": 0.0628832355, "incomeTaxExpense": 41100000, "netIncome": 55300000, "netIncomeRatio": 0.0360730594, "eps": 0.94, "epsdiluted": 0.94, "weightedAverageShsOut": 58829787, "weightedAverageShsOutDil": 58829787, "link": "", "finalLink": "", "calculatedOtherExpenses": 91100000, "calculatedOperatingExpenses": 341800000, "calculatedNetInterest": 0, "calculatedOtherIncome": -28700000, "calculatedIncomeNonControlling": 0, "calculatedEbitda": 216200000}, {"date": "1988-12-31", "symbol": "TKR", "reportedCurrency": "USD", "cik": "0000098362", "fillingDate": "1988-12-31", "acceptedDate": "1988-12-30 19:00:00", "calendarYear": "1988", "period": "FY", "revenue": 1554100000, "costOfRevenue": 1090000000, "grossProfit": 464100000, "grossProfitRatio": 0.2986294318, "researchAndDevelopmentExpenses": 0, "generalAndAdministrativeExpenses": 0, "sellingAndMarketingExpenses": 0, "sellingGeneralAndAdministrativeExpenses": 235100000, "otherExpenses": 88800000, "operatingExpenses": 323900000, "costAndExpenses": 1413900000, "interestIncome": 0, "interestExpense": 0, "depreciationAndAmortization": 88800000, "ebitda": 236500000, "ebitdaratio": 0.1521781095, "operatingIncome": 140200000, "operatingIncomeRatio": 0.090212985, "totalOtherIncomeExpensesNet": -7500000, "incomeBeforeTax": 111900000, "incomeBeforeTaxRatio": 0.0720030886, "incomeTaxExpense": 46000000, "netIncome": 65900000, "netIncomeRatio": 0.0424039637, "eps": 1.17, "epsdiluted": 1.17, "weightedAverageShsOut": 56324786, "weightedAverageShsOutDil": 56324786, "link": "", "finalLink": "", "calculatedOtherExpenses": 88800000, "calculatedOperatingExpenses": 323900000, "calculatedNetInterest": 0, "calculatedOtherIncome": -28300000, "calculatedIncomeNonControlling": 0, "calculatedEbitda": 229000000}, {"date": "1987-12-31", "symbol": "TKR", "reportedCurrency": "USD", "cik": "0000098362", "fillingDate": "1987-12-31", "acceptedDate": "1987-12-30 19:00:00", "calendarYear": "1987", "period": "FY", "revenue": 1230300000, "costOfRevenue": 875200000, "grossProfit": 355100000, "grossProfitRatio": 0.2886287897, "researchAndDevelopmentExpenses": 0, "generalAndAdministrativeExpenses": 0, "sellingAndMarketingExpenses": 0, "sellingGeneralAndAdministrativeExpenses": 222200000, "otherExpenses": 84600000, "operatingExpenses": 306800000, "costAndExpenses": 1182000000, "interestIncome": 0, "interestExpense": 0, "depreciationAndAmortization": 84600000, "ebitda": 133200000, "ebitdaratio": 0.1082662765, "operatingIncome": 48300000, "operatingIncomeRatio": 0.0392587174, "totalOtherIncomeExpensesNet": -300000, "incomeBeforeTax": 22800000, "incomeBeforeTaxRatio": 0.0185320653, "incomeTaxExpense": 12500000, "netIncome": 10300000, "netIncomeRatio": 0.0083719418, "eps": 0.2, "epsdiluted": 0.2, "weightedAverageShsOut": 51500000, "weightedAverageShsOutDil": 51500000, "link": "", "finalLink": "", "calculatedOtherExpenses": 84600000, "calculatedOperatingExpenses": 306800000, "calculatedNetInterest": 0, "calculatedOtherIncome": -25500000, "calculatedIncomeNonControlling": 0, "calculatedEbitda": 132900000}, {"date": "1986-12-31", "symbol": "TKR", "reportedCurrency": "USD", "cik": "0000098362", "fillingDate": "1986-12-31", "acceptedDate": "1986-12-30 19:00:00", "calendarYear": "1986", "period": "FY", "revenue": 1058100000, "costOfRevenue": 787300000, "grossProfit": 270800000, "grossProfitRatio": 0.2559304414, "researchAndDevelopmentExpenses": 0, "generalAndAdministrativeExpenses": 0, "sellingAndMarketingExpenses": 0, "sellingGeneralAndAdministrativeExpenses": 219700000, "otherExpenses": 87600000, "operatingExpenses": 307300000, "costAndExpenses": 1094600000, "interestIncome": 0, "interestExpense": 0, "depreciationAndAmortization": 87600000, "ebitda": 133400000, "ebitdaratio": 0.1260750402, "operatingIncome": -36500000, "operatingIncomeRatio": -0.0344957943, "totalOtherIncomeExpensesNet": -82300000, "incomeBeforeTax": -143900000, "incomeBeforeTaxRatio": -0.1359984879, "incomeTaxExpense": -61200000, "netIncome": -82700000, "netIncomeRatio": -0.0781589642, "eps": -1.68, "epsdiluted": -1.68, "weightedAverageShsOut": 49226190, "weightedAverageShsOutDil": 49226190, "link": "", "finalLink": "", "calculatedOtherExpenses": 87600000, "calculatedOperatingExpenses": 307300000, "calculatedNetInterest": 0, "calculatedOtherIncome": -107400000, "calculatedIncomeNonControlling": 0, "calculatedEbitda": 51100000}, {"date": "1985-12-31", "symbol": "TKR", "reportedCurrency": "USD", "cik": "0000098362", "fillingDate": "1985-12-31", "acceptedDate": "1985-12-30 19:00:00", "calendarYear": "1985", "period": "FY", "revenue": 1090700000, "costOfRevenue": 805900000, "grossProfit": 284800000, "grossProfitRatio": 0.261116714, "researchAndDevelopmentExpenses": 0, "generalAndAdministrativeExpenses": 0, "sellingAndMarketingExpenses": 0, "sellingGeneralAndAdministrativeExpenses": 233100000, "otherExpenses": 77700000, "operatingExpenses": 310800000, "costAndExpenses": 1116700000, "interestIncome": 0, "interestExpense": 0, "depreciationAndAmortization": 77700000, "ebitda": 58500000, "ebitdaratio": 0.0536352801, "operatingIncome": -26000000, "operatingIncomeRatio": -0.0238379023, "totalOtherIncomeExpensesNet": -6800000, "incomeBeforeTax": -34600000, "incomeBeforeTaxRatio": -0.0317227469, "incomeTaxExpense": -27600000, "netIncome": -7000000, "netIncomeRatio": -0.0064178968, "eps": -0.15, "epsdiluted": -0.15, "weightedAverageShsOut": 46666667, "weightedAverageShsOutDil": 46666667, "link": "", "finalLink": "", "calculatedOtherExpenses": 77700000, "calculatedOperatingExpenses": 310800000, "calculatedNetInterest": 0, "calculatedOtherIncome": -8600000, "calculatedIncomeNonControlling": 0, "calculatedEbitda": 51700000}]}