{"originalCurrency": "USD", "convertedCurrency": "USD", "report": [{"date": "2023-12-31", "symbol": "TMDX", "reportedCurrency": "USD", "cik": "0001756262", "fillingDate": "2024-02-27", "acceptedDate": "2024-02-27 16:15:09", "calendarYear": "2023", "period": "FY", "revenue": 241623000, "costOfRevenue": 87630000, "grossProfit": 153993000, "grossProfitRatio": 0.6373275723, "researchAndDevelopmentExpenses": 36055000, "generalAndAdministrativeExpenses": 119553000, "sellingAndMarketingExpenses": -2100000, "sellingGeneralAndAdministrativeExpenses": 117453000, "otherExpenses": 47000, "operatingExpenses": 153508000, "costAndExpenses": 241138000, "interestIncome": 12547000, "interestExpense": 10791000, "depreciationAndAmortization": 8276999, "ebitda": 8762000, "ebitdaratio": 0.0362631041, "operatingIncome": 485000, "operatingIncomeRatio": 0.0020072592, "totalOtherIncomeExpensesNet": -27156000, "incomeBeforeTax": -26671000, "incomeBeforeTaxRatio": -0.1103827036, "incomeTaxExpense": -1643000, "netIncome": -25028000, "netIncomeRatio": -0.1035828543, "eps": -0.77, "epsdiluted": -0.77, "weightedAverageShsOut": 32517372, "weightedAverageShsOutDil": 32517372, "link": "https://www.sec.gov/Archives/edgar/data/1756262/000095017024021155/0000950170-24-021155-index.htm", "finalLink": "https://www.sec.gov/Archives/edgar/data/1756262/000095017024021155/tmdx-20231231.htm", "calculatedOtherExpenses": 0, "calculatedOperatingExpenses": 153508000, "calculatedNetInterest": 1756000, "calculatedOtherIncome": -28912000, "calculatedIncomeNonControlling": 0, "calculatedEbitda": 8761999}, {"date": "2022-12-31", "symbol": "TMDX", "reportedCurrency": "USD", "cik": "0001756262", "fillingDate": "2023-02-27", "acceptedDate": "2023-02-27 16:17:00", "calendarYear": "2022", "period": "FY", "revenue": 93459000, "costOfRevenue": 28187000, "grossProfit": 65272000, "grossProfitRatio": 0.6984025081, "researchAndDevelopmentExpenses": 26812000, "generalAndAdministrativeExpenses": 51688000, "sellingAndMarketingExpenses": 18209000, "sellingGeneralAndAdministrativeExpenses": 69897000, "otherExpenses": -1002000, "operatingExpenses": 96709000, "costAndExpenses": 124896000, "interestIncome": 900000, "interestExpense": 3726000, "depreciationAndAmortization": -1002000, "ebitda": -32439000, "ebitdaratio": -0.3470933778, "operatingIncome": -31437000, "operatingIncomeRatio": -0.336372099, "totalOtherIncomeExpensesNet": -4728000, "incomeBeforeTax": -36165000, "incomeBeforeTaxRatio": -0.3869611273, "incomeTaxExpense": 66000, "netIncome": -36231000, "netIncomeRatio": -0.3876673194, "eps": -1.23, "epsdiluted": -1.23, "weightedAverageShsOut": 29556633, "weightedAverageShsOutDil": 29556633, "link": "https://www.sec.gov/Archives/edgar/data/1756262/000095017023004652/0000950170-23-004652-index.htm", "finalLink": "https://www.sec.gov/Archives/edgar/data/1756262/000095017023004652/tmdx-20221231.htm", "calculatedOtherExpenses": 0, "calculatedOperatingExpenses": 96709000, "calculatedNetInterest": -2826000, "calculatedOtherIncome": -1902000, "calculatedIncomeNonControlling": 0, "calculatedEbitda": -32439000}, {"date": "2021-12-31", "symbol": "TMDX", "reportedCurrency": "USD", "cik": "0001756262", "fillingDate": "2022-03-01", "acceptedDate": "2022-03-01 16:16:41", "calendarYear": "2021", "period": "FY", "revenue": 30262000, "costOfRevenue": 9103000, "grossProfit": 21159000, "grossProfitRatio": 0.6991937083, "researchAndDevelopmentExpenses": 22304000, "generalAndAdministrativeExpenses": 38283000, "sellingAndMarketingExpenses": 8604000, "sellingGeneralAndAdministrativeExpenses": 38283000, "otherExpenses": -877000, "operatingExpenses": 60587000, "costAndExpenses": 69690000, "interestIncome": 100000, "interestExpense": 3874000, "depreciationAndAmortization": -877000, "ebitda": -40305000, "ebitdaratio": -1.3318683497, "operatingIncome": -39428000, "operatingIncomeRatio": -1.3028881105, "totalOtherIncomeExpensesNet": -4751000, "incomeBeforeTax": -44179000, "incomeBeforeTaxRatio": -1.4598836825, "incomeTaxExpense": 36000, "netIncome": -44215000, "netIncomeRatio": -1.4610732932, "eps": -1.6, "epsdiluted": -1.6, "weightedAverageShsOut": 27616839, "weightedAverageShsOutDil": 27616839, "link": "https://www.sec.gov/Archives/edgar/data/1756262/000156459022008045/0001564590-22-008045-index.htm", "finalLink": "https://www.sec.gov/Archives/edgar/data/1756262/000156459022008045/tmdx-10k_20211231.htm", "calculatedOtherExpenses": 0, "calculatedOperatingExpenses": 60587000, "calculatedNetInterest": -3774000, "calculatedOtherIncome": -977000, "calculatedIncomeNonControlling": 0, "calculatedEbitda": -40305000}, {"date": "2020-12-31", "symbol": "TMDX", "reportedCurrency": "USD", "cik": "0001756262", "fillingDate": "2021-03-11", "acceptedDate": "2021-03-11 16:19:02", "calendarYear": "2020", "period": "FY", "revenue": 25639000, "costOfRevenue": 9004000, "grossProfit": 16635000, "grossProfitRatio": 0.6488162565, "researchAndDevelopmentExpenses": 18831000, "generalAndAdministrativeExpenses": 24188000, "sellingAndMarketingExpenses": 931000, "sellingGeneralAndAdministrativeExpenses": 24188000, "otherExpenses": 1653000, "operatingExpenses": 43019000, "costAndExpenses": 52023000, "interestIncome": 700000, "interestExpense": 3985000, "depreciationAndAmortization": 1653000, "ebitda": -24731000, "ebitdaratio": -0.9645852022, "operatingIncome": -26384000, "operatingIncomeRatio": -1.0290572955, "totalOtherIncomeExpensesNet": -2332000, "incomeBeforeTax": -28716000, "incomeBeforeTaxRatio": -1.120012481, "incomeTaxExpense": 32000, "netIncome": -28748000, "netIncomeRatio": -1.1212605796, "eps": -1.16, "epsdiluted": -1.16, "weightedAverageShsOut": 24702764, "weightedAverageShsOutDil": 24702764, "link": "https://www.sec.gov/Archives/edgar/data/1756262/000156459021012527/0001564590-21-012527-index.htm", "finalLink": "https://www.sec.gov/Archives/edgar/data/1756262/000156459021012527/tmdx-10k_20201231.htm", "calculatedOtherExpenses": 0, "calculatedOperatingExpenses": 43019000, "calculatedNetInterest": -3285000, "calculatedOtherIncome": 953000, "calculatedIncomeNonControlling": 0, "calculatedEbitda": -24731000}, {"date": "2019-12-28", "symbol": "TMDX", "reportedCurrency": "USD", "cik": "0001756262", "fillingDate": "2020-03-17", "acceptedDate": "2020-03-17 16:15:07", "calendarYear": "2019", "period": "FY", "revenue": 23604000, "costOfRevenue": 9741000, "grossProfit": 13863000, "grossProfitRatio": 0.5873157092, "researchAndDevelopmentExpenses": 19870000, "generalAndAdministrativeExpenses": 0, "sellingAndMarketingExpenses": 0, "sellingGeneralAndAdministrativeExpenses": 23596000, "otherExpenses": 790000, "operatingExpenses": 43466000, "costAndExpenses": 53207000, "interestIncome": 1000000, "interestExpense": 4353000, "depreciationAndAmortization": 790000, "ebitda": -28813000, "ebitdaratio": -1.2206829351, "operatingIncome": -29603000, "operatingIncomeRatio": -1.2541518387, "totalOtherIncomeExpensesNet": -3904000, "incomeBeforeTax": -33507000, "incomeBeforeTaxRatio": -1.4195475343, "incomeTaxExpense": 40000, "netIncome": -33547000, "netIncomeRatio": -1.4212421623, "eps": -2.36, "epsdiluted": -2.36, "weightedAverageShsOut": 14204787, "weightedAverageShsOutDil": 14204787, "link": "https://www.sec.gov/Archives/edgar/data/1756262/000156459020011409/0001564590-20-011409-index.htm", "finalLink": "https://www.sec.gov/Archives/edgar/data/1756262/000156459020011409/tmdx-10k_20191228.htm", "calculatedOtherExpenses": 0, "calculatedOperatingExpenses": 43466000, "calculatedNetInterest": -3353000, "calculatedOtherIncome": -551000, "calculatedIncomeNonControlling": 0, "calculatedEbitda": -28813000}, {"date": "2018-12-31", "symbol": "TMDX", "reportedCurrency": "USD", "cik": "0001756262", "fillingDate": "2018-12-31", "acceptedDate": "2018-12-30 19:00:00", "calendarYear": "2018", "period": "FY", "revenue": 13017000, "costOfRevenue": 7283000, "grossProfit": 5734000, "grossProfitRatio": 0.4405008835, "researchAndDevelopmentExpenses": 13656000, "generalAndAdministrativeExpenses": 12315000, "sellingAndMarketingExpenses": 1023000, "sellingGeneralAndAdministrativeExpenses": 12315000, "otherExpenses": -213000, "operatingExpenses": 25971000, "costAndExpenses": 33254000, "interestIncome": 0, "interestExpense": 2720000, "depreciationAndAmortization": 769000, "ebitda": -19681000, "ebitdaratio": -1.5119459169, "operatingIncome": -20237000, "operatingIncomeRatio": -1.5546592917, "totalOtherIncomeExpensesNet": -758000, "incomeBeforeTax": -23715000, "incomeBeforeTaxRatio": -1.8218483522, "incomeTaxExpense": 41000, "netIncome": -23756000, "netIncomeRatio": -1.8249980794, "eps": -1.23, "epsdiluted": -1.23, "weightedAverageShsOut": 19246097, "weightedAverageShsOutDil": 19246097, "link": "", "finalLink": "", "calculatedOtherExpenses": 0, "calculatedOperatingExpenses": 25971000, "calculatedNetInterest": -2720000, "calculatedOtherIncome": -758000, "calculatedIncomeNonControlling": 0, "calculatedEbitda": -19468000}, {"date": "2017-12-31", "symbol": "TMDX", "reportedCurrency": "USD", "cik": "0001756262", "fillingDate": "2017-12-31", "acceptedDate": "2017-12-30 19:00:00", "calendarYear": "2017", "period": "FY", "revenue": 7685000, "costOfRevenue": 5548000, "grossProfit": 2137000, "grossProfitRatio": 0.2780741705, "researchAndDevelopmentExpenses": 14957000, "generalAndAdministrativeExpenses": 7606000, "sellingAndMarketingExpenses": 674000, "sellingGeneralAndAdministrativeExpenses": 7606000, "otherExpenses": 548000, "operatingExpenses": 22563000, "costAndExpenses": 28111000, "interestIncome": 0, "interestExpense": 1072000, "depreciationAndAmortization": 630000, "ebitda": -19248000, "ebitdaratio": -2.5046193884, "operatingIncome": -20426000, "operatingIncomeRatio": -2.6579050098, "totalOtherIncomeExpensesNet": 707000, "incomeBeforeTax": -20791000, "incomeBeforeTaxRatio": -2.7054001301, "incomeTaxExpense": 32000, "netIncome": -20823000, "netIncomeRatio": -2.7095640859, "eps": -1.44, "epsdiluted": -1.44, "weightedAverageShsOut": 14478118, "weightedAverageShsOutDil": 14478118, "link": "", "finalLink": "", "calculatedOtherExpenses": 0, "calculatedOperatingExpenses": 22563000, "calculatedNetInterest": -1072000, "calculatedOtherIncome": 707000, "calculatedIncomeNonControlling": 0, "calculatedEbitda": -19796000}, {"date": "2016-12-31", "symbol": "TMDX", "reportedCurrency": "USD", "cik": "0001756262", "fillingDate": "2016-12-31", "acceptedDate": "2016-12-30 19:00:00", "calendarYear": "2016", "period": "FY", "revenue": 6209000, "costOfRevenue": 5443000, "grossProfit": 766000, "grossProfitRatio": 0.1233693026, "researchAndDevelopmentExpenses": 15637000, "generalAndAdministrativeExpenses": 0, "sellingAndMarketingExpenses": 0, "sellingGeneralAndAdministrativeExpenses": 8115000, "otherExpenses": 5000, "operatingExpenses": 23752000, "costAndExpenses": 29195000, "interestIncome": 0, "interestExpense": 979000, "depreciationAndAmortization": 426000, "ebitda": -22555000, "ebitdaratio": -3.6326300531, "operatingIncome": -22986000, "operatingIncomeRatio": -3.7020454179, "totalOtherIncomeExpensesNet": -100000, "incomeBeforeTax": -24065000, "incomeBeforeTaxRatio": -3.8758254147, "incomeTaxExpense": 984000, "netIncome": -24065000, "netIncomeRatio": -3.8758254147, "eps": -1.66, "epsdiluted": -1.66, "weightedAverageShsOut": 14478118, "weightedAverageShsOutDil": 14478118, "link": "", "finalLink": "", "calculatedOtherExpenses": 0, "calculatedOperatingExpenses": 23752000, "calculatedNetInterest": -979000, "calculatedOtherIncome": -100000, "calculatedIncomeNonControlling": -984000, "calculatedEbitda": -22560000}]}