{"originalCurrency": "CNY", "convertedCurrency": "CNY", "report": [{"date": "2023-12-31", "symbol": "TME", "reportedCurrency": "CNY", "cik": "0001744676", "fillingDate": "2024-04-18", "acceptedDate": "2024-04-18 16:30:51", "calendarYear": "2023", "period": "FY", "revenue": 27752000000, "costOfRevenue": 17957000000, "grossProfit": 9795000000, "grossProfitRatio": 0.3529475353, "researchAndDevelopmentExpenses": 2525000000, "generalAndAdministrativeExpenses": 4121000000, "sellingAndMarketingExpenses": 897000000, "sellingGeneralAndAdministrativeExpenses": 5018000000, "otherExpenses": 27000000, "operatingExpenses": 4823000000, "costAndExpenses": 22780000000, "interestIncome": 1052000000, "interestExpense": 124000000, "depreciationAndAmortization": 1004000000, "ebitda": 7182000000, "ebitdaratio": 0.2587921591, "operatingIncome": 6059000000, "operatingIncomeRatio": 0.2183266071, "totalOtherIncomeExpensesNet": 145000000, "incomeBeforeTax": 6045000000, "incomeBeforeTaxRatio": 0.2178221389, "incomeTaxExpense": 825000000, "netIncome": 4920000000, "netIncomeRatio": 0.17728452, "eps": 3.15, "epsdiluted": 3.1, "weightedAverageShsOut": 1587096774, "weightedAverageShsOutDil": 1584193016, "link": "https://www.sec.gov/Archives/edgar/data/1744676/000095017024045593/0000950170-24-045593-index.htm", "finalLink": "https://www.sec.gov/Archives/edgar/data/1744676/000095017024045593/tme-20231231.htm", "calculatedOtherExpenses": -3807000000, "calculatedOperatingExpenses": 3736000000, "calculatedNetInterest": 928000000, "calculatedOtherIncome": -942000000, "calculatedIncomeNonControlling": 300000000, "calculatedEbitda": 7063000000}, {"date": "2022-12-31", "symbol": "TME", "reportedCurrency": "CNY", "cik": "0001744676", "fillingDate": "2023-04-25", "acceptedDate": "2023-04-25 16:32:10", "calendarYear": "2022", "period": "FY", "revenue": 28339000000, "costOfRevenue": 19566000000, "grossProfit": 8773000000, "grossProfitRatio": 0.3095733794, "researchAndDevelopmentExpenses": 2580000000, "generalAndAdministrativeExpenses": 4413000000, "sellingAndMarketingExpenses": 1144000000, "sellingGeneralAndAdministrativeExpenses": 5557000000, "otherExpenses": 516000000, "operatingExpenses": 5557000000, "costAndExpenses": 25123000000, "interestIncome": 711000000, "interestExpense": 108000000, "depreciationAndAmortization": 38000000, "ebitda": 4481000000, "ebitdaratio": 0.1581213169, "operatingIncome": 4443000000, "operatingIncomeRatio": 0.1567804086, "totalOtherIncomeExpensesNet": -70000000, "incomeBeforeTax": 4373000000, "incomeBeforeTaxRatio": 0.1543103144, "incomeTaxExpense": 534000000, "netIncome": 3677000000, "netIncomeRatio": 0.1297505205, "eps": 1.15, "epsdiluted": 1.14, "weightedAverageShsOut": 1601997986, "weightedAverageShsOutDil": 1617253678, "link": "https://www.sec.gov/Archives/edgar/data/1744676/000095017023014459/0000950170-23-014459-index.htm", "finalLink": "https://www.sec.gov/Archives/edgar/data/1744676/000095017023014459/tme-20221231.htm", "calculatedOtherExpenses": -3807000000, "calculatedOperatingExpenses": 4330000000, "calculatedNetInterest": 603000000, "calculatedOtherIncome": -673000000, "calculatedIncomeNonControlling": 162000000, "calculatedEbitda": 4481000000}, {"date": "2021-12-31", "symbol": "TME", "reportedCurrency": "CNY", "cik": "0001744676", "fillingDate": "2022-04-26", "acceptedDate": "2022-04-26 16:04:49", "calendarYear": "2021", "period": "FY", "revenue": 31244000000, "costOfRevenue": 21840000000, "grossProfit": 9404000000, "grossProfitRatio": 0.3009857893, "researchAndDevelopmentExpenses": 2339000000, "generalAndAdministrativeExpenses": 4009000000, "sellingAndMarketingExpenses": 2678000000, "sellingGeneralAndAdministrativeExpenses": 6687000000, "otherExpenses": 553000000, "operatingExpenses": 6687000000, "costAndExpenses": 28527000000, "interestIncome": 530000000, "interestExpense": 121000000, "depreciationAndAmortization": 1001000000, "ebitda": 3753000000, "ebitdaratio": 0.1201190629, "operatingIncome": 2752000000, "operatingIncomeRatio": 0.0880809115, "totalOtherIncomeExpensesNet": 880000000, "incomeBeforeTax": 3632000000, "incomeBeforeTaxRatio": 0.1162463193, "incomeTaxExpense": 417000000, "netIncome": 3029000000, "netIncomeRatio": 0.0969466137, "eps": 1.82, "epsdiluted": 1.8, "weightedAverageShsOut": 1660533588, "weightedAverageShsOutDil": 1681522878, "link": "https://www.sec.gov/Archives/edgar/data/1744676/000119312522120210/0001193125-22-120210-index.htm", "finalLink": "https://www.sec.gov/Archives/edgar/data/1744676/000119312522120210/d242038d20f.htm", "calculatedOtherExpenses": -2374000000, "calculatedOperatingExpenses": 6652000000, "calculatedNetInterest": 409000000, "calculatedOtherIncome": 471000000, "calculatedIncomeNonControlling": 186000000, "calculatedEbitda": 3753000000}, {"date": "2020-12-31", "symbol": "TME", "reportedCurrency": "CNY", "cik": "0001744676", "fillingDate": "2021-04-09", "acceptedDate": "2021-04-09 08:55:25", "calendarYear": "2020", "period": "FY", "revenue": 29153000000, "costOfRevenue": 19851000000, "grossProfit": 9302000000, "grossProfitRatio": 0.3190752238, "researchAndDevelopmentExpenses": 1667000000, "generalAndAdministrativeExpenses": 3101000000, "sellingAndMarketingExpenses": 2475000000, "sellingGeneralAndAdministrativeExpenses": 5576000000, "otherExpenses": 362000000, "operatingExpenses": 5576000000, "costAndExpenses": 25427000000, "interestIncome": 622000000, "interestExpense": 97000000, "depreciationAndAmortization": 19000000, "ebitda": 4729000000, "ebitdaratio": 0.1622131513, "operatingIncome": 4710000000, "operatingIncomeRatio": 0.1615614173, "totalOtherIncomeExpensesNet": -78000000, "incomeBeforeTax": 4632000000, "incomeBeforeTaxRatio": 0.158885878, "incomeTaxExpense": 456000000, "netIncome": 4155000000, "netIncomeRatio": 0.1425239255, "eps": 2.5, "epsdiluted": 2.48, "weightedAverageShsOut": 1656763924, "weightedAverageShsOutDil": 1680230380, "link": "https://www.sec.gov/Archives/edgar/data/1744676/000119312521111096/0001193125-21-111096-index.htm", "finalLink": "https://www.sec.gov/Archives/edgar/data/1744676/000119312521111096/d31001d20f.htm", "calculatedOtherExpenses": -2651000000, "calculatedOperatingExpenses": 4592000000, "calculatedNetInterest": 525000000, "calculatedOtherIncome": -603000000, "calculatedIncomeNonControlling": 21000000, "calculatedEbitda": 4729000000}, {"date": "2019-12-31", "symbol": "TME", "reportedCurrency": "CNY", "cik": "0001744676", "fillingDate": "2020-03-25", "acceptedDate": "2020-03-25 07:02:32", "calendarYear": "2019", "period": "FY", "revenue": 25434000000, "costOfRevenue": 16761000000, "grossProfit": 8673000000, "grossProfitRatio": 0.3410002359, "researchAndDevelopmentExpenses": 1159000000, "generalAndAdministrativeExpenses": 2703000000, "sellingAndMarketingExpenses": 2041000000, "sellingGeneralAndAdministrativeExpenses": 4744000000, "otherExpenses": 78000000, "operatingExpenses": 4744000000, "costAndExpenses": 21505000000, "interestIncome": 615000000, "interestExpense": 64000000, "depreciationAndAmortization": -18000000, "ebitda": 4604000000, "ebitdaratio": 0.1810175356, "operatingIncome": 4622000000, "operatingIncomeRatio": 0.1817252497, "totalOtherIncomeExpensesNet": -82000000, "incomeBeforeTax": 4540000000, "incomeBeforeTaxRatio": 0.1785012188, "incomeTaxExpense": 563000000, "netIncome": 3982000000, "netIncomeRatio": 0.1565620823, "eps": 2.43, "epsdiluted": 2.38, "weightedAverageShsOut": 1636377202, "weightedAverageShsOutDil": 1673786169, "link": "https://www.sec.gov/Archives/edgar/data/1744676/000156459020012674/0001564590-20-012674-index.htm", "finalLink": "https://www.sec.gov/Archives/edgar/data/1744676/000156459020012674/tme-20f_20191231.htm", "calculatedOtherExpenses": -1852000000, "calculatedOperatingExpenses": 4051000000, "calculatedNetInterest": 551000000, "calculatedOtherIncome": -633000000, "calculatedIncomeNonControlling": -5000000, "calculatedEbitda": 4604000000}, {"date": "2018-12-31", "symbol": "TME", "reportedCurrency": "CNY", "cik": "0001744676", "fillingDate": "2019-04-19", "acceptedDate": "2019-04-19 07:12:45", "calendarYear": "2018", "period": "FY", "revenue": 18985000000, "costOfRevenue": 11708000000, "grossProfit": 7277000000, "grossProfitRatio": 0.3833026073, "researchAndDevelopmentExpenses": 0, "generalAndAdministrativeExpenses": 2258000000, "sellingAndMarketingExpenses": 1714000000, "sellingGeneralAndAdministrativeExpenses": 3972000000, "otherExpenses": -1583000000, "operatingExpenses": 3972000000, "costAndExpenses": 15680000000, "interestIncome": 282000000, "interestExpense": 0, "depreciationAndAmortization": 369000000, "ebitda": 3305000000, "ebitdaratio": 0.1740848038, "operatingIncome": 2039000000, "operatingIncomeRatio": 0.1074005794, "totalOtherIncomeExpensesNet": -1584000000, "incomeBeforeTax": 2003000000, "incomeBeforeTaxRatio": 0.1055043455, "incomeTaxExpense": 171000000, "netIncome": 1833000000, "netIncomeRatio": 0.0965499078, "eps": 1.19, "epsdiluted": 1.16, "weightedAverageShsOut": 1538157335, "weightedAverageShsOutDil": 1579610444, "link": "https://www.sec.gov/Archives/edgar/data/1744676/000156459019012066/0001564590-19-012066-index.htm", "finalLink": "https://www.sec.gov/Archives/edgar/data/1744676/000156459019012066/tme-20f_20181231.htm", "calculatedOtherExpenses": 1266000000, "calculatedOperatingExpenses": 5238000000, "calculatedNetInterest": 282000000, "calculatedOtherIncome": -318000000, "calculatedIncomeNonControlling": -1000000, "calculatedEbitda": 2408000000}, {"date": "2017-12-31", "symbol": "TME", "reportedCurrency": "CNY", "cik": "0001744676", "fillingDate": "2017-12-31", "acceptedDate": "2017-12-30 19:00:00", "calendarYear": "2017", "period": "FY", "revenue": 10981000000, "costOfRevenue": 7171000000, "grossProfit": 3810000000, "grossProfitRatio": 0.346962936, "researchAndDevelopmentExpenses": 0, "generalAndAdministrativeExpenses": 1521000000, "sellingAndMarketingExpenses": 913000000, "sellingGeneralAndAdministrativeExpenses": 2434000000, "otherExpenses": 6000000, "operatingExpenses": 2404000000, "costAndExpenses": 9575000000, "interestIncome": 93000000, "interestExpense": 0, "depreciationAndAmortization": 379000000, "ebitda": 1697000000, "ebitdaratio": 0.1545396594, "operatingIncome": 1593000000, "operatingIncomeRatio": 0.1450687551, "totalOtherIncomeExpensesNet": 98000000, "incomeBeforeTax": 1597000000, "incomeBeforeTaxRatio": 0.1454330207, "incomeTaxExpense": 278000000, "netIncome": 1326000000, "netIncomeRatio": 0.1207540297, "eps": 0.82, "epsdiluted": 0.81, "weightedAverageShsOut": 1624827824, "weightedAverageShsOutDil": 1636429457, "link": "", "finalLink": "", "calculatedOtherExpenses": -217000000, "calculatedOperatingExpenses": 2217000000, "calculatedNetInterest": 93000000, "calculatedOtherIncome": -89000000, "calculatedIncomeNonControlling": -7000000, "calculatedEbitda": 1972000000}, {"date": "2016-12-31", "symbol": "TME", "reportedCurrency": "CNY", "cik": "0001744676", "fillingDate": "2016-12-31", "acceptedDate": "2016-12-30 19:00:00", "calendarYear": "2016", "period": "FY", "revenue": 4361000000, "costOfRevenue": 3129000000, "grossProfit": 1232000000, "grossProfitRatio": 0.2825040128, "researchAndDevelopmentExpenses": 0, "generalAndAdministrativeExpenses": 783000000, "sellingAndMarketingExpenses": 365000000, "sellingGeneralAndAdministrativeExpenses": 1148000000, "otherExpenses": 1000000, "operatingExpenses": 1139000000, "costAndExpenses": 4268000000, "interestIncome": 32000000, "interestExpense": 0, "depreciationAndAmortization": 236000000, "ebitda": 352000000, "ebitdaratio": 0.0807154322, "operatingIncome": 103000000, "operatingIncomeRatio": 0.0236184361, "totalOtherIncomeExpensesNet": -11000000, "incomeBeforeTax": 114000000, "incomeBeforeTaxRatio": 0.0261407934, "incomeTaxExpense": 29000000, "netIncome": 82000000, "netIncomeRatio": 0.0188030268, "eps": 0.0505, "epsdiluted": 0.0501, "weightedAverageShsOut": 1624827824, "weightedAverageShsOutDil": 1636429457, "link": "", "finalLink": "", "calculatedOtherExpenses": -19000000, "calculatedOperatingExpenses": 1129000000, "calculatedNetInterest": 32000000, "calculatedOtherIncome": -21000000, "calculatedIncomeNonControlling": 3000000, "calculatedEbitda": 339000000}]}