{"originalCurrency": "USD", "convertedCurrency": "USD", "report": [{"date": "2023-12-31", "symbol": "TMHC", "reportedCurrency": "USD", "cik": "0001562476", "fillingDate": "2024-02-21", "acceptedDate": "2024-02-21 15:26:24", "calendarYear": "2023", "period": "FY", "revenue": 7417831000, "costOfRevenue": 5634758000, "grossProfit": 1783073000, "grossProfitRatio": 0.2403766007, "researchAndDevelopmentExpenses": 0, "generalAndAdministrativeExpenses": 280573000, "sellingAndMarketingExpenses": 418134000, "sellingGeneralAndAdministrativeExpenses": 698707000, "otherExpenses": -87567000, "operatingExpenses": 698707000, "costAndExpenses": 6333465000, "interestIncome": 12577000, "interestExpense": -12577000, "depreciationAndAmortization": 8976000, "ebitda": 1093342000, "ebitdaratio": 0.1473937597, "operatingIncome": 1084366000, "operatingIncomeRatio": 0.1461837025, "totalOtherIncomeExpensesNet": -66528000, "incomeBeforeTax": 1017838000, "incomeBeforeTaxRatio": 0.137215043, "incomeTaxExpense": 248097000, "netIncome": 768929000, "netIncomeRatio": 0.1036595468, "eps": 7.09, "epsdiluted": 6.98, "weightedAverageShsOut": 108424000, "weightedAverageShsOutDil": 110145000, "link": "https://www.sec.gov/Archives/edgar/data/1562476/000095017024017842/0000950170-24-017842-index.htm", "finalLink": "https://www.sec.gov/Archives/edgar/data/1562476/000095017024017842/tmhc-20231231.htm", "calculatedOtherExpenses": 0, "calculatedOperatingExpenses": 698707000, "calculatedNetInterest": 25154000, "calculatedOtherIncome": -91682000, "calculatedIncomeNonControlling": 812000, "calculatedEbitda": 1093342000}, {"date": "2022-12-31", "symbol": "TMHC", "reportedCurrency": "USD", "cik": "0001562476", "fillingDate": "2023-02-22", "acceptedDate": "2023-02-22 15:31:35", "calendarYear": "2022", "period": "FY", "revenue": 8224917000, "costOfRevenue": 6132551000, "grossProfit": 2092366000, "grossProfitRatio": 0.2543935702, "researchAndDevelopmentExpenses": 0, "generalAndAdministrativeExpenses": 245138000, "sellingAndMarketingExpenses": 398074000, "sellingGeneralAndAdministrativeExpenses": 643212000, "otherExpenses": -38497000, "operatingExpenses": 643212000, "costAndExpenses": 6775763000, "interestIncome": 17674000, "interestExpense": 17674000, "depreciationAndAmortization": 33839000, "ebitda": 1396473000, "ebitdaratio": 0.1697856647, "operatingIncome": 1362634000, "operatingIncomeRatio": 0.1656714591, "totalOtherIncomeExpensesNet": 30041000, "incomeBeforeTax": 1392675000, "incomeBeforeTaxRatio": 0.1693238971, "incomeTaxExpense": 336428000, "netIncome": 1052800000, "netIncomeRatio": 0.1280012917, "eps": 9.16, "epsdiluted": 9.06, "weightedAverageShsOut": 114982000, "weightedAverageShsOutDil": 116221000, "link": "https://www.sec.gov/Archives/edgar/data/1562476/000162828023004524/0001628280-23-004524-index.htm", "finalLink": "https://www.sec.gov/Archives/edgar/data/1562476/000162828023004524/tmhc-20221231.htm", "calculatedOtherExpenses": 86520000, "calculatedOperatingExpenses": 729732000, "calculatedNetInterest": 0, "calculatedOtherIncome": 30041000, "calculatedIncomeNonControlling": 3447000, "calculatedEbitda": 1396473000}, {"date": "2021-12-31", "symbol": "TMHC", "reportedCurrency": "USD", "cik": "0001562476", "fillingDate": "2022-02-23", "acceptedDate": "2022-02-23 13:24:49", "calendarYear": "2021", "period": "FY", "revenue": 7501265000, "costOfRevenue": 5953384000, "grossProfit": 1547881000, "grossProfitRatio": 0.2063493291, "researchAndDevelopmentExpenses": 0, "generalAndAdministrativeExpenses": 267966000, "sellingAndMarketingExpenses": 400376000, "sellingGeneralAndAdministrativeExpenses": 668342000, "otherExpenses": -23769000, "operatingExpenses": 668342000, "costAndExpenses": 6621726000, "interestIncome": 3792000, "interestExpense": 3792000, "depreciationAndAmortization": 39980000, "ebitda": 866900000, "ebitdaratio": 0.1155671743, "operatingIncome": 826920000, "operatingIncomeRatio": 0.1102374066, "totalOtherIncomeExpensesNet": 36188000, "incomeBeforeTax": 863108000, "incomeBeforeTaxRatio": 0.1150616596, "incomeTaxExpense": 180741000, "netIncome": 663026000, "netIncomeRatio": 0.0883885585, "eps": 5.26, "epsdiluted": 5.18, "weightedAverageShsOut": 126077000, "weightedAverageShsOutDil": 128019000, "link": "https://www.sec.gov/Archives/edgar/data/1562476/000162828022003466/0001628280-22-003466-index.htm", "finalLink": "https://www.sec.gov/Archives/edgar/data/1562476/000162828022003466/tmhc-20211231.htm", "calculatedOtherExpenses": 52619000, "calculatedOperatingExpenses": 720961000, "calculatedNetInterest": 0, "calculatedOtherIncome": 36188000, "calculatedIncomeNonControlling": 19341000, "calculatedEbitda": 866900000}, {"date": "2020-12-31", "symbol": "TMHC", "reportedCurrency": "USD", "cik": "0001562476", "fillingDate": "2021-02-24", "acceptedDate": "2021-02-24 15:42:22", "calendarYear": "2020", "period": "FY", "revenue": 6129320000, "costOfRevenue": 5085101000, "grossProfit": 1044219000, "grossProfitRatio": 0.1703645755, "researchAndDevelopmentExpenses": 0, "generalAndAdministrativeExpenses": 194879000, "sellingAndMarketingExpenses": 377496000, "sellingGeneralAndAdministrativeExpenses": 572375000, "otherExpenses": -23092000, "operatingExpenses": 572375000, "costAndExpenses": 5657476000, "interestIncome": 1606000, "interestExpense": 163780000, "depreciationAndAmortization": 37336000, "ebitda": 609261000, "ebitdaratio": 0.0994010755, "operatingIncome": 571925000, "operatingIncomeRatio": 0.0933096983, "totalOtherIncomeExpensesNet": -247808000, "incomeBeforeTax": 324117000, "incomeBeforeTaxRatio": 0.0528797648, "incomeTaxExpense": 74590000, "netIncome": 243439000, "netIncomeRatio": 0.0397171301, "eps": 1.9, "epsdiluted": 1.88, "weightedAverageShsOut": 127812000, "weightedAverageShsOutDil": 129169999, "link": "https://www.sec.gov/Archives/edgar/data/1562476/000162828021003044/0001628280-21-003044-index.htm", "finalLink": "https://www.sec.gov/Archives/edgar/data/1562476/000162828021003044/tmhc-20201231.htm", "calculatedOtherExpenses": -100081000, "calculatedOperatingExpenses": 472294000, "calculatedNetInterest": -162174000, "calculatedOtherIncome": -85634000, "calculatedIncomeNonControlling": 6088000, "calculatedEbitda": 609261000}, {"date": "2019-12-31", "symbol": "TMHC", "reportedCurrency": "USD", "cik": "0001562476", "fillingDate": "2020-02-19", "acceptedDate": "2020-02-19 16:48:59", "calendarYear": "2019", "period": "FY", "revenue": 4762059000, "costOfRevenue": 3937969000, "grossProfit": 824090000, "grossProfitRatio": 0.1730532948, "researchAndDevelopmentExpenses": 0, "generalAndAdministrativeExpenses": 169851000, "sellingAndMarketingExpenses": 320420000, "sellingGeneralAndAdministrativeExpenses": 490271000, "otherExpenses": -7226000, "operatingExpenses": 490271000, "costAndExpenses": 4428240000, "interestIncome": 2673000, "interestExpense": 115593000, "depreciationAndAmortization": 31424000, "ebitda": 350322000, "ebitdaratio": 0.0735652372, "operatingIncome": 318898000, "operatingIncomeRatio": 0.066966411, "totalOtherIncomeExpensesNet": 3374000, "incomeBeforeTax": 322272000, "incomeBeforeTaxRatio": 0.067674928, "incomeTaxExpense": 67358000, "netIncome": 254652000, "netIncomeRatio": 0.0534751879, "eps": 2.38, "epsdiluted": 2.35, "weightedAverageShsOut": 106997000, "weightedAverageShsOutDil": 108289000, "link": "https://www.sec.gov/Archives/edgar/data/1562476/000162828020001799/0001628280-20-001799-index.htm", "finalLink": "https://www.sec.gov/Archives/edgar/data/1562476/000162828020001799/tmhc-123119x10k.htm", "calculatedOtherExpenses": 14921000, "calculatedOperatingExpenses": 505192000, "calculatedNetInterest": -112920000, "calculatedOtherIncome": 116294000, "calculatedIncomeNonControlling": 262000, "calculatedEbitda": 350322000}, {"date": "2018-12-31", "symbol": "TMHC", "reportedCurrency": "USD", "cik": "0001562476", "fillingDate": "2019-02-20", "acceptedDate": "2019-02-20 14:19:48", "calendarYear": "2018", "period": "FY", "revenue": 4227393000, "costOfRevenue": 3489200000, "grossProfit": 738193000, "grossProfitRatio": 0.1746213328, "researchAndDevelopmentExpenses": 0, "generalAndAdministrativeExpenses": 138488000, "sellingAndMarketingExpenses": 278455000, "sellingGeneralAndAdministrativeExpenses": 416943000, "otherExpenses": -11816000, "operatingExpenses": 416943000, "costAndExpenses": 3906143000, "interestIncome": 1639000, "interestExpense": 0, "depreciationAndAmortization": 26391000, "ebitda": 372139000, "ebitdaratio": 0.0880303771, "operatingIncome": 321250000, "operatingIncomeRatio": 0.0759924615, "totalOtherIncomeExpensesNet": -49373000, "incomeBeforeTax": 273516000, "incomeBeforeTaxRatio": 0.0647008688, "incomeTaxExpense": 63036000, "netIncome": 206364000, "netIncomeRatio": 0.0488159014, "eps": 1.85, "epsdiluted": 1.79, "weightedAverageShsOut": 111743000, "weightedAverageShsOutDil": 115119000, "link": "https://www.sec.gov/Archives/edgar/data/1562476/000162828019001592/0001628280-19-001592-index.htm", "finalLink": "https://www.sec.gov/Archives/edgar/data/1562476/000162828019001592/tmhc-123118x10k.htm", "calculatedOtherExpenses": 0, "calculatedOperatingExpenses": 416943000, "calculatedNetInterest": 1639000, "calculatedOtherIncome": -49373000, "calculatedIncomeNonControlling": 4116000, "calculatedEbitda": 347641000}, {"date": "2017-12-31", "symbol": "TMHC", "reportedCurrency": "USD", "cik": "0001562476", "fillingDate": "2018-02-21", "acceptedDate": "2018-02-21 15:48:07", "calendarYear": "2017", "period": "FY", "revenue": 3885290000, "costOfRevenue": 3146361000, "grossProfit": 738929000, "grossProfitRatio": 0.1901863181, "researchAndDevelopmentExpenses": 0, "generalAndAdministrativeExpenses": 130777000, "sellingAndMarketingExpenses": 259663000, "sellingGeneralAndAdministrativeExpenses": 390440000, "otherExpenses": -2256000, "operatingExpenses": 390440000, "costAndExpenses": 3536801000, "interestIncome": 577000, "interestExpense": 0, "depreciationAndAmortization": 3953000, "ebitda": 348489000, "ebitdaratio": 0.089694463, "operatingIncome": 348489000, "operatingIncomeRatio": 0.089694463, "totalOtherIncomeExpensesNet": 6590000, "incomeBeforeTax": 355656000, "incomeBeforeTaxRatio": 0.0915391129, "incomeTaxExpense": 179006000, "netIncome": 91220000, "netIncomeRatio": 0.0234782989, "eps": 1.47, "epsdiluted": 1.47, "weightedAverageShsOut": 62061000, "weightedAverageShsOutDil": 120915000, "link": "https://www.sec.gov/Archives/edgar/data/1562476/000162828018001960/0001628280-18-001960-index.htm", "finalLink": "https://www.sec.gov/Archives/edgar/data/1562476/000162828018001960/tmhc-123117x10k.htm", "calculatedOtherExpenses": 0, "calculatedOperatingExpenses": 390440000, "calculatedNetInterest": 577000, "calculatedOtherIncome": 6590000, "calculatedIncomeNonControlling": 85430000, "calculatedEbitda": 352442000}, {"date": "2016-12-31", "symbol": "TMHC", "reportedCurrency": "USD", "cik": "0001562476", "fillingDate": "2017-02-21", "acceptedDate": "2017-02-21 13:39:09", "calendarYear": "2016", "period": "FY", "revenue": 3550029000, "costOfRevenue": 2869750000, "grossProfit": 680279000, "grossProfitRatio": 0.1916263219, "researchAndDevelopmentExpenses": 0, "generalAndAdministrativeExpenses": 122207000, "sellingAndMarketingExpenses": 239556000, "sellingGeneralAndAdministrativeExpenses": 361763000, "otherExpenses": -11947000, "operatingExpenses": 361763000, "costAndExpenses": 3231513000, "interestIncome": 184000, "interestExpense": -184000, "depreciationAndAmortization": 3972000, "ebitda": 318516000, "ebitdaratio": 0.089722084, "operatingIncome": 318516000, "operatingIncomeRatio": 0.089722084, "totalOtherIncomeExpensesNet": -4494000, "incomeBeforeTax": 314206000, "incomeBeforeTaxRatio": 0.0885080094, "incomeTaxExpense": 107643000, "netIncome": 52616000, "netIncomeRatio": 0.0148212874, "eps": 1.69, "epsdiluted": 1.69, "weightedAverageShsOut": 31084000, "weightedAverageShsOutDil": 120832000, "link": "https://www.sec.gov/Archives/edgar/data/1562476/000162828017001498/0001628280-17-001498-index.htm", "finalLink": "https://www.sec.gov/Archives/edgar/data/1562476/000162828017001498/tmhc-123116x10k.htm", "calculatedOtherExpenses": 0, "calculatedOperatingExpenses": 361763000, "calculatedNetInterest": 368000, "calculatedOtherIncome": -4678000, "calculatedIncomeNonControlling": 153947000, "calculatedEbitda": 322488000}, {"date": "2015-12-31", "symbol": "TMHC", "reportedCurrency": "USD", "cik": "0001562476", "fillingDate": "2016-02-25", "acceptedDate": "2016-02-25 16:40:20", "calendarYear": "2015", "period": "FY", "revenue": 2976820000, "costOfRevenue": 2408905000, "grossProfit": 567915000, "grossProfitRatio": 0.1907790864, "researchAndDevelopmentExpenses": 0, "generalAndAdministrativeExpenses": 95235000, "sellingAndMarketingExpenses": 198676000, "sellingGeneralAndAdministrativeExpenses": 293911000, "otherExpenses": -11634000, "operatingExpenses": 293911000, "costAndExpenses": 2702816000, "interestIncome": 192000, "interestExpense": -192000, "depreciationAndAmortization": 4107000, "ebitda": 277338000, "ebitdaratio": 0.0931658616, "operatingIncome": 274004000, "operatingIncomeRatio": 0.0920458745, "totalOtherIncomeExpensesNet": -13209000, "incomeBeforeTax": 260987000, "incomeBeforeTaxRatio": 0.0876730874, "incomeTaxExpense": 90001000, "netIncome": 61049000, "netIncomeRatio": 0.0205081261, "eps": 1.85, "epsdiluted": 1.85, "weightedAverageShsOut": 33063000, "weightedAverageShsOutDil": 122384000, "link": "https://www.sec.gov/Archives/edgar/data/1562476/000156247616000005/0001562476-16-000005-index.htm", "finalLink": "https://www.sec.gov/Archives/edgar/data/1562476/000156247616000005/tmhc-123115x10k.htm", "calculatedOtherExpenses": 0, "calculatedOperatingExpenses": 293911000, "calculatedNetInterest": 384000, "calculatedOtherIncome": -13401000, "calculatedIncomeNonControlling": 109937000, "calculatedEbitda": 278111000}, {"date": "2014-12-31", "symbol": "TMHC", "reportedCurrency": "USD", "cik": "0001562476", "fillingDate": "2015-02-27", "acceptedDate": "2015-02-27 16:50:22", "calendarYear": "2014", "period": "FY", "revenue": 2708432000, "costOfRevenue": 2142186000, "grossProfit": 566246000, "grossProfitRatio": 0.2090678297, "researchAndDevelopmentExpenses": 0, "generalAndAdministrativeExpenses": 81153000, "sellingAndMarketingExpenses": 168897000, "sellingGeneralAndAdministrativeExpenses": 250050000, "otherExpenses": -18447000, "operatingExpenses": 250050000, "costAndExpenses": 2392236000, "interestIncome": -1160000, "interestExpense": 1160000, "depreciationAndAmortization": 4090000, "ebitda": 316196000, "ebitdaratio": 0.1167450392, "operatingIncome": 316196000, "operatingIncomeRatio": 0.1167450392, "totalOtherIncomeExpensesNet": -13042000, "incomeBeforeTax": 301994000, "incomeBeforeTaxRatio": 0.1115014148, "incomeTaxExpense": 76395000, "netIncome": 71469000, "netIncomeRatio": 0.0263875925, "eps": 2.17, "epsdiluted": 2.17, "weightedAverageShsOut": 32937000, "weightedAverageShsOutDil": 122313000, "link": "https://www.sec.gov/Archives/edgar/data/1562476/000119312515070090/0001193125-15-070090-index.htm", "finalLink": "https://www.sec.gov/Archives/edgar/data/1562476/000119312515070090/d839495d10k.htm", "calculatedOtherExpenses": 0, "calculatedOperatingExpenses": 250050000, "calculatedNetInterest": -2320000, "calculatedOtherIncome": -11882000, "calculatedIncomeNonControlling": 154130000, "calculatedEbitda": 320286000}, {"date": "2013-12-31", "symbol": "TMHC", "reportedCurrency": "USD", "cik": "0001562476", "fillingDate": "2014-02-24", "acceptedDate": "2014-02-24 17:26:52", "calendarYear": "2013", "period": "FY", "revenue": 2323237000, "costOfRevenue": 1817948000, "grossProfit": 505289000, "grossProfitRatio": 0.217493523, "researchAndDevelopmentExpenses": 0, "generalAndAdministrativeExpenses": 90743000, "sellingAndMarketingExpenses": 142848000, "sellingGeneralAndAdministrativeExpenses": 233591000, "otherExpenses": -2541000, "operatingExpenses": 233591000, "costAndExpenses": 2051539000, "interestIncome": 476000, "interestExpense": -476000, "depreciationAndAmortization": 3462000, "ebitda": 480958000, "ebitdaratio": 0.2070206354, "operatingIncome": 271698000, "operatingIncomeRatio": 0.1169480341, "totalOtherIncomeExpensesNet": -174238000, "incomeBeforeTax": 97936000, "incomeBeforeTaxRatio": 0.042154976, "incomeTaxExpense": 3068000, "netIncome": 45420000, "netIncomeRatio": 0.0195503085, "eps": 1.38, "epsdiluted": 1.38, "weightedAverageShsOut": 32840000, "weightedAverageShsOutDil": 122319000, "link": "https://www.sec.gov/Archives/edgar/data/1562476/000119312514065264/0001193125-14-065264-index.htm", "finalLink": "https://www.sec.gov/Archives/edgar/data/1562476/000119312514065264/d640184d10k.htm", "calculatedOtherExpenses": 0, "calculatedOperatingExpenses": 233591000, "calculatedNetInterest": 952000, "calculatedOtherIncome": -174714000, "calculatedIncomeNonControlling": 49448000, "calculatedEbitda": 275160000}, {"date": "2012-12-31", "symbol": "TMHC", "reportedCurrency": "USD", "cik": "0001562476", "fillingDate": "2012-12-31", "acceptedDate": "2012-12-30 19:00:00", "calendarYear": "2012", "period": "FY", "revenue": 1435721000, "costOfRevenue": 1124675000, "grossProfit": 311046000, "grossProfitRatio": 0.216647942, "researchAndDevelopmentExpenses": 0, "generalAndAdministrativeExpenses": 60444000, "sellingAndMarketingExpenses": 80907000, "sellingGeneralAndAdministrativeExpenses": 141351000, "otherExpenses": -3567000, "operatingExpenses": 141351000, "costAndExpenses": 1266026000, "interestIncome": 2446000, "interestExpense": 0, "depreciationAndAmortization": 4370000, "ebitda": 195052000, "ebitdaratio": 0.1358564791, "operatingIncome": 169695000, "operatingIncomeRatio": 0.1181949696, "totalOtherIncomeExpensesNet": -1590000, "incomeBeforeTax": 170551000, "incomeBeforeTaxRatio": 0.1187911858, "incomeTaxExpense": -260297000, "netIncome": 430820000, "netIncomeRatio": 0.3000722285, "eps": 0.6, "epsdiluted": 0.6, "weightedAverageShsOut": 122308964, "weightedAverageShsOutDil": 122308964, "link": "", "finalLink": "", "calculatedOtherExpenses": 0, "calculatedOperatingExpenses": 141351000, "calculatedNetInterest": 2446000, "calculatedOtherIncome": -1590000, "calculatedIncomeNonControlling": 28000, "calculatedEbitda": 174065000}, {"date": "2011-12-31", "symbol": "TMHC", "reportedCurrency": "USD", "cik": "0001562476", "fillingDate": "2011-12-31", "acceptedDate": "2011-12-30 19:00:00", "calendarYear": "2011", "period": "FY", "revenue": 1370187000, "costOfRevenue": 1090454000, "grossProfit": 279733000, "grossProfitRatio": 0.2041568049, "researchAndDevelopmentExpenses": 0, "generalAndAdministrativeExpenses": 68626000, "sellingAndMarketingExpenses": 76442000, "sellingGeneralAndAdministrativeExpenses": 145068000, "otherExpenses": 8350000, "operatingExpenses": 145068000, "costAndExpenses": 1235522000, "interestIncome": 2926000, "interestExpense": 0, "depreciationAndAmortization": 4219000, "ebitda": 191176000, "ebitdaratio": 0.1395254808, "operatingIncome": 134665000, "operatingIncomeRatio": 0.0982822053, "totalOtherIncomeExpensesNet": -35892000, "incomeBeforeTax": 101699000, "incomeBeforeTaxRatio": 0.0742227156, "incomeTaxExpense": 24912000, "netIncome": 71487000, "netIncomeRatio": 0.0521731705, "eps": 0.0989, "epsdiluted": 0.0989, "weightedAverageShsOut": 723181000, "weightedAverageShsOutDil": 723181000, "link": "", "finalLink": "", "calculatedOtherExpenses": 0, "calculatedOperatingExpenses": 145068000, "calculatedNetInterest": 2926000, "calculatedOtherIncome": -35892000, "calculatedIncomeNonControlling": 5300000, "calculatedEbitda": 138884000}, {"date": "2010-12-31", "symbol": "TMHC", "reportedCurrency": "USD", "cik": "0001562476", "fillingDate": "2010-12-31", "acceptedDate": "2010-12-30 19:00:00", "calendarYear": "2010", "period": "FY", "revenue": 1297867000, "costOfRevenue": 1020500000, "grossProfit": 277367000, "grossProfitRatio": 0.2137098794, "researchAndDevelopmentExpenses": 0, "generalAndAdministrativeExpenses": 66232000, "sellingAndMarketingExpenses": 85141000, "sellingGeneralAndAdministrativeExpenses": 151373000, "otherExpenses": -2351000, "operatingExpenses": 151373000, "costAndExpenses": 1171873000, "interestIncome": -40238000, "interestExpense": 0, "depreciationAndAmortization": 3242000, "ebitda": 129236000, "ebitdaratio": 0.0995756884, "operatingIncome": 125994000, "operatingIncomeRatio": 0.0970777437, "totalOtherIncomeExpensesNet": 2968000, "incomeBeforeTax": 88724000, "incomeBeforeTaxRatio": 0.068361396, "incomeTaxExpense": -1878000, "netIncome": 87367000, "netIncomeRatio": 0.0673158344, "eps": 0.12, "epsdiluted": 0.12, "weightedAverageShsOut": 723181000, "weightedAverageShsOutDil": 723181000, "link": "", "finalLink": "", "calculatedOtherExpenses": 0, "calculatedOperatingExpenses": 151373000, "calculatedNetInterest": -40238000, "calculatedOtherIncome": 2968000, "calculatedIncomeNonControlling": 3235000, "calculatedEbitda": 129236000}]}