{"originalCurrency": "USD", "convertedCurrency": "USD", "report": [{"date": "2023-12-31", "symbol": "TMO", "reportedCurrency": "USD", "cik": "0000097745", "fillingDate": "2024-02-22", "acceptedDate": "2024-02-22 13:06:42", "calendarYear": "2023", "period": "FY", "revenue": 42857000000, "costOfRevenue": 27633000000, "grossProfit": 15224000000, "grossProfitRatio": 0.3552278508, "researchAndDevelopmentExpenses": 1337000000, "generalAndAdministrativeExpenses": 0, "sellingAndMarketingExpenses": 0, "sellingGeneralAndAdministrativeExpenses": 6569000000, "otherExpenses": -65000000, "operatingExpenses": 7906000000, "costAndExpenses": 35539000000, "interestIncome": 879000000, "interestExpense": 1375000000, "depreciationAndAmortization": 3406000000, "ebitda": 10724000000, "ebitdaratio": 0.2502275008, "operatingIncome": 7318000000, "operatingIncomeRatio": 0.1707539025, "totalOtherIncomeExpensesNet": -1020000000, "incomeBeforeTax": 6298000000, "incomeBeforeTaxRatio": 0.1469538232, "incomeTaxExpense": 284000000, "netIncome": 5995000000, "netIncomeRatio": 0.1398837996, "eps": 15.53, "epsdiluted": 15.45, "weightedAverageShsOut": 386000000, "weightedAverageShsOutDil": 388000000, "link": "https://www.sec.gov/Archives/edgar/data/97745/000009774524000007/0000097745-24-000007-index.htm", "finalLink": "https://www.sec.gov/Archives/edgar/data/97745/000009774524000007/tmo-20231231.htm", "calculatedOtherExpenses": 0, "calculatedOperatingExpenses": 7906000000, "calculatedNetInterest": -496000000, "calculatedOtherIncome": -524000000, "calculatedIncomeNonControlling": 19000000, "calculatedEbitda": 10724000000}, {"date": "2022-12-31", "symbol": "TMO", "reportedCurrency": "USD", "cik": "0000097745", "fillingDate": "2023-02-23", "acceptedDate": "2023-02-23 12:54:52", "calendarYear": "2022", "period": "FY", "revenue": 44915000000, "costOfRevenue": 25415000000, "grossProfit": 19500000000, "grossProfitRatio": 0.4341534009, "researchAndDevelopmentExpenses": 1471000000, "generalAndAdministrativeExpenses": 0, "sellingAndMarketingExpenses": 0, "sellingGeneralAndAdministrativeExpenses": 7127000000, "otherExpenses": 2395000000, "operatingExpenses": 10993000000, "costAndExpenses": 36408000000, "interestIncome": 272000000, "interestExpense": 726000000, "depreciationAndAmortization": 3663000000, "ebitda": 12056000000, "ebitdaratio": 0.2684181231, "operatingIncome": 8393000000, "operatingIncomeRatio": 0.1868640766, "totalOtherIncomeExpensesNet": -558000000, "incomeBeforeTax": 7835000000, "incomeBeforeTaxRatio": 0.17444061, "incomeTaxExpense": 703000000, "netIncome": 6950000000, "netIncomeRatio": 0.1547367249, "eps": 17.73, "epsdiluted": 17.64, "weightedAverageShsOut": 392000000, "weightedAverageShsOutDil": 394000000, "link": "https://www.sec.gov/Archives/edgar/data/97745/000009774523000008/0000097745-23-000008-index.htm", "finalLink": "https://www.sec.gov/Archives/edgar/data/97745/000009774523000008/tmo-20221231.htm", "calculatedOtherExpenses": 2509000000, "calculatedOperatingExpenses": 11107000000, "calculatedNetInterest": -454000000, "calculatedOtherIncome": -104000000, "calculatedIncomeNonControlling": 182000000, "calculatedEbitda": 12056000000}, {"date": "2021-12-31", "symbol": "TMO", "reportedCurrency": "USD", "cik": "0000097745", "fillingDate": "2022-02-24", "acceptedDate": "2022-02-24 12:58:37", "calendarYear": "2021", "period": "FY", "revenue": 39211000000, "costOfRevenue": 18977000000, "grossProfit": 20234000000, "grossProfitRatio": 0.5160286654, "researchAndDevelopmentExpenses": 1406000000, "generalAndAdministrativeExpenses": 0, "sellingAndMarketingExpenses": 0, "sellingGeneralAndAdministrativeExpenses": 6842000000, "otherExpenses": 1761000000, "operatingExpenses": 10009000000, "costAndExpenses": 28986000000, "interestIncome": 43000000, "interestExpense": 536000000, "depreciationAndAmortization": 2138000000, "ebitda": 12166000000, "ebitdaratio": 0.3102700773, "operatingIncome": 10028000000, "operatingIncomeRatio": 0.2557445615, "totalOtherIncomeExpensesNet": -1187000000, "incomeBeforeTax": 8841000000, "incomeBeforeTaxRatio": 0.225472444, "incomeTaxExpense": 1109000000, "netIncome": 7725000000, "netIncomeRatio": 0.1970110428, "eps": 19.61, "epsdiluted": 19.46, "weightedAverageShsOut": 394000000, "weightedAverageShsOutDil": 397000000, "link": "https://www.sec.gov/Archives/edgar/data/97745/000009774522000011/0000097745-22-000011-index.htm", "finalLink": "https://www.sec.gov/Archives/edgar/data/97745/000009774522000011/tmo-20211231.htm", "calculatedOtherExpenses": 1958000000, "calculatedOperatingExpenses": 10206000000, "calculatedNetInterest": -493000000, "calculatedOtherIncome": -694000000, "calculatedIncomeNonControlling": 7000000, "calculatedEbitda": 12166000000}, {"date": "2020-12-31", "symbol": "TMO", "reportedCurrency": "USD", "cik": "0000097745", "fillingDate": "2021-02-25", "acceptedDate": "2021-02-24 17:36:20", "calendarYear": "2020", "period": "FY", "revenue": 32218000000, "costOfRevenue": 15713000000, "grossProfit": 16505000000, "grossProfitRatio": 0.5122912658, "researchAndDevelopmentExpenses": 1181000000, "generalAndAdministrativeExpenses": 0, "sellingAndMarketingExpenses": 0, "sellingGeneralAndAdministrativeExpenses": 5764000000, "otherExpenses": 1667000000, "operatingExpenses": 8612000000, "costAndExpenses": 24325000000, "interestIncome": 65000000, "interestExpense": 553000000, "depreciationAndAmortization": 2408000000, "ebitda": 10202000000, "ebitdaratio": 0.3166552859, "operatingIncome": 7794000000, "operatingIncomeRatio": 0.2419144578, "totalOtherIncomeExpensesNet": -569000000, "incomeBeforeTax": 7225000000, "incomeBeforeTaxRatio": 0.2242535229, "incomeTaxExpense": 850000000, "netIncome": 6375000000, "netIncomeRatio": 0.1978707555, "eps": 16.1, "epsdiluted": 15.98, "weightedAverageShsOut": 396000000, "weightedAverageShsOutDil": 399000000, "link": "https://www.sec.gov/Archives/edgar/data/97745/000009774521000011/0000097745-21-000011-index.htm", "finalLink": "https://www.sec.gov/Archives/edgar/data/97745/000009774521000011/tmo-20201231.htm", "calculatedOtherExpenses": 1766000000, "calculatedOperatingExpenses": 8711000000, "calculatedNetInterest": -488000000, "calculatedOtherIncome": -81000000, "calculatedIncomeNonControlling": 0, "calculatedEbitda": 10202000000}, {"date": "2019-12-31", "symbol": "TMO", "reportedCurrency": "USD", "cik": "0000097745", "fillingDate": "2020-02-26", "acceptedDate": "2020-02-26 15:33:51", "calendarYear": "2019", "period": "FY", "revenue": 25542000000, "costOfRevenue": 13715000000, "grossProfit": 11827000000, "grossProfitRatio": 0.4630412654, "researchAndDevelopmentExpenses": 1003000000, "generalAndAdministrativeExpenses": 0, "sellingAndMarketingExpenses": 0, "sellingGeneralAndAdministrativeExpenses": 4930000000, "otherExpenses": 1713000000, "operatingExpenses": 7646000000, "costAndExpenses": 21361000000, "interestIncome": 224000000, "interestExpense": 676000000, "depreciationAndAmortization": 2016000000, "ebitda": 6610000000, "ebitdaratio": 0.2587894448, "operatingIncome": 4594000000, "operatingIncomeRatio": 0.1798606217, "totalOtherIncomeExpensesNet": -524000000, "incomeBeforeTax": 4070000000, "incomeBeforeTaxRatio": 0.1593453919, "incomeTaxExpense": 374000000, "netIncome": 3696000000, "netIncomeRatio": 0.1447028424, "eps": 9.24, "epsdiluted": 9.17, "weightedAverageShsOut": 400000000, "weightedAverageShsOutDil": 403000000, "link": "https://www.sec.gov/Archives/edgar/data/97745/000009774520000009/0000097745-20-000009-index.htm", "finalLink": "https://www.sec.gov/Archives/edgar/data/97745/000009774520000009/tmo-20191231.htm", "calculatedOtherExpenses": 1300000000, "calculatedOperatingExpenses": 7233000000, "calculatedNetInterest": -452000000, "calculatedOtherIncome": -72000000, "calculatedIncomeNonControlling": 0, "calculatedEbitda": 6610000000}, {"date": "2018-12-31", "symbol": "TMO", "reportedCurrency": "USD", "cik": "0000097745", "fillingDate": "2019-02-27", "acceptedDate": "2019-02-27 16:15:13", "calendarYear": "2018", "period": "FY", "revenue": 24358000000, "costOfRevenue": 12994000000, "grossProfit": 11364000000, "grossProfitRatio": 0.4665407669, "researchAndDevelopmentExpenses": 967000000, "generalAndAdministrativeExpenses": 0, "sellingAndMarketingExpenses": 0, "sellingGeneralAndAdministrativeExpenses": 4823000000, "otherExpenses": 9000000, "operatingExpenses": 7531000000, "costAndExpenses": 20525000000, "interestIncome": 137000000, "interestExpense": 667000000, "depreciationAndAmortization": 2267000000, "ebitda": 6246000000, "ebitdaratio": 0.2564249938, "operatingIncome": 3783000000, "operatingIncomeRatio": 0.1553083176, "totalOtherIncomeExpensesNet": -41000000, "incomeBeforeTax": 3262000000, "incomeBeforeTaxRatio": 0.133919041, "incomeTaxExpense": 324000000, "netIncome": 2938000000, "netIncomeRatio": 0.1206174563, "eps": 7.31, "epsdiluted": 7.24, "weightedAverageShsOut": 402000000, "weightedAverageShsOutDil": 406000000, "link": "https://www.sec.gov/Archives/edgar/data/97745/000009774519000007/0000097745-19-000007-index.htm", "finalLink": "https://www.sec.gov/Archives/edgar/data/97745/000009774519000007/a201810k.htm", "calculatedOtherExpenses": 1791000000, "calculatedOperatingExpenses": 7581000000, "calculatedNetInterest": -530000000, "calculatedOtherIncome": 9000000, "calculatedIncomeNonControlling": 0, "calculatedEbitda": 6050000000}, {"date": "2017-12-31", "symbol": "TMO", "reportedCurrency": "USD", "cik": "0000097745", "fillingDate": "2018-02-28", "acceptedDate": "2018-02-28 09:19:05", "calendarYear": "2017", "period": "FY", "revenue": 20918000000, "costOfRevenue": 10961000000, "grossProfit": 9957000000, "grossProfitRatio": 0.4760015298, "researchAndDevelopmentExpenses": 888000000, "generalAndAdministrativeExpenses": 0, "sellingAndMarketingExpenses": 0, "sellingGeneralAndAdministrativeExpenses": 4410000000, "otherExpenses": -28000000, "operatingExpenses": 6892000000, "costAndExpenses": 17853000000, "interestIncome": 81000000, "interestExpense": 592000000, "depreciationAndAmortization": 2033000000, "ebitda": 5151000000, "ebitdaratio": 0.2462472512, "operatingIncome": 2968000000, "operatingIncomeRatio": 0.1418873697, "totalOtherIncomeExpensesNet": -125000000, "incomeBeforeTax": 2429000000, "incomeBeforeTaxRatio": 0.116120088, "incomeTaxExpense": 201000000, "netIncome": 2225000000, "netIncomeRatio": 0.1063677216, "eps": 5.64, "epsdiluted": 5.59, "weightedAverageShsOut": 395000000, "weightedAverageShsOutDil": 398000000, "link": "https://www.sec.gov/Archives/edgar/data/97745/000009774518000006/0000097745-18-000006-index.htm", "finalLink": "https://www.sec.gov/Archives/edgar/data/97745/000009774518000006/a201710k.htm", "calculatedOtherExpenses": 1691000000, "calculatedOperatingExpenses": 6989000000, "calculatedNetInterest": -511000000, "calculatedOtherIncome": -28000000, "calculatedIncomeNonControlling": 3000000, "calculatedEbitda": 5001000000}, {"date": "2016-12-31", "symbol": "TMO", "reportedCurrency": "USD", "cik": "0000097745", "fillingDate": "2017-02-28", "acceptedDate": "2017-02-28 15:22:18", "calendarYear": "2016", "period": "FY", "revenue": 18274100000, "costOfRevenue": 9459100000, "grossProfit": 8815000000, "grossProfitRatio": 0.4823766971, "researchAndDevelopmentExpenses": 754800000, "generalAndAdministrativeExpenses": 0, "sellingAndMarketingExpenses": 0, "sellingGeneralAndAdministrativeExpenses": 4043800000, "otherExpenses": -4100000, "operatingExpenses": 6176600000, "costAndExpenses": 15635700000, "interestIncome": 48400000, "interestExpense": 469600000, "depreciationAndAmortization": 1758000000, "ebitda": 4440700000, "ebitdaratio": 0.2430051275, "operatingIncome": 2449200000, "operatingIncomeRatio": 0.1340257523, "totalOtherIncomeExpensesNet": -193300000, "incomeBeforeTax": 2023900000, "incomeBeforeTaxRatio": 0.1107523763, "incomeTaxExpense": -1400000, "netIncome": 2021800000, "netIncomeRatio": 0.1106374596, "eps": 5.12, "epsdiluted": 5.09, "weightedAverageShsOut": 394800000, "weightedAverageShsOutDil": 397400000, "link": "https://www.sec.gov/Archives/edgar/data/97745/000009774517000007/0000097745-17-000007-index.htm", "finalLink": "https://www.sec.gov/Archives/edgar/data/97745/000009774517000007/tmo201610k.htm", "calculatedOtherExpenses": 1567200000, "calculatedOperatingExpenses": 6365800000, "calculatedNetInterest": -421200000, "calculatedOtherIncome": -4100000, "calculatedIncomeNonControlling": 3500000, "calculatedEbitda": 4207200000}, {"date": "2015-12-31", "symbol": "TMO", "reportedCurrency": "USD", "cik": "0000097745", "fillingDate": "2016-02-25", "acceptedDate": "2016-02-25 14:24:54", "calendarYear": "2015", "period": "FY", "revenue": 16965400000, "costOfRevenue": 8782700000, "grossProfit": 8182700000, "grossProfitRatio": 0.482316951, "researchAndDevelopmentExpenses": 692300000, "generalAndAdministrativeExpenses": 0, "sellingAndMarketingExpenses": 0, "sellingGeneralAndAdministrativeExpenses": 3724100000, "otherExpenses": -15500000, "operatingExpenses": 5731200000, "costAndExpenses": 14513900000, "interestIncome": 30600000, "interestExpense": 414900000, "depreciationAndAmortization": 1688200000, "ebitda": 4154800000, "ebitdaratio": 0.2448984404, "operatingIncome": 2336200000, "operatingIncomeRatio": 0.1377037971, "totalOtherIncomeExpensesNet": -130800000, "incomeBeforeTax": 1936400000, "incomeBeforeTaxRatio": 0.1141381871, "incomeTaxExpense": -43900000, "netIncome": 1975400000, "netIncomeRatio": 0.1164369835, "eps": 4.96, "epsdiluted": 4.92, "weightedAverageShsOut": 398700000, "weightedAverageShsOutDil": 401900000, "link": "https://www.sec.gov/Archives/edgar/data/97745/000009774516000043/0000097745-16-000043-index.htm", "finalLink": "https://www.sec.gov/Archives/edgar/data/97745/000009774516000043/tmo201510k.htm", "calculatedOtherExpenses": 1430100000, "calculatedOperatingExpenses": 5846500000, "calculatedNetInterest": -384300000, "calculatedOtherIncome": -15500000, "calculatedIncomeNonControlling": 4900000, "calculatedEbitda": 4024400000}, {"date": "2014-12-31", "symbol": "TMO", "reportedCurrency": "USD", "cik": "0000097745", "fillingDate": "2015-02-26", "acceptedDate": "2015-02-26 16:27:46", "calendarYear": "2014", "period": "FY", "revenue": 16889600000, "costOfRevenue": 8970600000, "grossProfit": 7919000000, "grossProfitRatio": 0.4688684161, "researchAndDevelopmentExpenses": 691100000, "generalAndAdministrativeExpenses": 0, "sellingAndMarketingExpenses": 0, "sellingGeneralAndAdministrativeExpenses": 3991400000, "otherExpenses": 16400000, "operatingExpenses": 6014200000, "costAndExpenses": 14984800000, "interestIncome": 47700000, "interestExpense": 479900000, "depreciationAndAmortization": 1684800000, "ebitda": 3653700000, "ebitdaratio": 0.2163283914, "operatingIncome": 2503000000, "operatingIncomeRatio": 0.1481977075, "totalOtherIncomeExpensesNet": 614600000, "incomeBeforeTax": 2087200000, "incomeBeforeTaxRatio": 0.1235790072, "incomeTaxExpense": 191700000, "netIncome": 1894400000, "netIncomeRatio": 0.1121636984, "eps": 4.76, "epsdiluted": 4.71, "weightedAverageShsOut": 398200000, "weightedAverageShsOutDil": 402300000, "link": "https://www.sec.gov/Archives/edgar/data/97745/000009774515000007/0000097745-15-000007-index.htm", "finalLink": "https://www.sec.gov/Archives/edgar/data/97745/000009774515000007/tmok2014.htm", "calculatedOtherExpenses": 733500000, "calculatedOperatingExpenses": 5416000000, "calculatedNetInterest": -432200000, "calculatedOtherIncome": 16400000, "calculatedIncomeNonControlling": 1100000, "calculatedEbitda": 4187800000}, {"date": "2013-12-31", "symbol": "TMO", "reportedCurrency": "USD", "cik": "0000097745", "fillingDate": "2014-02-27", "acceptedDate": "2014-02-27 15:36:55", "calendarYear": "2013", "period": "FY", "revenue": 13090300000, "costOfRevenue": 7339200000, "grossProfit": 5751100000, "grossProfitRatio": 0.4393405804, "researchAndDevelopmentExpenses": 395500000, "generalAndAdministrativeExpenses": 0, "sellingAndMarketingExpenses": 0, "sellingGeneralAndAdministrativeExpenses": 2905200000, "otherExpenses": -56000000, "operatingExpenses": 4063800000, "costAndExpenses": 11403000000, "interestIncome": 28000000, "interestExpense": 262100000, "depreciationAndAmortization": 999900000, "ebitda": 2659200000, "ebitdaratio": 0.2031427851, "operatingIncome": 1609600000, "operatingIncomeRatio": 0.1229612767, "totalOtherIncomeExpensesNet": -133700000, "incomeBeforeTax": 1319500000, "incomeBeforeTaxRatio": 0.1007998289, "incomeTaxExpense": 40400000, "netIncome": 1273300000, "netIncomeRatio": 0.097270498, "eps": 3.53, "epsdiluted": 3.48, "weightedAverageShsOut": 360300000, "weightedAverageShsOutDil": 365800000, "link": "https://www.sec.gov/Archives/edgar/data/97745/000009774514000014/0000097745-14-000014-index.htm", "finalLink": "https://www.sec.gov/Archives/edgar/data/97745/000009774514000014/tmok2013.htm", "calculatedOtherExpenses": 840800000, "calculatedOperatingExpenses": 4141500000, "calculatedNetInterest": -234100000, "calculatedOtherIncome": -56000000, "calculatedIncomeNonControlling": 5800000, "calculatedEbitda": 2609500000}, {"date": "2012-12-31", "symbol": "TMO", "reportedCurrency": "USD", "cik": "0000097745", "fillingDate": "2013-02-27", "acceptedDate": "2013-02-27 15:07:40", "calendarYear": "2012", "period": "FY", "revenue": 12509900000, "costOfRevenue": 6993000000, "grossProfit": 5516900000, "grossProfitRatio": 0.4410027258, "researchAndDevelopmentExpenses": 376400000, "generalAndAdministrativeExpenses": 0, "sellingAndMarketingExpenses": 0, "sellingGeneralAndAdministrativeExpenses": 2828700000, "otherExpenses": 3700000, "operatingExpenses": 3952700000, "costAndExpenses": 10945700000, "interestIncome": 25200000, "interestExpense": 241600000, "depreciationAndAmortization": 983700000, "ebitda": 2576800000, "ebitdaratio": 0.2059808632, "operatingIncome": 1482100000, "operatingIncomeRatio": 0.1184741685, "totalOtherIncomeExpensesNet": -78400000, "incomeBeforeTax": 1269400000, "incomeBeforeTaxRatio": 0.1014716345, "incomeTaxExpense": 11000000, "netIncome": 1177900000, "netIncomeRatio": 0.0941574273, "eps": 3.24, "epsdiluted": 3.21, "weightedAverageShsOut": 363800000, "weightedAverageShsOutDil": 366600000, "link": "https://www.sec.gov/Archives/edgar/data/97745/000009774513000007/0000097745-13-000007-index.htm", "finalLink": "https://www.sec.gov/Archives/edgar/data/97745/000009774513000007/tmok12.htm", "calculatedOtherExpenses": 829700000, "calculatedOperatingExpenses": 4034800000, "calculatedNetInterest": -216400000, "calculatedOtherIncome": 3700000, "calculatedIncomeNonControlling": 80500000, "calculatedEbitda": 2465800000}, {"date": "2011-12-31", "symbol": "TMO", "reportedCurrency": "USD", "cik": "0000097745", "fillingDate": "2012-02-29", "acceptedDate": "2012-02-29 16:27:56", "calendarYear": "2011", "period": "FY", "revenue": 11725900000, "costOfRevenue": 6737300000, "grossProfit": 4988600000, "grossProfitRatio": 0.425434295, "researchAndDevelopmentExpenses": 340600000, "generalAndAdministrativeExpenses": 0, "sellingAndMarketingExpenses": 0, "sellingGeneralAndAdministrativeExpenses": 2654500000, "otherExpenses": 0, "operatingExpenses": 3643000000, "costAndExpenses": 10380300000, "interestIncome": 26900000, "interestExpense": 175300000, "depreciationAndAmortization": 863500000, "ebitda": 2236000000, "ebitdaratio": 0.1906889876, "operatingIncome": 1245200000, "operatingIncomeRatio": 0.1061922752, "totalOtherIncomeExpensesNet": -70600000, "incomeBeforeTax": 1126600000, "incomeBeforeTaxRatio": 0.096077913, "incomeTaxExpense": 107000000, "netIncome": 1329900000, "netIncomeRatio": 0.1134156014, "eps": 3.49, "epsdiluted": 3.46, "weightedAverageShsOut": 380800000, "weightedAverageShsOutDil": 384800000, "link": "https://www.sec.gov/Archives/edgar/data/97745/000009774512000010/0000097745-12-000010-index.htm", "finalLink": "https://www.sec.gov/Archives/edgar/data/97745/000009774512000010/tmok11.htm", "calculatedOtherExpenses": 748300000, "calculatedOperatingExpenses": 3743400000, "calculatedNetInterest": -148400000, "calculatedOtherIncome": 29800000, "calculatedIncomeNonControlling": -310300000, "calculatedEbitda": 2108700000}, {"date": "2010-12-31", "symbol": "TMO", "reportedCurrency": "USD", "cik": "0000097745", "fillingDate": "2011-02-24", "acceptedDate": "2011-02-24 16:59:42", "calendarYear": "2010", "period": "FY", "revenue": 10788700000, "costOfRevenue": 6215100000, "grossProfit": 4573600000, "grossProfitRatio": 0.4239250327, "researchAndDevelopmentExpenses": 287200000, "generalAndAdministrativeExpenses": 0, "sellingAndMarketingExpenses": 0, "sellingGeneralAndAdministrativeExpenses": 2389400000, "otherExpenses": 0, "operatingExpenses": 3248300000, "costAndExpenses": 9463400000, "interestIncome": 12500000, "interestExpense": 84700000, "depreciationAndAmortization": 770000000, "ebitda": 2107800000, "ebitdaratio": 0.1953710827, "operatingIncome": 1264900000, "operatingIncomeRatio": 0.1172430413, "totalOtherIncomeExpensesNet": -88500000, "incomeBeforeTax": 1164600000, "incomeBeforeTaxRatio": 0.1079462771, "incomeTaxExpense": 131500000, "netIncome": 1035600000, "netIncomeRatio": 0.0959893222, "eps": 2.57, "epsdiluted": 2.53, "weightedAverageShsOut": 403300000, "weightedAverageShsOutDil": 409400000, "link": "https://www.sec.gov/Archives/edgar/data/97745/000009774511000013/0000097745-11-000013-index.htm", "finalLink": "https://www.sec.gov/Archives/edgar/data/97745/000009774511000013/tmok2010.htm", "calculatedOtherExpenses": 632100000, "calculatedOperatingExpenses": 3308700000, "calculatedNetInterest": -72200000, "calculatedOtherIncome": -28100000, "calculatedIncomeNonControlling": -2500000, "calculatedEbitda": 2034900000}, {"date": "2009-12-31", "symbol": "TMO", "reportedCurrency": "USD", "cik": "0000097745", "fillingDate": "2010-02-26", "acceptedDate": "2010-02-26 15:15:58", "calendarYear": "2009", "period": "FY", "revenue": 10109700000, "costOfRevenue": 5960300000, "grossProfit": 4149400000, "grossProfitRatio": 0.4104375006, "researchAndDevelopmentExpenses": 246100000, "generalAndAdministrativeExpenses": 0, "sellingAndMarketingExpenses": 0, "sellingGeneralAndAdministrativeExpenses": 2196600000, "otherExpenses": 0, "operatingExpenses": 3039700000, "costAndExpenses": 9000000000, "interestIncome": 16100000, "interestExpense": 118100000, "depreciationAndAmortization": 787300000, "ebitda": 1913100000, "ebitdaratio": 0.1892341019, "operatingIncome": 1048900000, "operatingIncomeRatio": 0.1037518423, "totalOtherIncomeExpensesNet": -80600000, "incomeBeforeTax": 927100000, "incomeBeforeTaxRatio": 0.091704007, "incomeTaxExpense": 75800000, "netIncome": 850300000, "netIncomeRatio": 0.0841073425, "eps": 2.06, "epsdiluted": 2.01, "weightedAverageShsOut": 412400000, "weightedAverageShsOutDil": 423034826, "link": "https://www.sec.gov/Archives/edgar/data/97745/000009774510000008/0000097745-10-000008-index.htm", "finalLink": "https://www.sec.gov/Archives/edgar/data/97745/000009774510000008/tmok2009.htm", "calculatedOtherExpenses": 657800000, "calculatedOperatingExpenses": 3100500000, "calculatedNetInterest": -102000000, "calculatedOtherIncome": -19800000, "calculatedIncomeNonControlling": 1000000, "calculatedEbitda": 1836200000}, {"date": "2008-12-31", "symbol": "TMO", "reportedCurrency": "USD", "cik": "0000097745", "fillingDate": "2009-02-27", "acceptedDate": "2009-02-27 13:23:17", "calendarYear": "2008", "period": "FY", "revenue": 10498000000, "costOfRevenue": 6291800000, "grossProfit": 4206200000, "grossProfitRatio": 0.4006667937, "researchAndDevelopmentExpenses": 249100000, "generalAndAdministrativeExpenses": 0, "sellingAndMarketingExpenses": 0, "sellingGeneralAndAdministrativeExpenses": 2692300000, "otherExpenses": 0, "operatingExpenses": 2941400000, "costAndExpenses": 9233200000, "interestIncome": 0, "interestExpense": 0, "depreciationAndAmortization": 792700000, "ebitda": 2094500000, "ebitdaratio": 0.1995141932, "operatingIncome": 1229400000, "operatingIncomeRatio": 0.1171080206, "totalOtherIncomeExpensesNet": -37000000, "incomeBeforeTax": 1149600000, "incomeBeforeTaxRatio": 0.1095065727, "incomeTaxExpense": 160900000, "netIncome": 994200000, "netIncomeRatio": 0.0947037531, "eps": 2.34, "epsdiluted": 2.25, "weightedAverageShsOut": 418200000, "weightedAverageShsOutDil": 434700000, "link": "https://www.sec.gov/Archives/edgar/data/97745/000009774509000011/0000097745-09-000011-index.htm", "finalLink": "https://www.sec.gov/Archives/edgar/data/97745/000009774509000011/tmok08.htm", "calculatedOtherExpenses": 35400000, "calculatedOperatingExpenses": 2976800000, "calculatedNetInterest": 0, "calculatedOtherIncome": -79800000, "calculatedIncomeNonControlling": -5500000, "calculatedEbitda": 2022100000}, {"date": "2007-12-31", "symbol": "TMO", "reportedCurrency": "USD", "cik": "0000097745", "fillingDate": "2008-02-29", "acceptedDate": "2008-02-29 12:58:50", "calendarYear": "2007", "period": "FY", "revenue": 9746400000, "costOfRevenue": 5942000000, "grossProfit": 3804400000, "grossProfitRatio": 0.390338997, "researchAndDevelopmentExpenses": 238700000, "generalAndAdministrativeExpenses": 0, "sellingAndMarketingExpenses": 0, "sellingGeneralAndAdministrativeExpenses": 2549100000, "otherExpenses": 0, "operatingExpenses": 2787800000, "costAndExpenses": 8729800000, "interestIncome": 0, "interestExpense": 0, "depreciationAndAmortization": 756800000, "ebitda": 1818000000, "ebitdaratio": 0.1865304112, "operatingIncome": 974400000, "operatingIncomeRatio": 0.0999753755, "totalOtherIncomeExpensesNet": -42000000, "incomeBeforeTax": 881300000, "incomeBeforeTaxRatio": 0.0904231306, "incomeTaxExpense": 101700000, "netIncome": 761100000, "netIncomeRatio": 0.0780903718, "eps": 1.81, "epsdiluted": 1.72, "weightedAverageShsOut": 421500000, "weightedAverageShsOutDil": 443700000, "link": "https://www.sec.gov/Archives/edgar/data/97745/000009774508000043/0000097745-08-000043-index.htm", "finalLink": "https://www.sec.gov/Archives/edgar/data/97745/000009774508000043/tmok2007.htm", "calculatedOtherExpenses": 42200000, "calculatedOperatingExpenses": 2830000000, "calculatedNetInterest": 0, "calculatedOtherIncome": -93100000, "calculatedIncomeNonControlling": 18500000, "calculatedEbitda": 1731200000}, {"date": "2006-12-31", "symbol": "TMO", "reportedCurrency": "USD", "cik": "0000097745", "fillingDate": "2007-03-01", "acceptedDate": "2007-03-01 16:41:57", "calendarYear": "2006", "period": "FY", "revenue": 3791617000, "costOfRevenue": 2223557000, "grossProfit": 1568060000, "grossProfitRatio": 0.4135597029, "researchAndDevelopmentExpenses": 170184000, "generalAndAdministrativeExpenses": 0, "sellingAndMarketingExpenses": 0, "sellingGeneralAndAdministrativeExpenses": 1110205000, "otherExpenses": 0, "operatingExpenses": 1280389000, "costAndExpenses": 3503946000, "interestIncome": 0, "interestExpense": 0, "depreciationAndAmortization": 240773000, "ebitda": 573063000, "ebitdaratio": 0.1511394743, "operatingIncome": 241959000, "operatingIncomeRatio": 0.0638141985, "totalOtherIncomeExpensesNet": -42790000, "incomeBeforeTax": 209370000, "incomeBeforeTaxRatio": 0.0552191848, "incomeTaxExpense": 43054000, "netIncome": 168935000, "netIncomeRatio": 0.0445548693, "eps": 0.86, "epsdiluted": 0.84, "weightedAverageShsOut": 196100000, "weightedAverageShsOutDil": 203700000, "link": "https://www.sec.gov/Archives/edgar/data/97745/000009774507000053/0000097745-07-000053-index.htm", "finalLink": "https://www.sec.gov/Archives/edgar/data/97745/000009774507000053/tmok2006.htm", "calculatedOtherExpenses": 45712000, "calculatedOperatingExpenses": 1326101000, "calculatedNetInterest": 0, "calculatedOtherIncome": -32589000, "calculatedIncomeNonControlling": -2619000, "calculatedEbitda": 482732000}, {"date": "2005-12-31", "symbol": "TMO", "reportedCurrency": "USD", "cik": "0000097745", "fillingDate": "2006-03-02", "acceptedDate": "2006-03-02 14:07:12", "calendarYear": "2005", "period": "FY", "revenue": 2633027000, "costOfRevenue": 1438079000, "grossProfit": 1194948000, "grossProfitRatio": 0.4538305152, "researchAndDevelopmentExpenses": 152775000, "generalAndAdministrativeExpenses": 0, "sellingAndMarketingExpenses": 0, "sellingGeneralAndAdministrativeExpenses": 761786000, "otherExpenses": 0, "operatingExpenses": 914561000, "costAndExpenses": 2352640000, "interestIncome": 0, "interestExpense": 0, "depreciationAndAmortization": 123272000, "ebitda": 383170000, "ebitdaratio": 0.1455245237, "operatingIncome": 263487000, "operatingIncomeRatio": 0.1000699955, "totalOtherIncomeExpensesNet": 20657000, "incomeBeforeTax": 285898000, "incomeBeforeTaxRatio": 0.1085814919, "incomeTaxExpense": 87597000, "netIncome": 223218000, "netIncomeRatio": 0.0847761911, "eps": 1.38, "epsdiluted": 1.36, "weightedAverageShsOut": 161587000, "weightedAverageShsOutDil": 165334000, "link": "https://www.sec.gov/Archives/edgar/data/97745/000009774506000048/0000097745-06-000048-index.htm", "finalLink": "https://www.sec.gov/Archives/edgar/data/97745/000009774506000048/tmok2005.htm", "calculatedOtherExpenses": 16900000, "calculatedOperatingExpenses": 931461000, "calculatedNetInterest": 0, "calculatedOtherIncome": 22411000, "calculatedIncomeNonControlling": -24917000, "calculatedEbitda": 386759000}, {"date": "2004-12-31", "symbol": "TMO", "reportedCurrency": "USD", "cik": "0000097745", "fillingDate": "2005-03-16", "acceptedDate": "2005-03-16 14:41:02", "calendarYear": "2004", "period": "FY", "revenue": 2205995000, "costOfRevenue": 1191516000, "grossProfit": 1014479000, "grossProfitRatio": 0.4598736625, "researchAndDevelopmentExpenses": 134680000, "generalAndAdministrativeExpenses": 0, "sellingAndMarketingExpenses": 0, "sellingGeneralAndAdministrativeExpenses": 626458000, "otherExpenses": 0, "operatingExpenses": 761138000, "costAndExpenses": 1952654000, "interestIncome": 0, "interestExpense": 0, "depreciationAndAmortization": 66141000, "ebitda": 313604000, "ebitdaratio": 0.142159887, "operatingIncome": 237512000, "operatingIncomeRatio": 0.1076666085, "totalOtherIncomeExpensesNet": 5878000, "incomeBeforeTax": 259219000, "incomeBeforeTaxRatio": 0.1175066127, "incomeTaxExpense": 40852000, "netIncome": 361837000, "netIncomeRatio": 0.1640243972, "eps": 2.22, "epsdiluted": 2.17, "weightedAverageShsOut": 163133000, "weightedAverageShsOutDil": 167641000, "link": "https://www.sec.gov/Archives/edgar/data/97745/000009774505000045/0000097745-05-000045-index.htm", "finalLink": "https://www.sec.gov/Archives/edgar/data/97745/000009774505000045/tmok04.txt", "calculatedOtherExpenses": 15829000, "calculatedOperatingExpenses": 776967000, "calculatedNetInterest": 0, "calculatedOtherIncome": 21707000, "calculatedIncomeNonControlling": -143470000, "calculatedEbitda": 303653000}, {"date": "2003-12-31", "symbol": "TMO", "reportedCurrency": "USD", "cik": "0000097745", "fillingDate": "2004-03-02", "acceptedDate": "2004-03-02 17:06:33", "calendarYear": "2003", "period": "FY", "revenue": 2097135000, "costOfRevenue": 1149120000, "grossProfit": 948015000, "grossProfitRatio": 0.452052443, "researchAndDevelopmentExpenses": 146394000, "generalAndAdministrativeExpenses": 0, "sellingAndMarketingExpenses": 0, "sellingGeneralAndAdministrativeExpenses": 568138000, "otherExpenses": 0, "operatingExpenses": 714532000, "costAndExpenses": 1863652000, "interestIncome": 0, "interestExpense": 0, "depreciationAndAmortization": 58548000, "ebitda": 306881000, "ebitdaratio": 0.1463334502, "operatingIncome": 184774000, "operatingIncomeRatio": 0.0881078233, "totalOtherIncomeExpensesNet": -14850000, "incomeBeforeTax": 218633000, "incomeBeforeTaxRatio": 0.1042531835, "incomeTaxExpense": 45936000, "netIncome": 200009000, "netIncomeRatio": 0.0953724963, "eps": 1.23, "epsdiluted": 1.2, "weightedAverageShsOut": 162713000, "weightedAverageShsOutDil": 170730000, "link": "https://www.sec.gov/Archives/edgar/data/97745/000009774504000036/0000097745-04-000036-index.htm", "finalLink": "https://www.sec.gov/Archives/edgar/data/97745/000009774504000036/tmok03.txt", "calculatedOtherExpenses": 48709000, "calculatedOperatingExpenses": 763241000, "calculatedNetInterest": 0, "calculatedOtherIncome": 33859000, "calculatedIncomeNonControlling": -27312000, "calculatedEbitda": 243322000}, {"date": "2002-12-28", "symbol": "TMO", "reportedCurrency": "USD", "cik": "0000097745", "fillingDate": "2003-03-07", "acceptedDate": "2003-03-07 17:10:59", "calendarYear": "2002", "period": "FY", "revenue": 2086355000, "costOfRevenue": 1158979000, "grossProfit": 927376000, "grossProfitRatio": 0.4444957833, "researchAndDevelopmentExpenses": 155121000, "generalAndAdministrativeExpenses": 0, "sellingAndMarketingExpenses": 0, "sellingGeneralAndAdministrativeExpenses": 564656000, "otherExpenses": 0, "operatingExpenses": 719777000, "costAndExpenses": 1878756000, "interestIncome": 0, "interestExpense": 0, "depreciationAndAmortization": 56376000, "ebitda": 193079000, "ebitdaratio": 0.0925436946, "operatingIncome": 155453000, "operatingIncomeRatio": 0.0745093716, "totalOtherIncomeExpensesNet": 73429000, "incomeBeforeTax": 287986000, "incomeBeforeTaxRatio": 0.1380330768, "incomeTaxExpense": 92987000, "netIncome": 309730000, "netIncomeRatio": 0.1484550808, "eps": 1.84, "epsdiluted": 1.73, "weightedAverageShsOut": 168331522, "weightedAverageShsOutDil": 179034682, "link": "https://www.sec.gov/Archives/edgar/data/97745/000009774503000034/0000097745-03-000034-index.htm", "finalLink": "https://www.sec.gov/Archives/edgar/data/97745/000009774503000034/tmok02.txt", "calculatedOtherExpenses": 52146000, "calculatedOperatingExpenses": 771923000, "calculatedNetInterest": 0, "calculatedOtherIncome": 132533000, "calculatedIncomeNonControlling": -114731000, "calculatedEbitda": 211829000}, {"date": "2001-12-29", "symbol": "TMO", "reportedCurrency": "USD", "cik": "0000097745", "fillingDate": "2002-03-15", "acceptedDate": "2002-03-15 00:00:00", "calendarYear": "2001", "period": "FY", "revenue": 2188210000, "costOfRevenue": 1229588000, "grossProfit": 958622000, "grossProfitRatio": 0.4380850101, "researchAndDevelopmentExpenses": 171614000, "generalAndAdministrativeExpenses": 0, "sellingAndMarketingExpenses": 0, "sellingGeneralAndAdministrativeExpenses": 620104000, "otherExpenses": 0, "operatingExpenses": 791718000, "costAndExpenses": 2021306000, "interestIncome": 0, "interestExpense": 0, "depreciationAndAmortization": 98521000, "ebitda": 361648000, "ebitdaratio": 0.1652711577, "operatingIncome": 34202000, "operatingIncomeRatio": 0.0156301269, "totalOtherIncomeExpensesNet": -96223000, "incomeBeforeTax": 76521000, "incomeBeforeTaxRatio": 0.0349696784, "incomeTaxExpense": 26929000, "netIncome": -781000, "netIncomeRatio": -0.0003569127, "eps": -0.0043, "epsdiluted": -0.0042, "weightedAverageShsOut": 181588000, "weightedAverageShsOutDil": 185019000, "link": "https://www.sec.gov/Archives/edgar/data/97745/000009774502000016/0000097745-02-000016-index.htm", "finalLink": "https://www.sec.gov/Archives/edgar/data/97745/000009774502000016/tmok01.txt", "calculatedOtherExpenses": 132702000, "calculatedOperatingExpenses": 924420000, "calculatedNetInterest": 0, "calculatedOtherIncome": 42319000, "calculatedIncomeNonControlling": 50373000, "calculatedEbitda": 132723000}, {"date": "2000-12-30", "symbol": "TMO", "reportedCurrency": "USD", "cik": "0000097745", "fillingDate": "2001-03-21", "acceptedDate": "2001-03-21 00:00:00", "calendarYear": "2000", "period": "FY", "revenue": 2280522000, "costOfRevenue": 1258686000, "grossProfit": 1021836000, "grossProfitRatio": 0.4480710995, "researchAndDevelopmentExpenses": 176756000, "generalAndAdministrativeExpenses": 0, "sellingAndMarketingExpenses": 0, "sellingGeneralAndAdministrativeExpenses": 646920000, "otherExpenses": 0, "operatingExpenses": 823676000, "costAndExpenses": 2082362000, "interestIncome": 0, "interestExpense": 0, "depreciationAndAmortization": 97486000, "ebitda": 308975000, "ebitdaratio": 0.1354843321, "operatingIncome": 198160000, "operatingIncomeRatio": 0.0868923869, "totalOtherIncomeExpensesNet": -13329000, "incomeBeforeTax": 174264000, "incomeBeforeTaxRatio": 0.0764140841, "incomeTaxExpense": 112217000, "netIncome": -36111000, "netIncomeRatio": -0.0158345326, "eps": -0.22, "epsdiluted": -0.22, "weightedAverageShsOut": 164140909, "weightedAverageShsOutDil": 164140909, "link": "https://www.sec.gov/Archives/edgar/data/97745/000009774501000012/0000097745-01-000012-index.htm", "finalLink": "https://www.sec.gov/Archives/edgar/data/97745/000009774501000012/0000097745-01-000012-0001.txt", "calculatedOtherExpenses": 0, "calculatedOperatingExpenses": 823676000, "calculatedNetInterest": 0, "calculatedOtherIncome": -23896000, "calculatedIncomeNonControlling": 98158000, "calculatedEbitda": 295646000}, {"date": "1999-12-31", "symbol": "TMO", "reportedCurrency": "USD", "cik": "0000097745", "fillingDate": "2000-03-22", "acceptedDate": "2000-03-22 00:00:00", "calendarYear": "1999", "period": "FY", "revenue": 2471200000, "costOfRevenue": 1264900000, "grossProfit": 1206300000, "grossProfitRatio": 0.4881434121, "researchAndDevelopmentExpenses": 171100000, "generalAndAdministrativeExpenses": 0, "sellingAndMarketingExpenses": 0, "sellingGeneralAndAdministrativeExpenses": 673000000, "otherExpenses": 113600000, "operatingExpenses": 957700000, "costAndExpenses": 2222600000, "interestIncome": 0, "interestExpense": 0, "depreciationAndAmortization": 113600000, "ebitda": 573300000, "ebitdaratio": 0.2319925542, "operatingIncome": 248600000, "operatingIncomeRatio": 0.1005988993, "totalOtherIncomeExpensesNet": -211100000, "incomeBeforeTax": 18500000, "incomeBeforeTaxRatio": 0.0074862415, "incomeTaxExpense": 33100000, "netIncome": -174600000, "netIncomeRatio": -0.0706539333, "eps": -1.11, "epsdiluted": -1.1, "weightedAverageShsOut": 157987000, "weightedAverageShsOutDil": 158223000, "link": "https://www.sec.gov/Archives/edgar/data/97745/000009774500000027/0000097745-00-000027-index.html", "finalLink": "https://www.sec.gov/Archives/edgar/data/97745/000009774500000027/", "calculatedOtherExpenses": 113600000, "calculatedOperatingExpenses": 957700000, "calculatedNetInterest": 0, "calculatedOtherIncome": -230100000, "calculatedIncomeNonControlling": 160000000, "calculatedEbitda": 362200000}, {"date": "1998-12-31", "symbol": "TMO", "reportedCurrency": "USD", "cik": "0000097745", "fillingDate": "1999-03-23", "acceptedDate": "1999-03-23 00:00:00", "calendarYear": "1998", "period": "FY", "revenue": 3867600000, "costOfRevenue": 2024600000, "grossProfit": 1843000000, "grossProfitRatio": 0.4765229083, "researchAndDevelopmentExpenses": 367300000, "generalAndAdministrativeExpenses": 0, "sellingAndMarketingExpenses": 0, "sellingGeneralAndAdministrativeExpenses": 937600000, "otherExpenses": 162300000, "operatingExpenses": 1467200000, "costAndExpenses": 3491800000, "interestIncome": 0, "interestExpense": 0, "depreciationAndAmortization": 162300000, "ebitda": 522400000, "ebitdaratio": 0.135070845, "operatingIncome": 375800000, "operatingIncomeRatio": 0.0971662013, "totalOtherIncomeExpensesNet": 15700000, "incomeBeforeTax": 347500000, "incomeBeforeTaxRatio": 0.089849002, "incomeTaxExpense": 170700000, "netIncome": 181900000, "netIncomeRatio": 0.047031751, "eps": 1.12, "epsdiluted": 1.08, "weightedAverageShsOut": 162410714, "weightedAverageShsOutDil": 168425926, "link": "https://www.sec.gov/Archives/edgar/data/97745/000009774599000017/0000097745-99-000017-index.html", "finalLink": "https://www.sec.gov/Archives/edgar/data/97745/", "calculatedOtherExpenses": 162300000, "calculatedOperatingExpenses": 1467200000, "calculatedNetInterest": 0, "calculatedOtherIncome": -28300000, "calculatedIncomeNonControlling": -5100000, "calculatedEbitda": 538100000}, {"date": "1997-12-31", "symbol": "TMO", "reportedCurrency": "USD", "cik": "0000097745", "fillingDate": "1998-03-12", "acceptedDate": "1998-03-12 00:00:00", "calendarYear": "1997", "period": "FY", "revenue": 3558300000, "costOfRevenue": 1837600000, "grossProfit": 1720700000, "grossProfitRatio": 0.4835736166, "researchAndDevelopmentExpenses": 337300000, "generalAndAdministrativeExpenses": 0, "sellingAndMarketingExpenses": 0, "sellingGeneralAndAdministrativeExpenses": 840700000, "otherExpenses": 135700000, "operatingExpenses": 1313700000, "costAndExpenses": 3151300000, "interestIncome": 0, "interestExpense": 0, "depreciationAndAmortization": 135700000, "ebitda": 461400000, "ebitdaratio": 0.129668662, "operatingIncome": 407000000, "operatingIncomeRatio": 0.1143804626, "totalOtherIncomeExpensesNet": 81300000, "incomeBeforeTax": 414000000, "incomeBeforeTaxRatio": 0.1163476941, "incomeTaxExpense": 174700000, "netIncome": 239300000, "netIncomeRatio": 0.0672512155, "eps": 1.57, "epsdiluted": 1.41, "weightedAverageShsOut": 152484076, "weightedAverageShsOutDil": 169787234, "link": "https://www.sec.gov/Archives/edgar/data/97745/000009774598000005/0000097745-98-000005-index.html", "finalLink": "https://www.sec.gov/Archives/edgar/data/97745/", "calculatedOtherExpenses": 135700000, "calculatedOperatingExpenses": 1313700000, "calculatedNetInterest": 0, "calculatedOtherIncome": 7000000, "calculatedIncomeNonControlling": 0, "calculatedEbitda": 542700000}, {"date": "1996-12-28", "symbol": "TMO", "reportedCurrency": "USD", "cik": "0000097745", "fillingDate": "1997-03-20", "acceptedDate": "1997-03-20 00:00:00", "calendarYear": "1996", "period": "FY", "revenue": 2932600000, "costOfRevenue": 1542500000, "grossProfit": 1390100000, "grossProfitRatio": 0.4740162313, "researchAndDevelopmentExpenses": 0, "generalAndAdministrativeExpenses": 0, "sellingAndMarketingExpenses": 0, "sellingGeneralAndAdministrativeExpenses": 990700000, "otherExpenses": 115200000, "operatingExpenses": 1105900000, "costAndExpenses": 2648400000, "interestIncome": 0, "interestExpense": 0, "depreciationAndAmortization": 115200000, "ebitda": 308900000, "ebitdaratio": 0.1053331515, "operatingIncome": 284200000, "operatingIncomeRatio": 0.0969105913, "totalOtherIncomeExpensesNet": 90500000, "incomeBeforeTax": 301600000, "incomeBeforeTaxRatio": 0.1028438928, "incomeTaxExpense": 110800000, "netIncome": 190800000, "netIncomeRatio": 0.06506172, "eps": 1.35, "epsdiluted": 1.22, "weightedAverageShsOut": 141525000, "weightedAverageShsOutDil": 175700000, "link": "https://www.sec.gov/Archives/edgar/data/97745/000009774597000026/0000097745-97-000026-index.html", "finalLink": "https://www.sec.gov/Archives/edgar/data/97745/", "calculatedOtherExpenses": 115200000, "calculatedOperatingExpenses": 1105900000, "calculatedNetInterest": 0, "calculatedOtherIncome": 17400000, "calculatedIncomeNonControlling": 0, "calculatedEbitda": 399400000}, {"date": "1995-12-30", "symbol": "TMO", "reportedCurrency": "USD", "cik": "0000097745", "fillingDate": "1996-03-13", "acceptedDate": "1996-03-13 00:00:00", "calendarYear": "1995", "period": "FY", "revenue": 2207400000, "costOfRevenue": 1124700000, "grossProfit": 1082700000, "grossProfitRatio": 0.4904865453, "researchAndDevelopmentExpenses": 269600000, "generalAndAdministrativeExpenses": 0, "sellingAndMarketingExpenses": 0, "sellingGeneralAndAdministrativeExpenses": 480800000, "otherExpenses": 85000000, "operatingExpenses": 835400000, "costAndExpenses": 1960100000, "interestIncome": 0, "interestExpense": 0, "depreciationAndAmortization": 85000000, "ebitda": 203200000, "ebitdaratio": 0.0920540002, "operatingIncome": 247300000, "operatingIncomeRatio": 0.1120322551, "totalOtherIncomeExpensesNet": 129100000, "incomeBeforeTax": 239000000, "incomeBeforeTaxRatio": 0.1082721754, "incomeTaxExpense": 98900000, "netIncome": 140100000, "netIncomeRatio": 0.0634683338, "eps": 1.11, "epsdiluted": 0.99, "weightedAverageShsOut": 125484000, "weightedAverageShsOutDil": 158103000, "link": "https://www.sec.gov/Archives/edgar/data/97745/000009774596000026/0000097745-96-000026-index.html", "finalLink": "https://www.sec.gov/Archives/edgar/data/97745/", "calculatedOtherExpenses": 85000000, "calculatedOperatingExpenses": 835400000, "calculatedNetInterest": 0, "calculatedOtherIncome": -8300000, "calculatedIncomeNonControlling": 0, "calculatedEbitda": 332300000}, {"date": "1994-12-31", "symbol": "TMO", "reportedCurrency": "USD", "cik": "0000097745", "fillingDate": "1995-03-08", "acceptedDate": "1995-03-08 00:00:00", "calendarYear": "1994", "period": "FY", "revenue": 1585300000, "costOfRevenue": 866300000, "grossProfit": 719000000, "grossProfitRatio": 0.4535419164, "researchAndDevelopmentExpenses": 103700000, "generalAndAdministrativeExpenses": 0, "sellingAndMarketingExpenses": 0, "sellingGeneralAndAdministrativeExpenses": 373200000, "otherExpenses": 62300000, "operatingExpenses": 539200000, "costAndExpenses": 1405500000, "interestIncome": 0, "interestExpense": 0, "depreciationAndAmortization": 62300000, "ebitda": 158800000, "ebitdaratio": 0.1001703148, "operatingIncome": 179800000, "operatingIncomeRatio": 0.1134170189, "totalOtherIncomeExpensesNet": 83300000, "incomeBeforeTax": 172600000, "incomeBeforeTaxRatio": 0.1088752917, "incomeTaxExpense": 69200000, "netIncome": 103400000, "netIncomeRatio": 0.0652242478, "eps": 0.93, "epsdiluted": 0.82, "weightedAverageShsOut": 110801250, "weightedAverageShsOutDil": 145530000, "link": "https://www.sec.gov/Archives/edgar/data/97745/000009774595000027/0000097745-95-000027-index.html", "finalLink": "https://www.sec.gov/Archives/edgar/data/97745/", "calculatedOtherExpenses": 62300000, "calculatedOperatingExpenses": 539200000, "calculatedNetInterest": 0, "calculatedOtherIncome": -7200000, "calculatedIncomeNonControlling": 0, "calculatedEbitda": 242100000}, {"date": "1993-12-31", "symbol": "TMO", "reportedCurrency": "USD", "cik": "0000097745", "fillingDate": "1994-03-09", "acceptedDate": "1994-03-09 00:00:00", "calendarYear": "1993", "period": "FY", "revenue": 1249700000, "costOfRevenue": 713100000, "grossProfit": 536600000, "grossProfitRatio": 0.4293830519, "researchAndDevelopmentExpenses": 0, "generalAndAdministrativeExpenses": 0, "sellingAndMarketingExpenses": 0, "sellingGeneralAndAdministrativeExpenses": 370600000, "otherExpenses": 42400000, "operatingExpenses": 413000000, "costAndExpenses": 1126100000, "interestIncome": 0, "interestExpense": 0, "depreciationAndAmortization": 42400000, "ebitda": 158500000, "ebitdaratio": 0.1268304393, "operatingIncome": 123600000, "operatingIncomeRatio": 0.0989037369, "totalOtherIncomeExpensesNet": 7500000, "incomeBeforeTax": 110000000, "incomeBeforeTaxRatio": 0.0880211251, "incomeTaxExpense": 33400000, "netIncome": 76600000, "netIncomeRatio": 0.0612947107, "eps": 0.33, "epsdiluted": 0.29, "weightedAverageShsOut": 107711000, "weightedAverageShsOutDil": 107711000, "link": "https://www.sec.gov/Archives/edgar/data/97745/000009774594000033/0000097745-94-000033-index.html", "finalLink": "https://www.sec.gov/Archives/edgar/data/97745/", "calculatedOtherExpenses": 42400000, "calculatedOperatingExpenses": 413000000, "calculatedNetInterest": 0, "calculatedOtherIncome": -13600000, "calculatedIncomeNonControlling": 0, "calculatedEbitda": 166000000}, {"date": "1992-12-31", "symbol": "TMO", "reportedCurrency": "USD", "cik": "0000097745", "fillingDate": "1992-12-31", "acceptedDate": "1992-12-30 19:00:00", "calendarYear": "1992", "period": "FY", "revenue": 949000000, "costOfRevenue": 579800000, "grossProfit": 369200000, "grossProfitRatio": 0.3890410959, "researchAndDevelopmentExpenses": 0, "generalAndAdministrativeExpenses": 0, "sellingAndMarketingExpenses": 0, "sellingGeneralAndAdministrativeExpenses": 271700000, "otherExpenses": 29200000, "operatingExpenses": 300900000, "costAndExpenses": 880700000, "interestIncome": 0, "interestExpense": 0, "depreciationAndAmortization": 29200000, "ebitda": 39500000, "ebitdaratio": 0.0416227608, "operatingIncome": 68300000, "operatingIncomeRatio": 0.0719704953, "totalOtherIncomeExpensesNet": 58000000, "incomeBeforeTax": 88100000, "incomeBeforeTaxRatio": 0.0928345627, "incomeTaxExpense": 27500000, "netIncome": 59200000, "netIncomeRatio": 0.0623814542, "eps": 0.18, "epsdiluted": 0.17, "weightedAverageShsOut": 91036000, "weightedAverageShsOutDil": 91036000, "link": "", "finalLink": "", "calculatedOtherExpenses": 29200000, "calculatedOperatingExpenses": 300900000, "calculatedNetInterest": 0, "calculatedOtherIncome": 19800000, "calculatedIncomeNonControlling": 1400000, "calculatedEbitda": 97500000}, {"date": "1991-12-31", "symbol": "TMO", "reportedCurrency": "USD", "cik": "0000097745", "fillingDate": "1991-12-31", "acceptedDate": "1991-12-30 19:00:00", "calendarYear": "1991", "period": "FY", "revenue": 805500000, "costOfRevenue": 510200000, "grossProfit": 295300000, "grossProfitRatio": 0.3666045934, "researchAndDevelopmentExpenses": 0, "generalAndAdministrativeExpenses": 0, "sellingAndMarketingExpenses": 0, "sellingGeneralAndAdministrativeExpenses": 233600000, "otherExpenses": 23400000, "operatingExpenses": 257000000, "costAndExpenses": 767200000, "interestIncome": 0, "interestExpense": 0, "depreciationAndAmortization": 23400000, "ebitda": 2400000, "ebitdaratio": 0.0029795158, "operatingIncome": 38300000, "operatingIncomeRatio": 0.0475481068, "totalOtherIncomeExpensesNet": 59300000, "incomeBeforeTax": 72000000, "incomeBeforeTaxRatio": 0.0893854749, "incomeTaxExpense": 24900000, "netIncome": 47100000, "netIncomeRatio": 0.0584729981, "eps": 0.17, "epsdiluted": 0.16, "weightedAverageShsOut": 87055000, "weightedAverageShsOutDil": 87055000, "link": "", "finalLink": "", "calculatedOtherExpenses": 23400000, "calculatedOperatingExpenses": 257000000, "calculatedNetInterest": 0, "calculatedOtherIncome": 33700000, "calculatedIncomeNonControlling": 0, "calculatedEbitda": 61700000}, {"date": "1990-12-31", "symbol": "TMO", "reportedCurrency": "USD", "cik": "0000097745", "fillingDate": "1990-12-31", "acceptedDate": "1990-12-30 19:00:00", "calendarYear": "1990", "period": "FY", "revenue": 708000000, "costOfRevenue": 443000000, "grossProfit": 265000000, "grossProfitRatio": 0.3742937853, "researchAndDevelopmentExpenses": 0, "generalAndAdministrativeExpenses": 0, "sellingAndMarketingExpenses": 0, "sellingGeneralAndAdministrativeExpenses": 210600000, "otherExpenses": 18800000, "operatingExpenses": 229400000, "costAndExpenses": 672400000, "interestIncome": 0, "interestExpense": 0, "depreciationAndAmortization": 18800000, "ebitda": 17900000, "ebitdaratio": 0.0252824859, "operatingIncome": 35600000, "operatingIncomeRatio": 0.0502824859, "totalOtherIncomeExpensesNet": 36500000, "incomeBeforeTax": 51000000, "incomeBeforeTaxRatio": 0.0720338983, "incomeTaxExpense": 17100000, "netIncome": 33900000, "netIncomeRatio": 0.0478813559, "eps": 0.14, "epsdiluted": 0.13, "weightedAverageShsOut": 70604000, "weightedAverageShsOutDil": 70604000, "link": "", "finalLink": "", "calculatedOtherExpenses": 18800000, "calculatedOperatingExpenses": 229400000, "calculatedNetInterest": 0, "calculatedOtherIncome": 15400000, "calculatedIncomeNonControlling": 0, "calculatedEbitda": 54400000}, {"date": "1989-12-31", "symbol": "TMO", "reportedCurrency": "USD", "cik": "0000097745", "fillingDate": "1989-12-31", "acceptedDate": "1989-12-30 19:00:00", "calendarYear": "1989", "period": "FY", "revenue": 579000000, "costOfRevenue": 384100000, "grossProfit": 194900000, "grossProfitRatio": 0.3366148532, "researchAndDevelopmentExpenses": 0, "generalAndAdministrativeExpenses": 0, "sellingAndMarketingExpenses": 0, "sellingGeneralAndAdministrativeExpenses": 164400000, "otherExpenses": 12700000, "operatingExpenses": 177100000, "costAndExpenses": 561200000, "interestIncome": 0, "interestExpense": 0, "depreciationAndAmortization": 12700000, "ebitda": -800000, "ebitdaratio": -0.0013816926, "operatingIncome": 17800000, "operatingIncomeRatio": 0.0307426598, "totalOtherIncomeExpensesNet": 31300000, "incomeBeforeTax": 34200000, "incomeBeforeTaxRatio": 0.0590673575, "incomeTaxExpense": 9600000, "netIncome": 24600000, "netIncomeRatio": 0.0424870466, "eps": 0.11, "epsdiluted": 0.1, "weightedAverageShsOut": 61063000, "weightedAverageShsOutDil": 61063000, "link": "", "finalLink": "", "calculatedOtherExpenses": 12700000, "calculatedOperatingExpenses": 177100000, "calculatedNetInterest": 0, "calculatedOtherIncome": 16400000, "calculatedIncomeNonControlling": 0, "calculatedEbitda": 30500000}, {"date": "1988-12-31", "symbol": "TMO", "reportedCurrency": "USD", "cik": "0000097745", "fillingDate": "1988-12-31", "acceptedDate": "1988-12-30 19:00:00", "calendarYear": "1988", "period": "FY", "revenue": 500600000, "costOfRevenue": 325700000, "grossProfit": 174900000, "grossProfitRatio": 0.3493807431, "researchAndDevelopmentExpenses": 0, "generalAndAdministrativeExpenses": 0, "sellingAndMarketingExpenses": 0, "sellingGeneralAndAdministrativeExpenses": 144600000, "otherExpenses": 11100000, "operatingExpenses": 155700000, "costAndExpenses": 481400000, "interestIncome": 0, "interestExpense": 0, "depreciationAndAmortization": 11100000, "ebitda": 9800000, "ebitdaratio": 0.0195765082, "operatingIncome": 19200000, "operatingIncomeRatio": 0.0383539752, "totalOtherIncomeExpensesNet": 20500000, "incomeBeforeTax": 27400000, "incomeBeforeTaxRatio": 0.0547343188, "incomeTaxExpense": 7300000, "netIncome": 20100000, "netIncomeRatio": 0.0401518178, "eps": 0.0978, "epsdiluted": 0.0919, "weightedAverageShsOut": 58718000, "weightedAverageShsOutDil": 58718000, "link": "", "finalLink": "", "calculatedOtherExpenses": 11100000, "calculatedOperatingExpenses": 155700000, "calculatedNetInterest": 0, "calculatedOtherIncome": 8200000, "calculatedIncomeNonControlling": 0, "calculatedEbitda": 30300000}, {"date": "1987-12-31", "symbol": "TMO", "reportedCurrency": "USD", "cik": "0000097745", "fillingDate": "1987-12-31", "acceptedDate": "1987-12-30 19:00:00", "calendarYear": "1987", "period": "FY", "revenue": 383400000, "costOfRevenue": 248700000, "grossProfit": 134700000, "grossProfitRatio": 0.3513302034, "researchAndDevelopmentExpenses": 0, "generalAndAdministrativeExpenses": 0, "sellingAndMarketingExpenses": 0, "sellingGeneralAndAdministrativeExpenses": 117100000, "otherExpenses": 10100000, "operatingExpenses": 127200000, "costAndExpenses": 375900000, "interestIncome": 0, "interestExpense": 0, "depreciationAndAmortization": 10100000, "ebitda": -7100000, "ebitdaratio": -0.0185185185, "operatingIncome": 7500000, "operatingIncomeRatio": 0.0195618153, "totalOtherIncomeExpensesNet": 24700000, "incomeBeforeTax": 22700000, "incomeBeforeTaxRatio": 0.0592070944, "incomeTaxExpense": 4600000, "netIncome": 18100000, "netIncomeRatio": 0.047209181, "eps": 0.0889, "epsdiluted": 0.0859, "weightedAverageShsOut": 57909000, "weightedAverageShsOutDil": 57909000, "link": "", "finalLink": "", "calculatedOtherExpenses": 10100000, "calculatedOperatingExpenses": 127200000, "calculatedNetInterest": 0, "calculatedOtherIncome": 15200000, "calculatedIncomeNonControlling": 0, "calculatedEbitda": 17600000}, {"date": "1986-12-31", "symbol": "TMO", "reportedCurrency": "USD", "cik": "0000097745", "fillingDate": "1986-12-31", "acceptedDate": "1986-12-30 19:00:00", "calendarYear": "1986", "period": "FY", "revenue": 331600000, "costOfRevenue": 219300000, "grossProfit": 112300000, "grossProfitRatio": 0.3386610374, "researchAndDevelopmentExpenses": 0, "generalAndAdministrativeExpenses": 0, "sellingAndMarketingExpenses": 0, "sellingGeneralAndAdministrativeExpenses": 91600000, "otherExpenses": 8400000, "operatingExpenses": 100000000, "costAndExpenses": 319300000, "interestIncome": 0, "interestExpense": 0, "depreciationAndAmortization": 8400000, "ebitda": 11400000, "ebitdaratio": 0.0343787696, "operatingIncome": 12300000, "operatingIncomeRatio": 0.037092883, "totalOtherIncomeExpensesNet": 9300000, "incomeBeforeTax": 17200000, "incomeBeforeTaxRatio": 0.0518697226, "incomeTaxExpense": 2900000, "netIncome": 14300000, "netIncomeRatio": 0.0431242461, "eps": 0.0741, "epsdiluted": 0.0741, "weightedAverageShsOut": 58738000, "weightedAverageShsOutDil": 58738000, "link": "", "finalLink": "", "calculatedOtherExpenses": 8400000, "calculatedOperatingExpenses": 100000000, "calculatedNetInterest": 0, "calculatedOtherIncome": 4900000, "calculatedIncomeNonControlling": 0, "calculatedEbitda": 20700000}, {"date": "1985-12-31", "symbol": "TMO", "reportedCurrency": "USD", "cik": "0000097745", "fillingDate": "1985-12-31", "acceptedDate": "1985-12-30 19:00:00", "calendarYear": "1985", "period": "FY", "revenue": 265700000, "costOfRevenue": 174300000, "grossProfit": 91400000, "grossProfitRatio": 0.3439969891, "researchAndDevelopmentExpenses": 0, "generalAndAdministrativeExpenses": 0, "sellingAndMarketingExpenses": 0, "sellingGeneralAndAdministrativeExpenses": 78700000, "otherExpenses": 7800000, "operatingExpenses": 86500000, "costAndExpenses": 260800000, "interestIncome": 0, "interestExpense": 0, "depreciationAndAmortization": 7800000, "ebitda": 1200000, "ebitdaratio": 0.0045163718, "operatingIncome": 4900000, "operatingIncomeRatio": 0.0184418517, "totalOtherIncomeExpensesNet": 11500000, "incomeBeforeTax": 11800000, "incomeBeforeTaxRatio": 0.0444109898, "incomeTaxExpense": 2200000, "netIncome": 9600000, "netIncomeRatio": 0.0361309748, "eps": 0.0395, "epsdiluted": 0.0375, "weightedAverageShsOut": 48801000, "weightedAverageShsOutDil": 48801000, "link": "", "finalLink": "", "calculatedOtherExpenses": 7800000, "calculatedOperatingExpenses": 86500000, "calculatedNetInterest": 0, "calculatedOtherIncome": 6900000, "calculatedIncomeNonControlling": 0, "calculatedEbitda": 12700000}]}