{"originalCurrency": "USD", "convertedCurrency": "USD", "report": [{"date": "2023-12-31", "symbol": "TNDM", "reportedCurrency": "USD", "cik": "0001438133", "fillingDate": "2024-02-21", "acceptedDate": "2024-02-21 16:33:22", "calendarYear": "2023", "period": "FY", "revenue": 747718000, "costOfRevenue": 380028000, "grossProfit": 367690000, "grossProfitRatio": 0.4917495633, "researchAndDevelopmentExpenses": 169667000, "generalAndAdministrativeExpenses": 0, "sellingAndMarketingExpenses": 0, "sellingGeneralAndAdministrativeExpenses": 352503000, "otherExpenses": 78750000, "operatingExpenses": 522170000, "costAndExpenses": 902198000, "interestIncome": 22858000, "interestExpense": 7565000, "depreciationAndAmortization": 15715000, "ebitda": -118224000, "ebitdaratio": -0.1581130854, "operatingIncome": -233230000, "operatingIncomeRatio": -0.3119224093, "totalOtherIncomeExpensesNet": -78750000, "incomeBeforeTax": -220254000, "incomeBeforeTaxRatio": -0.2945682731, "incomeTaxExpense": 2357000, "netIncome": -222611000, "netIncomeRatio": -0.297720531, "eps": -3.43, "epsdiluted": -3.43, "weightedAverageShsOut": 64968999, "weightedAverageShsOutDil": 64968999, "link": "https://www.sec.gov/Archives/edgar/data/1438133/000143813324000028/0001438133-24-000028-index.htm", "finalLink": "https://www.sec.gov/Archives/edgar/data/1438133/000143813324000028/tndm-20231231.htm", "calculatedOtherExpenses": 78750000, "calculatedOperatingExpenses": 600920000, "calculatedNetInterest": 15293000, "calculatedOtherIncome": -2317000, "calculatedIncomeNonControlling": 0, "calculatedEbitda": -217515000}, {"date": "2022-12-31", "symbol": "TNDM", "reportedCurrency": "USD", "cik": "0001438133", "fillingDate": "2023-02-22", "acceptedDate": "2023-02-22 16:08:52", "calendarYear": "2022", "period": "FY", "revenue": 801217000, "costOfRevenue": 388231000, "grossProfit": 412986000, "grossProfitRatio": 0.5154483742, "researchAndDevelopmentExpenses": 139114000, "generalAndAdministrativeExpenses": 0, "sellingAndMarketingExpenses": 0, "sellingGeneralAndAdministrativeExpenses": 335681000, "otherExpenses": -4000, "operatingExpenses": 474795000, "costAndExpenses": 863026000, "interestIncome": 6057000, "interestExpense": 4313000, "depreciationAndAmortization": 31039000, "ebitda": -30770000, "ebitdaratio": -0.0384040778, "operatingIncome": -61809000, "operatingIncomeRatio": -0.0771438948, "totalOtherIncomeExpensesNet": -31043000, "incomeBeforeTax": -92852000, "incomeBeforeTaxRatio": -0.1158887043, "incomeTaxExpense": 1742000, "netIncome": -94594000, "netIncomeRatio": -0.1180628968, "eps": -1.47, "epsdiluted": -1.47, "weightedAverageShsOut": 64146000, "weightedAverageShsOutDil": 64146000, "link": "https://www.sec.gov/Archives/edgar/data/1438133/000143813323000031/0001438133-23-000031-index.htm", "finalLink": "https://www.sec.gov/Archives/edgar/data/1438133/000143813323000031/tndm-20221231.htm", "calculatedOtherExpenses": 0, "calculatedOperatingExpenses": 474795000, "calculatedNetInterest": 1744000, "calculatedOtherIncome": -32787000, "calculatedIncomeNonControlling": 0, "calculatedEbitda": -30770000}, {"date": "2021-12-31", "symbol": "TNDM", "reportedCurrency": "USD", "cik": "0001438133", "fillingDate": "2022-02-22", "acceptedDate": "2022-02-22 16:11:09", "calendarYear": "2021", "period": "FY", "revenue": 702799000, "costOfRevenue": 326584000, "grossProfit": 376215000, "grossProfitRatio": 0.5353095266, "researchAndDevelopmentExpenses": 92054000, "generalAndAdministrativeExpenses": 0, "sellingAndMarketingExpenses": 0, "sellingGeneralAndAdministrativeExpenses": 261508000, "otherExpenses": 0, "operatingExpenses": 353562000, "costAndExpenses": 680146000, "interestIncome": 674000, "interestExpense": 4313000, "depreciationAndAmortization": 13845000, "ebitda": 22653000, "ebitdaratio": 0.0322325444, "operatingIncome": 8808000, "operatingIncomeRatio": 0.0125327441, "totalOtherIncomeExpensesNet": 7093000, "incomeBeforeTax": 15901000, "incomeBeforeTaxRatio": 0.0226252456, "incomeTaxExpense": 335000, "netIncome": 15566000, "netIncomeRatio": 0.0221485802, "eps": 0.25, "epsdiluted": 0.24, "weightedAverageShsOut": 63000000, "weightedAverageShsOutDil": 64349000, "link": "https://www.sec.gov/Archives/edgar/data/1438133/000143813322000021/0001438133-22-000021-index.htm", "finalLink": "https://www.sec.gov/Archives/edgar/data/1438133/000143813322000021/tndm-20211231.htm", "calculatedOtherExpenses": 13845000, "calculatedOperatingExpenses": 367407000, "calculatedNetInterest": -3639000, "calculatedOtherIncome": 10732000, "calculatedIncomeNonControlling": 0, "calculatedEbitda": 22653000}, {"date": "2020-12-31", "symbol": "TNDM", "reportedCurrency": "USD", "cik": "0001438133", "fillingDate": "2021-02-24", "acceptedDate": "2021-02-24 16:12:08", "calendarYear": "2020", "period": "FY", "revenue": 498830000, "costOfRevenue": 238310000, "grossProfit": 260520000, "grossProfitRatio": 0.5222620933, "researchAndDevelopmentExpenses": 63574000, "generalAndAdministrativeExpenses": 0, "sellingAndMarketingExpenses": 0, "sellingGeneralAndAdministrativeExpenses": 204903000, "otherExpenses": 0, "operatingExpenses": 268477000, "costAndExpenses": 506787000, "interestIncome": 1567000, "interestExpense": 12153000, "depreciationAndAmortization": 10451000, "ebitda": -7957000, "ebitdaratio": -0.0159513261, "operatingIncome": -7957000, "operatingIncomeRatio": -0.0159513261, "totalOtherIncomeExpensesNet": -28325000, "incomeBeforeTax": -36282000, "incomeBeforeTaxRatio": -0.072734198, "incomeTaxExpense": -1900000, "netIncome": -34382000, "netIncomeRatio": -0.0689252852, "eps": -0.56, "epsdiluted": -0.56, "weightedAverageShsOut": 60990000, "weightedAverageShsOutDil": 60990000, "link": "https://www.sec.gov/Archives/edgar/data/1438133/000143813321000015/0001438133-21-000015-index.htm", "finalLink": "https://www.sec.gov/Archives/edgar/data/1438133/000143813321000015/tndm-20201231.htm", "calculatedOtherExpenses": 0, "calculatedOperatingExpenses": 268477000, "calculatedNetInterest": -10586000, "calculatedOtherIncome": -17739000, "calculatedIncomeNonControlling": 0, "calculatedEbitda": 2494000}, {"date": "2019-12-31", "symbol": "TNDM", "reportedCurrency": "USD", "cik": "0001438133", "fillingDate": "2020-02-24", "acceptedDate": "2020-02-24 16:11:52", "calendarYear": "2019", "period": "FY", "revenue": 362305000, "costOfRevenue": 168093000, "grossProfit": 194212000, "grossProfitRatio": 0.5360455969, "researchAndDevelopmentExpenses": 45199000, "generalAndAdministrativeExpenses": 0, "sellingAndMarketingExpenses": 0, "sellingGeneralAndAdministrativeExpenses": 165735000, "otherExpenses": -7882000, "operatingExpenses": 210934000, "costAndExpenses": 379027000, "interestIncome": 3271000, "interestExpense": 78000, "depreciationAndAmortization": 6072000, "ebitda": -16722000, "ebitdaratio": -0.0461544831, "operatingIncome": -16722000, "operatingIncomeRatio": -0.0461544831, "totalOtherIncomeExpensesNet": -7882000, "incomeBeforeTax": -24604000, "incomeBeforeTaxRatio": -0.0679096341, "incomeTaxExpense": 149000, "netIncome": -24753000, "netIncomeRatio": -0.0683208899, "eps": -0.42, "epsdiluted": -0.42, "weightedAverageShsOut": 58507000, "weightedAverageShsOutDil": 58507000, "link": "https://www.sec.gov/Archives/edgar/data/1438133/000143813320000014/0001438133-20-000014-index.htm", "finalLink": "https://www.sec.gov/Archives/edgar/data/1438133/000143813320000014/tndm-20191231x10k.htm", "calculatedOtherExpenses": 0, "calculatedOperatingExpenses": 210934000, "calculatedNetInterest": 3193000, "calculatedOtherIncome": -11075000, "calculatedIncomeNonControlling": 0, "calculatedEbitda": -10650000}, {"date": "2018-12-31", "symbol": "TNDM", "reportedCurrency": "USD", "cik": "0001438133", "fillingDate": "2019-02-26", "acceptedDate": "2019-02-26 16:17:01", "calendarYear": "2018", "period": "FY", "revenue": 183866000, "costOfRevenue": 94044000, "grossProfit": 89822000, "grossProfitRatio": 0.4885188126, "researchAndDevelopmentExpenses": 29227000, "generalAndAdministrativeExpenses": 0, "sellingAndMarketingExpenses": 0, "sellingGeneralAndAdministrativeExpenses": 105226000, "otherExpenses": -77929000, "operatingExpenses": 134453000, "costAndExpenses": 228497000, "interestIncome": 1462000, "interestExpense": 7584000, "depreciationAndAmortization": 5821000, "ebitda": -44631000, "ebitdaratio": -0.2427365581, "operatingIncome": -44631000, "operatingIncomeRatio": -0.2427365581, "totalOtherIncomeExpensesNet": -77929000, "incomeBeforeTax": -122560000, "incomeBeforeTaxRatio": -0.6665723951, "incomeTaxExpense": 51000, "netIncome": -122611000, "netIncomeRatio": -0.666849771, "eps": -2.55, "epsdiluted": -2.55, "weightedAverageShsOut": 48129000, "weightedAverageShsOutDil": 48129000, "link": "https://www.sec.gov/Archives/edgar/data/1438133/000156459019004469/0001564590-19-004469-index.htm", "finalLink": "https://www.sec.gov/Archives/edgar/data/1438133/000156459019004469/tndm-10k_20181231.htm", "calculatedOtherExpenses": 0, "calculatedOperatingExpenses": 134453000, "calculatedNetInterest": -6122000, "calculatedOtherIncome": -71807000, "calculatedIncomeNonControlling": 0, "calculatedEbitda": -38810000}, {"date": "2017-12-31", "symbol": "TNDM", "reportedCurrency": "USD", "cik": "0001438133", "fillingDate": "2018-03-01", "acceptedDate": "2018-03-01 16:59:26", "calendarYear": "2017", "period": "FY", "revenue": 107601000, "costOfRevenue": 63507000, "grossProfit": 44094000, "grossProfitRatio": 0.4097917306, "researchAndDevelopmentExpenses": 20661000, "generalAndAdministrativeExpenses": 86377000, "sellingAndMarketingExpenses": 0, "sellingGeneralAndAdministrativeExpenses": 86377000, "otherExpenses": -10081000, "operatingExpenses": 107038000, "costAndExpenses": 170545000, "interestIncome": 239000, "interestExpense": 11341000, "depreciationAndAmortization": 6866000, "ebitda": -62944000, "ebitdaratio": -0.5849759761, "operatingIncome": -62944000, "operatingIncomeRatio": -0.5849759761, "totalOtherIncomeExpensesNet": -10081000, "incomeBeforeTax": -73025000, "incomeBeforeTaxRatio": -0.6786646964, "incomeTaxExpense": 8000, "netIncome": -73033000, "netIncomeRatio": -0.6787390452, "eps": -12.86, "epsdiluted": -12.86, "weightedAverageShsOut": 5677000, "weightedAverageShsOutDil": 5677000, "link": "https://www.sec.gov/Archives/edgar/data/1438133/000156459018004141/0001564590-18-004141-index.htm", "finalLink": "https://www.sec.gov/Archives/edgar/data/1438133/000156459018004141/tndm-10k_20171231.htm", "calculatedOtherExpenses": 0, "calculatedOperatingExpenses": 107038000, "calculatedNetInterest": -11102000, "calculatedOtherIncome": 1021000, "calculatedIncomeNonControlling": 0, "calculatedEbitda": -56078000}, {"date": "2016-12-31", "symbol": "TNDM", "reportedCurrency": "USD", "cik": "0001438133", "fillingDate": "2017-03-08", "acceptedDate": "2017-03-08 16:06:32", "calendarYear": "2016", "period": "FY", "revenue": 84248000, "costOfRevenue": 60656000, "grossProfit": 23592000, "grossProfitRatio": 0.2800303865, "researchAndDevelopmentExpenses": 18809000, "generalAndAdministrativeExpenses": 82834000, "sellingAndMarketingExpenses": 0, "sellingGeneralAndAdministrativeExpenses": 82834000, "otherExpenses": -5411000, "operatingExpenses": 101643000, "costAndExpenses": 162299000, "interestIncome": 296000, "interestExpense": 5707000, "depreciationAndAmortization": 5489000, "ebitda": -78051000, "ebitdaratio": -0.9264433577, "operatingIncome": -78051000, "operatingIncomeRatio": -0.9264433577, "totalOtherIncomeExpensesNet": -5411000, "incomeBeforeTax": -83462000, "incomeBeforeTaxRatio": -0.9906704017, "incomeTaxExpense": -15000, "netIncome": -83447000, "netIncomeRatio": -0.9904923559, "eps": -27.3, "epsdiluted": -27.3, "weightedAverageShsOut": 3057000, "weightedAverageShsOutDil": 3057000, "link": "https://www.sec.gov/Archives/edgar/data/1438133/000156459017003680/0001564590-17-003680-index.htm", "finalLink": "https://www.sec.gov/Archives/edgar/data/1438133/000156459017003680/tndm-10k_20161231.htm", "calculatedOtherExpenses": 0, "calculatedOperatingExpenses": 101643000, "calculatedNetInterest": -5411000, "calculatedOtherIncome": 0, "calculatedIncomeNonControlling": 0, "calculatedEbitda": -72562000}, {"date": "2015-12-31", "symbol": "TNDM", "reportedCurrency": "USD", "cik": "0001438133", "fillingDate": "2016-02-24", "acceptedDate": "2016-02-24 16:16:23", "calendarYear": "2015", "period": "FY", "revenue": 72850000, "costOfRevenue": 46270000, "grossProfit": 26580000, "grossProfitRatio": 0.3648592999, "researchAndDevelopmentExpenses": 16963000, "generalAndAdministrativeExpenses": 78621000, "sellingAndMarketingExpenses": 0, "sellingGeneralAndAdministrativeExpenses": 78621000, "otherExpenses": -3404000, "operatingExpenses": 95584000, "costAndExpenses": 141854000, "interestIncome": 337000, "interestExpense": 3741000, "depreciationAndAmortization": 4829000, "ebitda": -69004000, "ebitdaratio": -0.9472065889, "operatingIncome": -69004000, "operatingIncomeRatio": -0.9472065889, "totalOtherIncomeExpensesNet": -3404000, "incomeBeforeTax": -72408000, "incomeBeforeTaxRatio": -0.9939327385, "incomeTaxExpense": 10000, "netIncome": -72418000, "netIncomeRatio": -0.9940700069, "eps": -25.04, "epsdiluted": -25.04, "weightedAverageShsOut": 2892000, "weightedAverageShsOutDil": 2892000, "link": "https://www.sec.gov/Archives/edgar/data/1438133/000156459016013192/0001564590-16-013192-index.htm", "finalLink": "https://www.sec.gov/Archives/edgar/data/1438133/000156459016013192/tndm-10k_20151231.htm", "calculatedOtherExpenses": 0, "calculatedOperatingExpenses": 95584000, "calculatedNetInterest": -3404000, "calculatedOtherIncome": 0, "calculatedIncomeNonControlling": 0, "calculatedEbitda": -64175000}, {"date": "2014-12-31", "symbol": "TNDM", "reportedCurrency": "USD", "cik": "0001438133", "fillingDate": "2015-02-24", "acceptedDate": "2015-02-24 16:10:47", "calendarYear": "2014", "period": "FY", "revenue": 49722000, "costOfRevenue": 34474000, "grossProfit": 15248000, "grossProfitRatio": 0.3066650577, "researchAndDevelopmentExpenses": 15791000, "generalAndAdministrativeExpenses": 75121000, "sellingAndMarketingExpenses": 0, "sellingGeneralAndAdministrativeExpenses": 75121000, "otherExpenses": -3789000, "operatingExpenses": 90912000, "costAndExpenses": 125386000, "interestIncome": 112000, "interestExpense": 3901000, "depreciationAndAmortization": 4389000, "ebitda": -75664000, "ebitdaratio": -1.5217408793, "operatingIncome": -75664000, "operatingIncomeRatio": -1.5217408793, "totalOtherIncomeExpensesNet": -3789000, "incomeBeforeTax": -79453000, "incomeBeforeTaxRatio": -1.5979445718, "incomeTaxExpense": 71000, "netIncome": -79524000, "netIncomeRatio": -1.5993725112, "eps": -34.17, "epsdiluted": -34.17, "weightedAverageShsOut": 2327200, "weightedAverageShsOutDil": 2327200, "link": "https://www.sec.gov/Archives/edgar/data/1438133/000156459015000886/0001564590-15-000886-index.htm", "finalLink": "https://www.sec.gov/Archives/edgar/data/1438133/000156459015000886/tndm-10k_20141231.htm", "calculatedOtherExpenses": 0, "calculatedOperatingExpenses": 90912000, "calculatedNetInterest": -3789000, "calculatedOtherIncome": 0, "calculatedIncomeNonControlling": 0, "calculatedEbitda": -71275000}, {"date": "2013-12-31", "symbol": "TNDM", "reportedCurrency": "USD", "cik": "0001438133", "fillingDate": "2014-03-06", "acceptedDate": "2014-03-06 16:51:08", "calendarYear": "2013", "period": "FY", "revenue": 29006638, "costOfRevenue": 22840242, "grossProfit": 6166396, "grossProfitRatio": 0.2125856847, "researchAndDevelopmentExpenses": 11079200, "generalAndAdministrativeExpenses": 0, "sellingAndMarketingExpenses": 0, "sellingGeneralAndAdministrativeExpenses": 44521197, "otherExpenses": 44521197, "operatingExpenses": 55600397, "costAndExpenses": 78440639, "interestIncome": 6636, "interestExpense": 4709779, "depreciationAndAmortization": 3166845, "ebitda": -46260520, "ebitdaratio": -1.5948252948, "operatingIncome": -49434001, "operatingIncomeRatio": -1.7042306316, "totalOtherIncomeExpensesNet": -9001705, "incomeBeforeTax": -63138849, "incomeBeforeTaxRatio": -2.1767034497, "incomeTaxExpense": 4709779, "netIncome": -63138849, "netIncomeRatio": -2.1767034497, "eps": -214.61, "epsdiluted": -214.61, "weightedAverageShsOut": 294200, "weightedAverageShsOutDil": 294200, "link": "https://www.sec.gov/Archives/edgar/data/1438133/000119312514086714/0001193125-14-086714-index.htm", "finalLink": "https://www.sec.gov/Archives/edgar/data/1438133/000119312514086714/d686722d10k.htm", "calculatedOtherExpenses": 0, "calculatedOperatingExpenses": 55600397, "calculatedNetInterest": -4703143, "calculatedOtherIncome": -9001705, "calculatedIncomeNonControlling": -4709779, "calculatedEbitda": -46267156}, {"date": "2012-12-31", "symbol": "TNDM", "reportedCurrency": "USD", "cik": "0001438133", "fillingDate": "2012-12-31", "acceptedDate": "2012-12-30 19:00:00", "calendarYear": "2012", "period": "FY", "revenue": 2474698, "costOfRevenue": 3822950, "grossProfit": -1348252, "grossProfitRatio": -0.5448147612, "researchAndDevelopmentExpenses": 9009030, "generalAndAdministrativeExpenses": 0, "sellingAndMarketingExpenses": 0, "sellingGeneralAndAdministrativeExpenses": 22690877, "otherExpenses": 22690877, "operatingExpenses": 31699907, "costAndExpenses": 35522857, "interestIncome": 2425, "interestExpense": 2525250, "depreciationAndAmortization": 2032197, "ebitda": -31013537, "ebitdaratio": -12.532251208, "operatingIncome": -33048159, "operatingIncomeRatio": -13.3544210243, "totalOtherIncomeExpensesNet": 2555899, "incomeBeforeTax": -33015085, "incomeBeforeTaxRatio": -13.3410561612, "incomeTaxExpense": 2525250, "netIncome": -33015085, "netIncomeRatio": -13.3410561612, "eps": -26.32, "epsdiluted": -26.32, "weightedAverageShsOut": 1254246, "weightedAverageShsOutDil": 1254246, "link": "", "finalLink": "", "calculatedOtherExpenses": 0, "calculatedOperatingExpenses": 31699907, "calculatedNetInterest": -2522825, "calculatedOtherIncome": 2555899, "calculatedIncomeNonControlling": -2525250, "calculatedEbitda": -31015962}, {"date": "2011-12-31", "symbol": "TNDM", "reportedCurrency": "USD", "cik": "0001438133", "fillingDate": "2011-12-31", "acceptedDate": "2011-12-30 19:00:00", "calendarYear": "2011", "period": "FY", "revenue": 0, "costOfRevenue": 0, "grossProfit": 0, "grossProfitRatio": 0, "researchAndDevelopmentExpenses": 8260817, "generalAndAdministrativeExpenses": 0, "sellingAndMarketingExpenses": 0, "sellingGeneralAndAdministrativeExpenses": 15950892, "otherExpenses": 0, "operatingExpenses": 24211709, "costAndExpenses": 24211709, "interestIncome": 13656, "interestExpense": 542175, "depreciationAndAmortization": 1276532, "ebitda": -22921521, "ebitdaratio": 0, "operatingIncome": -24211709, "operatingIncomeRatio": 0, "totalOtherIncomeExpensesNet": -769596, "incomeBeforeTax": -25509824, "incomeBeforeTaxRatio": 0, "incomeTaxExpense": 542175, "netIncome": -25509824, "netIncomeRatio": 0, "eps": -20.34, "epsdiluted": -20.34, "weightedAverageShsOut": 1254246, "weightedAverageShsOutDil": 1254246, "link": "", "finalLink": "", "calculatedOtherExpenses": 0, "calculatedOperatingExpenses": 24211709, "calculatedNetInterest": -528519, "calculatedOtherIncome": -769596, "calculatedIncomeNonControlling": -542175, "calculatedEbitda": -22935177}]}