{"originalCurrency": "USD", "convertedCurrency": "USD", "report": [{"date": "2023-12-31", "symbol": "TNET", "reportedCurrency": "USD", "cik": "0000937098", "fillingDate": "2024-02-15", "acceptedDate": "2024-02-15 16:36:34", "calendarYear": "2023", "period": "FY", "revenue": 4922000000, "costOfRevenue": 3892000000, "grossProfit": 1030000000, "grossProfitRatio": 0.2092645266, "researchAndDevelopmentExpenses": 65000000, "generalAndAdministrativeExpenses": 211000000, "sellingAndMarketingExpenses": 285000000, "sellingGeneralAndAdministrativeExpenses": 496000000, "otherExpenses": 0, "operatingExpenses": 561000000, "costAndExpenses": 4453000000, "interestIncome": 72000000, "interestExpense": 40000000, "depreciationAndAmortization": 121000000, "ebitda": 590000000, "ebitdaratio": 0.1198699716, "operatingIncome": 469000000, "operatingIncomeRatio": 0.0952864689, "totalOtherIncomeExpensesNet": 32000000, "incomeBeforeTax": 501000000, "incomeBeforeTaxRatio": 0.1017878911, "incomeTaxExpense": 126000000, "netIncome": 375000000, "netIncomeRatio": 0.0761885412, "eps": 6.58, "epsdiluted": 6.58, "weightedAverageShsOut": 57000000, "weightedAverageShsOutDil": 57000000, "link": "https://www.sec.gov/Archives/edgar/data/937098/000093709824000025/0000937098-24-000025-index.htm", "finalLink": "https://www.sec.gov/Archives/edgar/data/937098/000093709824000025/tnet-20231231.htm", "calculatedOtherExpenses": 0, "calculatedOperatingExpenses": 561000000, "calculatedNetInterest": 32000000, "calculatedOtherIncome": 0, "calculatedIncomeNonControlling": 0, "calculatedEbitda": 590000000}, {"date": "2022-12-31", "symbol": "TNET", "reportedCurrency": "USD", "cik": "0000937098", "fillingDate": "2023-02-15", "acceptedDate": "2023-02-15 17:26:05", "calendarYear": "2022", "period": "FY", "revenue": 4885000000, "costOfRevenue": 3766000000, "grossProfit": 1119000000, "grossProfitRatio": 0.2290685773, "researchAndDevelopmentExpenses": 73000000, "generalAndAdministrativeExpenses": 241000000, "sellingAndMarketingExpenses": 242000000, "sellingGeneralAndAdministrativeExpenses": 483000000, "otherExpenses": 64000000, "operatingExpenses": 620000000, "costAndExpenses": 4386000000, "interestIncome": 22000000, "interestExpense": 39000000, "depreciationAndAmortization": 148000000, "ebitda": 647000000, "ebitdaratio": 0.1324462641, "operatingIncome": 499000000, "operatingIncomeRatio": 0.1021494371, "totalOtherIncomeExpensesNet": -17000000, "incomeBeforeTax": 482000000, "incomeBeforeTaxRatio": 0.0986693961, "incomeTaxExpense": 127000000, "netIncome": 355000000, "netIncomeRatio": 0.0726714432, "eps": 5.63, "epsdiluted": 5.55, "weightedAverageShsOut": 63000000, "weightedAverageShsOutDil": 64000000, "link": "https://www.sec.gov/Archives/edgar/data/937098/000093709823000028/0000937098-23-000028-index.htm", "finalLink": "https://www.sec.gov/Archives/edgar/data/937098/000093709823000028/tnet-20221231.htm", "calculatedOtherExpenses": 64000000, "calculatedOperatingExpenses": 620000000, "calculatedNetInterest": -17000000, "calculatedOtherIncome": 0, "calculatedIncomeNonControlling": 0, "calculatedEbitda": 647000000}, {"date": "2021-12-31", "symbol": "TNET", "reportedCurrency": "USD", "cik": "0000937098", "fillingDate": "2022-02-14", "acceptedDate": "2022-02-14 16:29:36", "calendarYear": "2021", "period": "FY", "revenue": 4540000000, "costOfRevenue": 3603000000, "grossProfit": 937000000, "grossProfitRatio": 0.2063876652, "researchAndDevelopmentExpenses": 50000000, "generalAndAdministrativeExpenses": 176000000, "sellingAndMarketingExpenses": 202000000, "sellingGeneralAndAdministrativeExpenses": 378000000, "otherExpenses": 54000000, "operatingExpenses": 482000000, "costAndExpenses": 4085000000, "interestIncome": 6000000, "interestExpense": 20000000, "depreciationAndAmortization": 100000000, "ebitda": 555000000, "ebitdaratio": 0.122246696, "operatingIncome": 455000000, "operatingIncomeRatio": 0.1002202643, "totalOtherIncomeExpensesNet": -14000000, "incomeBeforeTax": 441000000, "incomeBeforeTaxRatio": 0.0971365639, "incomeTaxExpense": 103000000, "netIncome": 338000000, "netIncomeRatio": 0.0744493392, "eps": 5.12, "epsdiluted": 5.04, "weightedAverageShsOut": 66000000, "weightedAverageShsOutDil": 67000000, "link": "https://www.sec.gov/Archives/edgar/data/937098/000093709822000048/0000937098-22-000048-index.htm", "finalLink": "https://www.sec.gov/Archives/edgar/data/937098/000093709822000048/tnet-20211231.htm", "calculatedOtherExpenses": 54000000, "calculatedOperatingExpenses": 482000000, "calculatedNetInterest": -14000000, "calculatedOtherIncome": 0, "calculatedIncomeNonControlling": 0, "calculatedEbitda": 555000000}, {"date": "2020-12-31", "symbol": "TNET", "reportedCurrency": "USD", "cik": "0000937098", "fillingDate": "2021-02-16", "acceptedDate": "2021-02-16 16:36:37", "calendarYear": "2020", "period": "FY", "revenue": 4034000000, "costOfRevenue": 3241000000, "grossProfit": 793000000, "grossProfitRatio": 0.1965790778, "researchAndDevelopmentExpenses": 40000000, "generalAndAdministrativeExpenses": 152000000, "sellingAndMarketingExpenses": 186000000, "sellingGeneralAndAdministrativeExpenses": 338000000, "otherExpenses": 47000000, "operatingExpenses": 425000000, "costAndExpenses": 3666000000, "interestIncome": 10000000, "interestExpense": 21000000, "depreciationAndAmortization": 91000000, "ebitda": 459000000, "ebitdaratio": 0.1137828458, "operatingIncome": 368000000, "operatingIncomeRatio": 0.091224591, "totalOtherIncomeExpensesNet": -11000000, "incomeBeforeTax": 357000000, "incomeBeforeTaxRatio": 0.088497769, "incomeTaxExpense": 85000000, "netIncome": 272000000, "netIncomeRatio": 0.0674268716, "eps": 4.06, "epsdiluted": 4, "weightedAverageShsOut": 67000000, "weightedAverageShsOutDil": 68000000, "link": "https://www.sec.gov/Archives/edgar/data/937098/000093709821000027/0000937098-21-000027-index.htm", "finalLink": "https://www.sec.gov/Archives/edgar/data/937098/000093709821000027/tnet-20201231.htm", "calculatedOtherExpenses": 47000000, "calculatedOperatingExpenses": 425000000, "calculatedNetInterest": -11000000, "calculatedOtherIncome": 0, "calculatedIncomeNonControlling": 0, "calculatedEbitda": 459000000}, {"date": "2019-12-31", "symbol": "TNET", "reportedCurrency": "USD", "cik": "0000937098", "fillingDate": "2020-02-13", "acceptedDate": "2020-02-13 16:54:27", "calendarYear": "2019", "period": "FY", "revenue": 3856000000, "costOfRevenue": 3172000000, "grossProfit": 684000000, "grossProfitRatio": 0.1773858921, "researchAndDevelopmentExpenses": 43000000, "generalAndAdministrativeExpenses": 137000000, "sellingAndMarketingExpenses": 190000000, "sellingGeneralAndAdministrativeExpenses": 327000000, "otherExpenses": 46000000, "operatingExpenses": 416000000, "costAndExpenses": 3588000000, "interestIncome": 23000000, "interestExpense": 21000000, "depreciationAndAmortization": 80000000, "ebitda": 348000000, "ebitdaratio": 0.0902489627, "operatingIncome": 268000000, "operatingIncomeRatio": 0.0695020747, "totalOtherIncomeExpensesNet": 2000000, "incomeBeforeTax": 270000000, "incomeBeforeTaxRatio": 0.0700207469, "incomeTaxExpense": 58000000, "netIncome": 212000000, "netIncomeRatio": 0.0549792531, "eps": 3.03, "epsdiluted": 2.99, "weightedAverageShsOut": 70000000, "weightedAverageShsOutDil": 71000000, "link": "https://www.sec.gov/Archives/edgar/data/937098/000093709820000067/0000937098-20-000067-index.htm", "finalLink": "https://www.sec.gov/Archives/edgar/data/937098/000093709820000067/tnet-123119x10k.htm", "calculatedOtherExpenses": 46000000, "calculatedOperatingExpenses": 416000000, "calculatedNetInterest": 2000000, "calculatedOtherIncome": 0, "calculatedIncomeNonControlling": 0, "calculatedEbitda": 348000000}, {"date": "2018-12-31", "symbol": "TNET", "reportedCurrency": "USD", "cik": "0000937098", "fillingDate": "2019-02-14", "acceptedDate": "2019-02-14 17:11:53", "calendarYear": "2018", "period": "FY", "revenue": 3503000000, "costOfRevenue": 2839000000, "grossProfit": 664000000, "grossProfitRatio": 0.1895518127, "researchAndDevelopmentExpenses": 49000000, "generalAndAdministrativeExpenses": 142000000, "sellingAndMarketingExpenses": 182000000, "sellingGeneralAndAdministrativeExpenses": 324000000, "otherExpenses": 40000000, "operatingExpenses": 413000000, "costAndExpenses": 3252000000, "interestIncome": 12000000, "interestExpense": 22000000, "depreciationAndAmortization": 46000000, "ebitda": 309000000, "ebitdaratio": 0.0882101056, "operatingIncome": 251000000, "operatingIncomeRatio": 0.071652869, "totalOtherIncomeExpensesNet": -10000000, "incomeBeforeTax": 241000000, "incomeBeforeTaxRatio": 0.068798173, "incomeTaxExpense": 49000000, "netIncome": 192000000, "netIncomeRatio": 0.0548101627, "eps": 2.73, "epsdiluted": 2.66, "weightedAverageShsOut": 70385639, "weightedAverageShsOutDil": 72300663, "link": "https://www.sec.gov/Archives/edgar/data/937098/000093709819000030/0000937098-19-000030-index.htm", "finalLink": "https://www.sec.gov/Archives/edgar/data/937098/000093709819000030/tnet-123118x10k.htm", "calculatedOtherExpenses": 40000000, "calculatedOperatingExpenses": 413000000, "calculatedNetInterest": -10000000, "calculatedOtherIncome": 0, "calculatedIncomeNonControlling": 0, "calculatedEbitda": 297000000}, {"date": "2017-12-31", "symbol": "TNET", "reportedCurrency": "USD", "cik": "0000937098", "fillingDate": "2018-02-27", "acceptedDate": "2018-02-27 17:10:08", "calendarYear": "2017", "period": "FY", "revenue": 3275000000, "costOfRevenue": 2679000000, "grossProfit": 596000000, "grossProfitRatio": 0.1819847328, "researchAndDevelopmentExpenses": 45000000, "generalAndAdministrativeExpenses": 114000000, "sellingAndMarketingExpenses": 187000000, "sellingGeneralAndAdministrativeExpenses": 301000000, "otherExpenses": 3000000, "operatingExpenses": 379000000, "costAndExpenses": 3058000000, "interestIncome": 0, "interestExpense": 20000000, "depreciationAndAmortization": 35000000, "ebitda": 255000000, "ebitdaratio": 0.0778625954, "operatingIncome": 217000000, "operatingIncomeRatio": 0.066259542, "totalOtherIncomeExpensesNet": 3000000, "incomeBeforeTax": 200000000, "incomeBeforeTaxRatio": 0.0610687023, "incomeTaxExpense": 22000000, "netIncome": 178000000, "netIncomeRatio": 0.054351145, "eps": 2.57, "epsdiluted": 2.49, "weightedAverageShsOut": 69175377, "weightedAverageShsOutDil": 71385280, "link": "https://www.sec.gov/Archives/edgar/data/937098/000093709818000055/0000937098-18-000055-index.htm", "finalLink": "https://www.sec.gov/Archives/edgar/data/937098/000093709818000055/tnet-123117x10k.htm", "calculatedOtherExpenses": 33000000, "calculatedOperatingExpenses": 379000000, "calculatedNetInterest": -20000000, "calculatedOtherIncome": 3000000, "calculatedIncomeNonControlling": 0, "calculatedEbitda": 252000000}, {"date": "2016-12-31", "symbol": "TNET", "reportedCurrency": "USD", "cik": "0000937098", "fillingDate": "2017-02-28", "acceptedDate": "2017-02-28 17:29:13", "calendarYear": "2016", "period": "FY", "revenue": 3060313000, "costOfRevenue": 2604196000, "grossProfit": 456117000, "grossProfitRatio": 0.1490425979, "researchAndDevelopmentExpenses": 31438000, "generalAndAdministrativeExpenses": 91659000, "sellingAndMarketingExpenses": 173714000, "sellingGeneralAndAdministrativeExpenses": 265373000, "otherExpenses": 751000, "operatingExpenses": 332159000, "costAndExpenses": 2936355000, "interestIncome": 0, "interestExpense": 20257000, "depreciationAndAmortization": 39175000, "ebitda": 163884000, "ebitdaratio": 0.0535513851, "operatingIncome": 123958000, "operatingIncomeRatio": 0.0405050072, "totalOtherIncomeExpensesNet": 751000, "incomeBeforeTax": 104452000, "incomeBeforeTaxRatio": 0.0341311493, "incomeTaxExpense": 43046000, "netIncome": 61406000, "netIncomeRatio": 0.0200652678, "eps": 0.88, "epsdiluted": 0.85, "weightedAverageShsOut": 70159696, "weightedAverageShsOutDil": 71972486, "link": "https://www.sec.gov/Archives/edgar/data/937098/000093709817000062/0000937098-17-000062-index.htm", "finalLink": "https://www.sec.gov/Archives/edgar/data/937098/000093709817000062/tnet-123116x10k.htm", "calculatedOtherExpenses": 35348000, "calculatedOperatingExpenses": 332159000, "calculatedNetInterest": -20257000, "calculatedOtherIncome": 751000, "calculatedIncomeNonControlling": 0, "calculatedEbitda": 163133000}, {"date": "2015-12-31", "symbol": "TNET", "reportedCurrency": "USD", "cik": "0000937098", "fillingDate": "2016-04-01", "acceptedDate": "2016-03-31 19:58:31", "calendarYear": "2015", "period": "FY", "revenue": 2659288000, "costOfRevenue": 2263070000, "grossProfit": 396218000, "grossProfitRatio": 0.1489940164, "researchAndDevelopmentExpenses": 27558000, "generalAndAdministrativeExpenses": 69626000, "sellingAndMarketingExpenses": 166759000, "sellingGeneralAndAdministrativeExpenses": 236385000, "otherExpenses": 1142000, "operatingExpenses": 317901000, "costAndExpenses": 2580971000, "interestIncome": 0, "interestExpense": 19449000, "depreciationAndAmortization": 52817000, "ebitda": 133417000, "ebitdaratio": 0.0501701959, "operatingIncome": 78317000, "operatingIncomeRatio": 0.0294503642, "totalOtherIncomeExpensesNet": 1142000, "incomeBeforeTax": 60010000, "incomeBeforeTaxRatio": 0.0225661906, "incomeTaxExpense": 28315000, "netIncome": 31695000, "netIncomeRatio": 0.0119186038, "eps": 0.45, "epsdiluted": 0.44, "weightedAverageShsOut": 70228159, "weightedAverageShsOutDil": 72618069, "link": "https://www.sec.gov/Archives/edgar/data/937098/000093709816000114/0000937098-16-000114-index.htm", "finalLink": "https://www.sec.gov/Archives/edgar/data/937098/000093709816000114/tnet-123115x10k.htm", "calculatedOtherExpenses": 53958000, "calculatedOperatingExpenses": 317901000, "calculatedNetInterest": -19449000, "calculatedOtherIncome": 1142000, "calculatedIncomeNonControlling": 0, "calculatedEbitda": 131134000}, {"date": "2014-12-31", "symbol": "TNET", "reportedCurrency": "USD", "cik": "0000937098", "fillingDate": "2015-03-30", "acceptedDate": "2015-03-30 16:35:10", "calendarYear": "2014", "period": "FY", "revenue": 2193531000, "costOfRevenue": 1820571000, "grossProfit": 372960000, "grossProfitRatio": 0.1700272301, "researchAndDevelopmentExpenses": 26101000, "generalAndAdministrativeExpenses": 53926000, "sellingAndMarketingExpenses": 139997000, "sellingGeneralAndAdministrativeExpenses": 193923000, "otherExpenses": 478000, "operatingExpenses": 286169000, "costAndExpenses": 2106740000, "interestIncome": 0, "interestExpense": 54193000, "depreciationAndAmortization": 84403000, "ebitda": 171672000, "ebitdaratio": 0.0782628556, "operatingIncome": 86791000, "operatingIncomeRatio": 0.0395667989, "totalOtherIncomeExpensesNet": 478000, "incomeBeforeTax": 33076000, "incomeBeforeTaxRatio": 0.0150788842, "incomeTaxExpense": 17579000, "netIncome": 15497000, "netIncomeRatio": 0.0070648648, "eps": 0.24, "epsdiluted": 0.22, "weightedAverageShsOut": 56160539, "weightedAverageShsOutDil": 59566773, "link": "https://www.sec.gov/Archives/edgar/data/937098/000156459015002136/0001564590-15-002136-index.htm", "finalLink": "https://www.sec.gov/Archives/edgar/data/937098/000156459015002136/tnet-10k_20141231.htm", "calculatedOtherExpenses": 66145000, "calculatedOperatingExpenses": 286169000, "calculatedNetInterest": -54193000, "calculatedOtherIncome": 478000, "calculatedIncomeNonControlling": 0, "calculatedEbitda": 171194000}, {"date": "2013-12-31", "symbol": "TNET", "reportedCurrency": "USD", "cik": "0000937098", "fillingDate": "2013-12-31", "acceptedDate": "2013-12-30 19:00:00", "calendarYear": "2013", "period": "FY", "revenue": 1644275000, "costOfRevenue": 1333246000, "grossProfit": 311029000, "grossProfitRatio": 0.1891587478, "researchAndDevelopmentExpenses": 19948000, "generalAndAdministrativeExpenses": 52455000, "sellingAndMarketingExpenses": 109183000, "sellingGeneralAndAdministrativeExpenses": 161638000, "otherExpenses": 471000, "operatingExpenses": 244692000, "costAndExpenses": 1577938000, "interestIncome": 0, "interestExpense": 45724000, "depreciationAndAmortization": 73838000, "ebitda": 140646000, "ebitdaratio": 0.0855367867, "operatingIncome": 66337000, "operatingIncomeRatio": 0.0403442247, "totalOtherIncomeExpensesNet": 471000, "incomeBeforeTax": 21084000, "incomeBeforeTaxRatio": 0.0128226726, "incomeTaxExpense": 7937000, "netIncome": 13147000, "netIncomeRatio": 0.0079956212, "eps": 0.0471, "epsdiluted": 0.0471, "weightedAverageShsOut": 68325248, "weightedAverageShsOutDil": 68325248, "link": "", "finalLink": "", "calculatedOtherExpenses": 63106000, "calculatedOperatingExpenses": 244692000, "calculatedNetInterest": -45724000, "calculatedOtherIncome": 471000, "calculatedIncomeNonControlling": 0, "calculatedEbitda": 140175000}, {"date": "2012-12-31", "symbol": "TNET", "reportedCurrency": "USD", "cik": "0000937098", "fillingDate": "2012-12-31", "acceptedDate": "2012-12-30 19:00:00", "calendarYear": "2012", "period": "FY", "revenue": 1019061000, "costOfRevenue": 813588000, "grossProfit": 205473000, "grossProfitRatio": 0.2016297356, "researchAndDevelopmentExpenses": 16718000, "generalAndAdministrativeExpenses": 37879000, "sellingAndMarketingExpenses": 59931000, "sellingGeneralAndAdministrativeExpenses": 97810000, "otherExpenses": 57000, "operatingExpenses": 143645000, "costAndExpenses": 957233000, "interestIncome": 0, "interestExpense": 9709000, "depreciationAndAmortization": 31196000, "ebitda": 93081000, "ebitdaratio": 0.0913399689, "operatingIncome": 61828000, "operatingIncomeRatio": 0.0606715398, "totalOtherIncomeExpensesNet": 57000, "incomeBeforeTax": 52176000, "incomeBeforeTaxRatio": 0.0512000754, "incomeTaxExpense": 20344000, "netIncome": 31832000, "netIncomeRatio": 0.0312365992, "eps": 0.49, "epsdiluted": 0.46, "weightedAverageShsOut": 65418755, "weightedAverageShsOutDil": 68797515, "link": "", "finalLink": "", "calculatedOtherExpenses": 29117000, "calculatedOperatingExpenses": 143645000, "calculatedNetInterest": -9709000, "calculatedOtherIncome": 57000, "calculatedIncomeNonControlling": 0, "calculatedEbitda": 93024000}, {"date": "2011-12-31", "symbol": "TNET", "reportedCurrency": "USD", "cik": "0000937098", "fillingDate": "2011-12-31", "acceptedDate": "2011-12-30 19:00:00", "calendarYear": "2011", "period": "FY", "revenue": 840390000, "costOfRevenue": 710482000, "grossProfit": 129908000, "grossProfitRatio": 0.1545806114, "researchAndDevelopmentExpenses": 15646000, "generalAndAdministrativeExpenses": 31421000, "sellingAndMarketingExpenses": 38087000, "sellingGeneralAndAdministrativeExpenses": 69508000, "otherExpenses": 127000, "operatingExpenses": 106743000, "costAndExpenses": 817225000, "interestIncome": 0, "interestExpense": 751000, "depreciationAndAmortization": 20303000, "ebitda": 44881000, "ebitdaratio": 0.0534049667, "operatingIncome": 20807000, "operatingIncomeRatio": 0.024758743, "totalOtherIncomeExpensesNet": -2231000, "incomeBeforeTax": 20183000, "incomeBeforeTaxRatio": 0.0240162306, "incomeTaxExpense": 5421000, "netIncome": 14762000, "netIncomeRatio": 0.017565654, "eps": 0.23, "epsdiluted": 0.21, "weightedAverageShsOut": 65418755, "weightedAverageShsOutDil": 68797515, "link": "", "finalLink": "", "calculatedOtherExpenses": 23947000, "calculatedOperatingExpenses": 109101000, "calculatedNetInterest": -751000, "calculatedOtherIncome": 127000, "calculatedIncomeNonControlling": 0, "calculatedEbitda": 41110000}]}