{"originalCurrency": "USD", "convertedCurrency": "USD", "report": [{"date": "2023-12-31", "symbol": "TNL", "reportedCurrency": "USD", "cik": "0001361658", "fillingDate": "2024-02-21", "acceptedDate": "2024-02-21 09:58:37", "calendarYear": "2023", "period": "FY", "revenue": 3750000000, "costOfRevenue": 245000000, "grossProfit": 3505000000, "grossProfitRatio": 0.9346666667, "researchAndDevelopmentExpenses": 0, "generalAndAdministrativeExpenses": 454000000, "sellingAndMarketingExpenses": 507000000, "sellingGeneralAndAdministrativeExpenses": 961000000, "otherExpenses": 3000000, "operatingExpenses": 2757000000, "costAndExpenses": 3002000000, "interestIncome": 13000000, "interestExpense": 251000000, "depreciationAndAmortization": 112000000, "ebitda": 876000000, "ebitdaratio": 0.2336, "operatingIncome": 720000000, "operatingIncomeRatio": 0.192, "totalOtherIncomeExpensesNet": -25000000, "incomeBeforeTax": 485000000, "incomeBeforeTaxRatio": 0.1293333333, "incomeTaxExpense": 94000000, "netIncome": 396000000, "netIncomeRatio": 0.1056, "eps": 5.25, "epsdiluted": 5.21, "weightedAverageShsOut": 74500000, "weightedAverageShsOutDil": 75000000, "link": "https://www.sec.gov/Archives/edgar/data/1361658/000136165824000007/0001361658-24-000007-index.htm", "finalLink": "https://www.sec.gov/Archives/edgar/data/1361658/000136165824000007/tnl-20231231.htm", "calculatedOtherExpenses": 1824000000, "calculatedOperatingExpenses": 2785000000, "calculatedNetInterest": -238000000, "calculatedOtherIncome": 3000000, "calculatedIncomeNonControlling": -5000000, "calculatedEbitda": 832000000}, {"date": "2022-12-31", "symbol": "TNL", "reportedCurrency": "USD", "cik": "0001361658", "fillingDate": "2023-02-22", "acceptedDate": "2023-02-22 10:06:39", "calendarYear": "2022", "period": "FY", "revenue": 3567000000, "costOfRevenue": 1839000000, "grossProfit": 1728000000, "grossProfitRatio": 0.4844407065, "researchAndDevelopmentExpenses": 0, "generalAndAdministrativeExpenses": 479000000, "sellingAndMarketingExpenses": 451000000, "sellingGeneralAndAdministrativeExpenses": 930000000, "otherExpenses": 119000000, "operatingExpenses": 1049000000, "costAndExpenses": 2888000000, "interestIncome": 6000000, "interestExpense": 195000000, "depreciationAndAmortization": 173000000, "ebitda": 826000000, "ebitdaratio": 0.2315671433, "operatingIncome": 653000000, "operatingIncomeRatio": 0.1830670031, "totalOtherIncomeExpensesNet": -167000000, "incomeBeforeTax": 486000000, "incomeBeforeTaxRatio": 0.1362489487, "incomeTaxExpense": 130000000, "netIncome": 357000000, "netIncomeRatio": 0.1000841043, "eps": 4.27, "epsdiluted": 4.23, "weightedAverageShsOut": 83400000, "weightedAverageShsOutDil": 84200000, "link": "https://www.sec.gov/Archives/edgar/data/1361658/000136165823000012/0001361658-23-000012-index.htm", "finalLink": "https://www.sec.gov/Archives/edgar/data/1361658/000136165823000012/tnl-20221231.htm", "calculatedOtherExpenses": 145000000, "calculatedOperatingExpenses": 1075000000, "calculatedNetInterest": -189000000, "calculatedOtherIncome": 22000000, "calculatedIncomeNonControlling": -1000000, "calculatedEbitda": 826000000}, {"date": "2021-12-31", "symbol": "TNL", "reportedCurrency": "USD", "cik": "0001361658", "fillingDate": "2022-02-23", "acceptedDate": "2022-02-23 12:55:54", "calendarYear": "2021", "period": "FY", "revenue": 3134000000, "costOfRevenue": 1597000000, "grossProfit": 1537000000, "grossProfitRatio": 0.4904275686, "researchAndDevelopmentExpenses": 0, "generalAndAdministrativeExpenses": 434000000, "sellingAndMarketingExpenses": 363000000, "sellingGeneralAndAdministrativeExpenses": 797000000, "otherExpenses": 124000000, "operatingExpenses": 921000000, "costAndExpenses": 2518000000, "interestIncome": 3000000, "interestExpense": 198000000, "depreciationAndAmortization": 131000000, "ebitda": 749000000, "ebitdaratio": 0.2389917039, "operatingIncome": 618000000, "operatingIncomeRatio": 0.1971920868, "totalOtherIncomeExpensesNet": -189000000, "incomeBeforeTax": 429000000, "incomeBeforeTaxRatio": 0.136885769, "incomeTaxExpense": 116000000, "netIncome": 308000000, "netIncomeRatio": 0.0982769623, "eps": 3.62, "epsdiluted": 3.62, "weightedAverageShsOut": 86500000, "weightedAverageShsOutDil": 86500000, "link": "https://www.sec.gov/Archives/edgar/data/1361658/000136165822000013/0001361658-22-000013-index.htm", "finalLink": "https://www.sec.gov/Archives/edgar/data/1361658/000136165822000013/wyn-20211231.htm", "calculatedOtherExpenses": 122000000, "calculatedOperatingExpenses": 919000000, "calculatedNetInterest": -195000000, "calculatedOtherIncome": 6000000, "calculatedIncomeNonControlling": 5000000, "calculatedEbitda": 749000000}, {"date": "2020-12-31", "symbol": "TNL", "reportedCurrency": "USD", "cik": "0001361658", "fillingDate": "2021-02-24", "acceptedDate": "2021-02-24 11:11:35", "calendarYear": "2020", "period": "FY", "revenue": 2160000000, "costOfRevenue": 1233000000, "grossProfit": 927000000, "grossProfitRatio": 0.4291666667, "researchAndDevelopmentExpenses": 0, "generalAndAdministrativeExpenses": 398000000, "sellingAndMarketingExpenses": 329000000, "sellingGeneralAndAdministrativeExpenses": 727000000, "otherExpenses": 126000000, "operatingExpenses": 853000000, "costAndExpenses": 2086000000, "interestIncome": 7000000, "interestExpense": 192000000, "depreciationAndAmortization": 126000000, "ebitda": 221000000, "ebitdaratio": 0.1023148148, "operatingIncome": 95000000, "operatingIncomeRatio": 0.0439814815, "totalOtherIncomeExpensesNet": -371000000, "incomeBeforeTax": -276000000, "incomeBeforeTaxRatio": -0.1277777778, "incomeTaxExpense": -23000000, "netIncome": -253000000, "netIncomeRatio": -0.1171296296, "eps": -2.94, "epsdiluted": -2.94, "weightedAverageShsOut": 86100000, "weightedAverageShsOutDil": 86100000, "link": "https://www.sec.gov/Archives/edgar/data/1361658/000136165821000025/0001361658-21-000025-index.htm", "finalLink": "https://www.sec.gov/Archives/edgar/data/1361658/000136165821000025/wyn-20201231.htm", "calculatedOtherExpenses": 105000000, "calculatedOperatingExpenses": 832000000, "calculatedNetInterest": -185000000, "calculatedOtherIncome": -186000000, "calculatedIncomeNonControlling": 0, "calculatedEbitda": 221000000}, {"date": "2019-12-31", "symbol": "TNL", "reportedCurrency": "USD", "cik": "0001361658", "fillingDate": "2020-02-26", "acceptedDate": "2020-02-26 12:29:25", "calendarYear": "2019", "period": "FY", "revenue": 4043000000, "costOfRevenue": 1940000000, "grossProfit": 2103000000, "grossProfitRatio": 0.5201582983, "researchAndDevelopmentExpenses": 0, "generalAndAdministrativeExpenses": 491000000, "sellingAndMarketingExpenses": 666000000, "sellingGeneralAndAdministrativeExpenses": 1157000000, "otherExpenses": 121000000, "operatingExpenses": 1278000000, "costAndExpenses": 3218000000, "interestIncome": 7000000, "interestExpense": 162000000, "depreciationAndAmortization": 164000000, "ebitda": 976000000, "ebitdaratio": 0.2414048974, "operatingIncome": 812000000, "operatingIncomeRatio": 0.2008409597, "totalOtherIncomeExpensesNet": -132000000, "incomeBeforeTax": 680000000, "incomeBeforeTaxRatio": 0.1681919367, "incomeTaxExpense": 191000000, "netIncome": 507000000, "netIncomeRatio": 0.1254019293, "eps": 5.31, "epsdiluted": 5.29, "weightedAverageShsOut": 92100000, "weightedAverageShsOutDil": 92400000, "link": "https://www.sec.gov/Archives/edgar/data/1361658/000136165820000012/0001361658-20-000012-index.htm", "finalLink": "https://www.sec.gov/Archives/edgar/data/1361658/000136165820000012/wynd-20191231x10k.htm", "calculatedOtherExpenses": 134000000, "calculatedOperatingExpenses": 1291000000, "calculatedNetInterest": -155000000, "calculatedOtherIncome": 23000000, "calculatedIncomeNonControlling": -18000000, "calculatedEbitda": 976000000}, {"date": "2018-12-31", "symbol": "TNL", "reportedCurrency": "USD", "cik": "0001361658", "fillingDate": "2019-02-26", "acceptedDate": "2019-02-26 11:43:54", "calendarYear": "2018", "period": "FY", "revenue": 3931000000, "costOfRevenue": 1913000000, "grossProfit": 2018000000, "grossProfitRatio": 0.5133553803, "researchAndDevelopmentExpenses": 0, "generalAndAdministrativeExpenses": 513000000, "sellingAndMarketingExpenses": 609000000, "sellingGeneralAndAdministrativeExpenses": 1122000000, "otherExpenses": 38000000, "operatingExpenses": 1260000000, "costAndExpenses": 3173000000, "interestIncome": 5000000, "interestExpense": 170000000, "depreciationAndAmortization": 138000000, "ebitda": 939000000, "ebitdaratio": 0.2388705164, "operatingIncome": 523000000, "operatingIncomeRatio": 0.1330450267, "totalOtherIncomeExpensesNet": -197000000, "incomeBeforeTax": 396000000, "incomeBeforeTaxRatio": 0.1007377258, "incomeTaxExpense": 130000000, "netIncome": 672000000, "netIncomeRatio": 0.170948868, "eps": 6.79, "epsdiluted": 6.77, "weightedAverageShsOut": 98900000, "weightedAverageShsOutDil": 99200000, "link": "https://www.sec.gov/Archives/edgar/data/1361658/000136165819000009/0001361658-19-000009-index.htm", "finalLink": "https://www.sec.gov/Archives/edgar/data/1361658/000136165819000009/wynd-20181231x10k.htm", "calculatedOtherExpenses": 373000000, "calculatedOperatingExpenses": 1495000000, "calculatedNetInterest": -165000000, "calculatedOtherIncome": 38000000, "calculatedIncomeNonControlling": -406000000, "calculatedEbitda": 661000000}, {"date": "2017-12-31", "symbol": "TNL", "reportedCurrency": "USD", "cik": "0001361658", "fillingDate": "2018-02-20", "acceptedDate": "2018-02-16 20:29:38", "calendarYear": "2017", "period": "FY", "revenue": 5076000000, "costOfRevenue": 2418000000, "grossProfit": 2658000000, "grossProfitRatio": 0.5236406619, "researchAndDevelopmentExpenses": 0, "generalAndAdministrativeExpenses": 648000000, "sellingAndMarketingExpenses": 773000000, "sellingGeneralAndAdministrativeExpenses": 1421000000, "otherExpenses": 27000000, "operatingExpenses": 1634000000, "costAndExpenses": 4052000000, "interestIncome": 7000000, "interestExpense": 156000000, "depreciationAndAmortization": 213000000, "ebitda": 1271000000, "ebitdaratio": 0.250394011, "operatingIncome": 712000000, "operatingIncomeRatio": 0.1402679275, "totalOtherIncomeExpensesNet": -285000000, "incomeBeforeTax": 590000000, "incomeBeforeTaxRatio": 0.1162332545, "incomeTaxExpense": -229000000, "netIncome": 871000000, "netIncomeRatio": 0.1715918046, "eps": 8.46, "epsdiluted": 8.4, "weightedAverageShsOut": 103000000, "weightedAverageShsOutDil": 104000000, "link": "https://www.sec.gov/Archives/edgar/data/1361658/000136165818000003/0001361658-18-000003-index.htm", "finalLink": "https://www.sec.gov/Archives/edgar/data/1361658/000136165818000003/wyn-20171231x10k.htm", "calculatedOtherExpenses": 525000000, "calculatedOperatingExpenses": 1946000000, "calculatedNetInterest": -149000000, "calculatedOtherIncome": 27000000, "calculatedIncomeNonControlling": -52000000, "calculatedEbitda": 925000000}, {"date": "2016-12-31", "symbol": "TNL", "reportedCurrency": "USD", "cik": "0001361658", "fillingDate": "2017-02-17", "acceptedDate": "2017-02-17 12:36:43", "calendarYear": "2016", "period": "FY", "revenue": 5599000000, "costOfRevenue": 2732000000, "grossProfit": 2867000000, "grossProfitRatio": 0.5120557242, "researchAndDevelopmentExpenses": 0, "generalAndAdministrativeExpenses": 714000000, "sellingAndMarketingExpenses": 829000000, "sellingGeneralAndAdministrativeExpenses": 1543000000, "otherExpenses": 22000000, "operatingExpenses": 1795000000, "costAndExpenses": 4527000000, "interestIncome": 8000000, "interestExpense": 136000000, "depreciationAndAmortization": 252000000, "ebitda": 1354000000, "ebitdaratio": 0.241828898, "operatingIncome": 1057000000, "operatingIncomeRatio": 0.1887837114, "totalOtherIncomeExpensesNet": -4000000, "incomeBeforeTax": 940000000, "incomeBeforeTaxRatio": 0.1678871227, "incomeTaxExpense": 328000000, "netIncome": 611000000, "netIncomeRatio": 0.1091266298, "eps": 5.56, "epsdiluted": 5.53, "weightedAverageShsOut": 110000000, "weightedAverageShsOutDil": 111000000, "link": "https://www.sec.gov/Archives/edgar/data/1361658/000136165817000004/0001361658-17-000004-index.htm", "finalLink": "https://www.sec.gov/Archives/edgar/data/1361658/000136165817000004/wyn-20161231x10k.htm", "calculatedOtherExpenses": 267000000, "calculatedOperatingExpenses": 1810000000, "calculatedNetInterest": -128000000, "calculatedOtherIncome": 11000000, "calculatedIncomeNonControlling": 1000000, "calculatedEbitda": 1309000000}, {"date": "2015-12-31", "symbol": "TNL", "reportedCurrency": "USD", "cik": "0001361658", "fillingDate": "2016-02-12", "acceptedDate": "2016-02-12 13:21:20", "calendarYear": "2015", "period": "FY", "revenue": 5536000000, "costOfRevenue": 2700000000, "grossProfit": 2836000000, "grossProfitRatio": 0.512283237, "researchAndDevelopmentExpenses": 0, "generalAndAdministrativeExpenses": 761000000, "sellingAndMarketingExpenses": 813000000, "sellingGeneralAndAdministrativeExpenses": 1574000000, "otherExpenses": 17000000, "operatingExpenses": 1808000000, "costAndExpenses": 4508000000, "interestIncome": 9000000, "interestExpense": 125000000, "depreciationAndAmortization": 234000000, "ebitda": 1288000000, "ebitdaratio": 0.2326589595, "operatingIncome": 1015000000, "operatingIncomeRatio": 0.1833453757, "totalOtherIncomeExpensesNet": 4000000, "incomeBeforeTax": 916000000, "incomeBeforeTaxRatio": 0.1654624277, "incomeTaxExpense": 304000000, "netIncome": 612000000, "netIncomeRatio": 0.1105491329, "eps": 5.18, "epsdiluted": 5.14, "weightedAverageShsOut": 118000000, "weightedAverageShsOutDil": 119000000, "link": "https://www.sec.gov/Archives/edgar/data/1361658/000136165816000028/0001361658-16-000028-index.htm", "finalLink": "https://www.sec.gov/Archives/edgar/data/1361658/000136165816000028/wyn-20151231x10k.htm", "calculatedOtherExpenses": 247000000, "calculatedOperatingExpenses": 1821000000, "calculatedNetInterest": -116000000, "calculatedOtherIncome": 17000000, "calculatedIncomeNonControlling": 0, "calculatedEbitda": 1249000000}, {"date": "2014-12-31", "symbol": "TNL", "reportedCurrency": "USD", "cik": "0001361658", "fillingDate": "2015-02-13", "acceptedDate": "2015-02-13 11:57:52", "calendarYear": "2014", "period": "FY", "revenue": 5281000000, "costOfRevenue": 2504000000, "grossProfit": 2777000000, "grossProfitRatio": 0.5258473774, "researchAndDevelopmentExpenses": 0, "generalAndAdministrativeExpenses": 755000000, "sellingAndMarketingExpenses": 802000000, "sellingGeneralAndAdministrativeExpenses": 1557000000, "otherExpenses": 7000000, "operatingExpenses": 1790000000, "costAndExpenses": 4294000000, "interestIncome": 10000000, "interestExpense": 113000000, "depreciationAndAmortization": 233000000, "ebitda": 1237000000, "ebitdaratio": 0.2342359402, "operatingIncome": 941000000, "operatingIncomeRatio": 0.1781859496, "totalOtherIncomeExpensesNet": -39000000, "incomeBeforeTax": 845000000, "incomeBeforeTaxRatio": 0.1600075743, "incomeTaxExpense": 316000000, "netIncome": 529000000, "netIncomeRatio": 0.1001704223, "eps": 4.22, "epsdiluted": 4.18, "weightedAverageShsOut": 125000000, "weightedAverageShsOutDil": 127000000, "link": "https://www.sec.gov/Archives/edgar/data/1361658/000136165815000004/0001361658-15-000004-index.htm", "finalLink": "https://www.sec.gov/Archives/edgar/data/1361658/000136165815000004/wyn-20141231x10k.htm", "calculatedOtherExpenses": 279000000, "calculatedOperatingExpenses": 1836000000, "calculatedNetInterest": -103000000, "calculatedOtherIncome": 7000000, "calculatedIncomeNonControlling": 0, "calculatedEbitda": 1174000000}, {"date": "2013-12-31", "symbol": "TNL", "reportedCurrency": "USD", "cik": "0001361658", "fillingDate": "2014-02-14", "acceptedDate": "2014-02-14 14:39:32", "calendarYear": "2013", "period": "FY", "revenue": 5009000000, "costOfRevenue": 2394000000, "grossProfit": 2615000000, "grossProfitRatio": 0.5220602915, "researchAndDevelopmentExpenses": 0, "generalAndAdministrativeExpenses": 720000000, "sellingAndMarketingExpenses": 751000000, "sellingGeneralAndAdministrativeExpenses": 1471000000, "otherExpenses": 6000000, "operatingExpenses": 1687000000, "costAndExpenses": 4081000000, "interestIncome": 9000000, "interestExpense": 131000000, "depreciationAndAmortization": 216000000, "ebitda": 1159000000, "ebitdaratio": 0.2313835097, "operatingIncome": 910000000, "operatingIncomeRatio": 0.1816729886, "totalOtherIncomeExpensesNet": -123000000, "incomeBeforeTax": 683000000, "incomeBeforeTaxRatio": 0.1363545618, "incomeTaxExpense": 250000000, "netIncome": 432000000, "netIncomeRatio": 0.0862447594, "eps": 3.25, "epsdiluted": 3.21, "weightedAverageShsOut": 133000000, "weightedAverageShsOutDil": 135000000, "link": "https://www.sec.gov/Archives/edgar/data/1361658/000136165814000005/0001361658-14-000005-index.htm", "finalLink": "https://www.sec.gov/Archives/edgar/data/1361658/000136165814000005/wyn-20131231x10k.htm", "calculatedOtherExpenses": 234000000, "calculatedOperatingExpenses": 1705000000, "calculatedNetInterest": -122000000, "calculatedOtherIncome": -105000000, "calculatedIncomeNonControlling": 1000000, "calculatedEbitda": 1126000000}, {"date": "2012-12-31", "symbol": "TNL", "reportedCurrency": "USD", "cik": "0001361658", "fillingDate": "2013-02-15", "acceptedDate": "2013-02-15 11:38:21", "calendarYear": "2012", "period": "FY", "revenue": 4534000000, "costOfRevenue": 2093000000, "grossProfit": 2441000000, "grossProfitRatio": 0.5383767093, "researchAndDevelopmentExpenses": 0, "generalAndAdministrativeExpenses": 666000000, "sellingAndMarketingExpenses": 723000000, "sellingGeneralAndAdministrativeExpenses": 1389000000, "otherExpenses": 8000000, "operatingExpenses": 1574000000, "costAndExpenses": 3667000000, "interestIncome": 8000000, "interestExpense": 132000000, "depreciationAndAmortization": 185000000, "ebitda": 1068000000, "ebitdaratio": 0.2355535951, "operatingIncome": 852000000, "operatingIncomeRatio": 0.1879135421, "totalOtherIncomeExpensesNet": -115000000, "incomeBeforeTax": 628000000, "incomeBeforeTaxRatio": 0.1385090428, "incomeTaxExpense": 229000000, "netIncome": 400000000, "netIncomeRatio": 0.0882223202, "eps": 2.8, "epsdiluted": 2.75, "weightedAverageShsOut": 143000000, "weightedAverageShsOutDil": 145000000, "link": "https://www.sec.gov/Archives/edgar/data/1361658/000136165813000004/0001361658-13-000004-index.htm", "finalLink": "https://www.sec.gov/Archives/edgar/data/1361658/000136165813000004/wyn-20121231x10k.htm", "calculatedOtherExpenses": 200000000, "calculatedOperatingExpenses": 1589000000, "calculatedNetInterest": -124000000, "calculatedOtherIncome": -100000000, "calculatedIncomeNonControlling": -1000000, "calculatedEbitda": 1037000000}, {"date": "2011-12-31", "symbol": "TNL", "reportedCurrency": "USD", "cik": "0001361658", "fillingDate": "2012-02-17", "acceptedDate": "2012-02-17 15:35:17", "calendarYear": "2011", "period": "FY", "revenue": 4254000000, "costOfRevenue": 2025000000, "grossProfit": 2229000000, "grossProfitRatio": 0.523977433, "researchAndDevelopmentExpenses": 0, "generalAndAdministrativeExpenses": 593000000, "sellingAndMarketingExpenses": 628000000, "sellingGeneralAndAdministrativeExpenses": 1221000000, "otherExpenses": 178000000, "operatingExpenses": 1399000000, "costAndExpenses": 3424000000, "interestIncome": 24000000, "interestExpense": 152000000, "depreciationAndAmortization": 178000000, "ebitda": 1032000000, "ebitdaratio": 0.2425952045, "operatingIncome": 767000000, "operatingIncomeRatio": 0.1803008933, "totalOtherIncomeExpensesNet": -52000000, "incomeBeforeTax": 650000000, "incomeBeforeTaxRatio": 0.1527973672, "incomeTaxExpense": 233000000, "netIncome": 417000000, "netIncomeRatio": 0.0980253879, "eps": 2.57, "epsdiluted": 2.51, "weightedAverageShsOut": 162000000, "weightedAverageShsOutDil": 166000000, "link": "https://www.sec.gov/Archives/edgar/data/1361658/000119312512067329/0001193125-12-067329-index.htm", "finalLink": "https://www.sec.gov/Archives/edgar/data/1361658/000119312512067329/d296281d10k.htm", "calculatedOtherExpenses": 241000000, "calculatedOperatingExpenses": 1462000000, "calculatedNetInterest": -128000000, "calculatedOtherIncome": 11000000, "calculatedIncomeNonControlling": 0, "calculatedEbitda": 945000000}, {"date": "2010-12-31", "symbol": "TNL", "reportedCurrency": "USD", "cik": "0001361658", "fillingDate": "2011-02-22", "acceptedDate": "2011-02-22 12:39:47", "calendarYear": "2010", "period": "FY", "revenue": 3851000000, "costOfRevenue": 1876000000, "grossProfit": 1975000000, "grossProfitRatio": 0.5128538042, "researchAndDevelopmentExpenses": 0, "generalAndAdministrativeExpenses": 540000000, "sellingAndMarketingExpenses": 531000000, "sellingGeneralAndAdministrativeExpenses": 1071000000, "otherExpenses": 173000000, "operatingExpenses": 1244000000, "costAndExpenses": 3120000000, "interestIncome": 5000000, "interestExpense": 167000000, "depreciationAndAmortization": 173000000, "ebitda": 909000000, "ebitdaratio": 0.2360425863, "operatingIncome": 718000000, "operatingIncomeRatio": 0.1864450792, "totalOtherIncomeExpensesNet": -6000000, "incomeBeforeTax": 563000000, "incomeBeforeTaxRatio": 0.1461957933, "incomeTaxExpense": 184000000, "netIncome": 379000000, "netIncomeRatio": 0.0984159958, "eps": 2.13, "epsdiluted": 2.05, "weightedAverageShsOut": 178000000, "weightedAverageShsOutDil": 185000000, "link": "https://www.sec.gov/Archives/edgar/data/1361658/000095012311016350/0000950123-11-016350-index.htm", "finalLink": "https://www.sec.gov/Archives/edgar/data/1361658/000095012311016350/y89698e10vk.htm", "calculatedOtherExpenses": 186000000, "calculatedOperatingExpenses": 1257000000, "calculatedNetInterest": -162000000, "calculatedOtherIncome": 7000000, "calculatedIncomeNonControlling": 0, "calculatedEbitda": 891000000}, {"date": "2009-12-31", "symbol": "TNL", "reportedCurrency": "USD", "cik": "0001361658", "fillingDate": "2010-02-19", "acceptedDate": "2010-02-19 15:34:19", "calendarYear": "2009", "period": "FY", "revenue": 3750000000, "costOfRevenue": 1823000000, "grossProfit": 1927000000, "grossProfitRatio": 0.5138666667, "researchAndDevelopmentExpenses": 0, "generalAndAdministrativeExpenses": 533000000, "sellingAndMarketingExpenses": 560000000, "sellingGeneralAndAdministrativeExpenses": 1093000000, "otherExpenses": 178000000, "operatingExpenses": 1271000000, "costAndExpenses": 3094000000, "interestIncome": 7000000, "interestExpense": 114000000, "depreciationAndAmortization": 178000000, "ebitda": 847000000, "ebitdaratio": 0.2258666667, "operatingIncome": 594000000, "operatingIncomeRatio": 0.1584, "totalOtherIncomeExpensesNet": -62000000, "incomeBeforeTax": 493000000, "incomeBeforeTaxRatio": 0.1314666667, "incomeTaxExpense": 200000000, "netIncome": 293000000, "netIncomeRatio": 0.0781333333, "eps": 1.64, "epsdiluted": 1.61, "weightedAverageShsOut": 179000000, "weightedAverageShsOutDil": 182000000, "link": "https://www.sec.gov/Archives/edgar/data/1361658/000095012310014529/0000950123-10-014529-index.htm", "finalLink": "https://www.sec.gov/Archives/edgar/data/1361658/000095012310014529/y82651e10vk.htm", "calculatedOtherExpenses": 240000000, "calculatedOperatingExpenses": 1333000000, "calculatedNetInterest": -107000000, "calculatedOtherIncome": 6000000, "calculatedIncomeNonControlling": 0, "calculatedEbitda": 772000000}, {"date": "2008-12-31", "symbol": "TNL", "reportedCurrency": "USD", "cik": "0001361658", "fillingDate": "2009-02-27", "acceptedDate": "2009-02-26 19:05:48", "calendarYear": "2008", "period": "FY", "revenue": 4281000000, "costOfRevenue": 2031000000, "grossProfit": 2250000000, "grossProfitRatio": 0.5255781359, "researchAndDevelopmentExpenses": 0, "generalAndAdministrativeExpenses": 561000000, "sellingAndMarketingExpenses": 830000000, "sellingGeneralAndAdministrativeExpenses": 1391000000, "otherExpenses": 184000000, "operatingExpenses": 1575000000, "costAndExpenses": 3606000000, "interestIncome": 12000000, "interestExpense": 80000000, "depreciationAndAmortization": 184000000, "ebitda": 871000000, "ebitdaratio": 0.2034571362, "operatingIncome": -830000000, "operatingIncomeRatio": -0.1938799346, "totalOtherIncomeExpensesNet": -1494000000, "incomeBeforeTax": -887000000, "incomeBeforeTaxRatio": -0.2071945807, "incomeTaxExpense": 187000000, "netIncome": -1074000000, "netIncomeRatio": -0.2508759636, "eps": -6.03, "epsdiluted": -6.03, "weightedAverageShsOut": 178000000, "weightedAverageShsOutDil": 178000000, "link": "https://www.sec.gov/Archives/edgar/data/1361658/000095012309003581/0000950123-09-003581-index.htm", "finalLink": "https://www.sec.gov/Archives/edgar/data/1361658/000095012309003581/y74823e10vk.htm", "calculatedOtherExpenses": 1689000000, "calculatedOperatingExpenses": 3080000000, "calculatedNetInterest": -68000000, "calculatedOtherIncome": 11000000, "calculatedIncomeNonControlling": 0, "calculatedEbitda": -646000000}, {"date": "2007-12-31", "symbol": "TNL", "reportedCurrency": "USD", "cik": "0001361658", "fillingDate": "2008-02-29", "acceptedDate": "2008-02-29 16:40:42", "calendarYear": "2007", "period": "FY", "revenue": 4360000000, "costOfRevenue": 2118000000, "grossProfit": 2242000000, "grossProfitRatio": 0.5142201835, "researchAndDevelopmentExpenses": 0, "generalAndAdministrativeExpenses": 519000000, "sellingAndMarketingExpenses": 831000000, "sellingGeneralAndAdministrativeExpenses": 1350000000, "otherExpenses": 166000000, "operatingExpenses": 1516000000, "costAndExpenses": 3634000000, "interestIncome": 0, "interestExpense": 73000000, "depreciationAndAmortization": 166000000, "ebitda": 901000000, "ebitdaratio": 0.2066513761, "operatingIncome": 710000000, "operatingIncomeRatio": 0.1628440367, "totalOtherIncomeExpensesNet": -9000000, "incomeBeforeTax": 655000000, "incomeBeforeTaxRatio": 0.1502293578, "incomeTaxExpense": 252000000, "netIncome": 403000000, "netIncomeRatio": 0.0924311927, "eps": 2.22, "epsdiluted": 2.2, "weightedAverageShsOut": 181000000, "weightedAverageShsOutDil": 183000000, "link": "https://www.sec.gov/Archives/edgar/data/1361658/000095012308002361/0000950123-08-002361-index.htm", "finalLink": "https://www.sec.gov/Archives/edgar/data/1361658/000095012308002361/y50095e10vk.htm", "calculatedOtherExpenses": 182000000, "calculatedOperatingExpenses": 1532000000, "calculatedNetInterest": -73000000, "calculatedOtherIncome": 18000000, "calculatedIncomeNonControlling": 0, "calculatedEbitda": 876000000}, {"date": "2006-12-31", "symbol": "TNL", "reportedCurrency": "USD", "cik": "0001361658", "fillingDate": "2007-03-07", "acceptedDate": "2007-03-07 16:21:42", "calendarYear": "2006", "period": "FY", "revenue": 3842000000, "costOfRevenue": 1791000000, "grossProfit": 2051000000, "grossProfitRatio": 0.5338365435, "researchAndDevelopmentExpenses": 0, "generalAndAdministrativeExpenses": 493000000, "sellingAndMarketingExpenses": 734000000, "sellingGeneralAndAdministrativeExpenses": 1227000000, "otherExpenses": 247000000, "operatingExpenses": 1474000000, "costAndExpenses": 3265000000, "interestIncome": 32000000, "interestExpense": 67000000, "depreciationAndAmortization": 148000000, "ebitda": 824000000, "ebitdaratio": 0.2144716294, "operatingIncome": 577000000, "operatingIncomeRatio": 0.1501821968, "totalOtherIncomeExpensesNet": -99000000, "incomeBeforeTax": 542000000, "incomeBeforeTaxRatio": 0.1410723581, "incomeTaxExpense": 190000000, "netIncome": 287000000, "netIncomeRatio": 0.0747006767, "eps": 1.45, "epsdiluted": 1.44, "weightedAverageShsOut": 197931034, "weightedAverageShsOutDil": 199305556, "link": "https://www.sec.gov/Archives/edgar/data/1361658/000095012307003338/0000950123-07-003338-index.htm", "finalLink": "https://www.sec.gov/Archives/edgar/data/1361658/000095012307003338/y30855e10vk.htm", "calculatedOtherExpenses": 247000000, "calculatedOperatingExpenses": 1474000000, "calculatedNetInterest": -35000000, "calculatedOtherIncome": 0, "calculatedIncomeNonControlling": 65000000, "calculatedEbitda": 725000000}, {"date": "2005-12-31", "symbol": "TNL", "reportedCurrency": "USD", "cik": "0001361658", "fillingDate": "2005-12-31", "acceptedDate": "2005-12-30 19:00:00", "calendarYear": "2005", "period": "FY", "revenue": 3335000000, "costOfRevenue": 1540000000, "grossProfit": 1795000000, "grossProfitRatio": 0.5382308846, "researchAndDevelopmentExpenses": 0, "generalAndAdministrativeExpenses": 0, "sellingAndMarketingExpenses": 0, "sellingGeneralAndAdministrativeExpenses": 1180000000, "otherExpenses": -5000000, "operatingExpenses": 1175000000, "costAndExpenses": 2715000000, "interestIncome": 6000000, "interestExpense": 0, "depreciationAndAmortization": 131000000, "ebitda": 615000000, "ebitdaratio": 0.1844077961, "operatingIncome": 620000000, "operatingIncomeRatio": 0.1859070465, "totalOtherIncomeExpensesNet": 136000000, "incomeBeforeTax": 626000000, "incomeBeforeTaxRatio": 0.1877061469, "incomeTaxExpense": 195000000, "netIncome": 431000000, "netIncomeRatio": 0.1292353823, "eps": 2.15, "epsdiluted": 2.15, "weightedAverageShsOut": 200465116, "weightedAverageShsOutDil": 200465116, "link": "", "finalLink": "", "calculatedOtherExpenses": -5000000, "calculatedOperatingExpenses": 1175000000, "calculatedNetInterest": 6000000, "calculatedOtherIncome": 0, "calculatedIncomeNonControlling": 0, "calculatedEbitda": 751000000}, {"date": "2004-12-31", "symbol": "TNL", "reportedCurrency": "USD", "cik": "0001361658", "fillingDate": "2004-12-31", "acceptedDate": "2004-12-30 19:00:00", "calendarYear": "2004", "period": "FY", "revenue": 3014000000, "costOfRevenue": 0, "grossProfit": 3014000000, "grossProfitRatio": 1, "researchAndDevelopmentExpenses": 0, "generalAndAdministrativeExpenses": 0, "sellingAndMarketingExpenses": 0, "sellingGeneralAndAdministrativeExpenses": 0, "otherExpenses": -2414000000, "operatingExpenses": -2414000000, "costAndExpenses": -2414000000, "interestIncome": 0, "interestExpense": 0, "depreciationAndAmortization": 2414000000, "ebitda": 3014000000, "ebitdaratio": 1, "operatingIncome": 600000000, "operatingIncomeRatio": 0.199071002, "totalOtherIncomeExpensesNet": -13000000, "incomeBeforeTax": 587000000, "incomeBeforeTaxRatio": 0.1947577969, "incomeTaxExpense": 234000000, "netIncome": 349000000, "netIncomeRatio": 0.1157929662, "eps": 1.74, "epsdiluted": 1.74, "weightedAverageShsOut": 200574713, "weightedAverageShsOutDil": 200574713, "link": "", "finalLink": "", "calculatedOtherExpenses": 2414000000, "calculatedOperatingExpenses": 2414000000, "calculatedNetInterest": 0, "calculatedOtherIncome": -13000000, "calculatedIncomeNonControlling": 4000000, "calculatedEbitda": 3014000000}, {"date": "2003-12-31", "symbol": "TNL", "reportedCurrency": "USD", "cik": "0001361658", "fillingDate": "2003-12-31", "acceptedDate": "2003-12-30 19:00:00", "calendarYear": "2003", "period": "FY", "revenue": 2652000000, "costOfRevenue": 0, "grossProfit": 2652000000, "grossProfitRatio": 1, "researchAndDevelopmentExpenses": 0, "generalAndAdministrativeExpenses": 0, "sellingAndMarketingExpenses": 0, "sellingGeneralAndAdministrativeExpenses": 0, "otherExpenses": -2157000000, "operatingExpenses": -2157000000, "costAndExpenses": -2157000000, "interestIncome": 0, "interestExpense": 6000000, "depreciationAndAmortization": 2157000000, "ebitda": 2652000000, "ebitdaratio": 1, "operatingIncome": 495000000, "operatingIncomeRatio": 0.1866515837, "totalOtherIncomeExpensesNet": 5000000, "incomeBeforeTax": 500000000, "incomeBeforeTaxRatio": 0.1885369532, "incomeTaxExpense": 186000000, "netIncome": 299000000, "netIncomeRatio": 0.112745098, "eps": 1.49, "epsdiluted": 1.49, "weightedAverageShsOut": 200671141, "weightedAverageShsOutDil": 200671141, "link": "", "finalLink": "", "calculatedOtherExpenses": 2157000000, "calculatedOperatingExpenses": 2157000000, "calculatedNetInterest": -6000000, "calculatedOtherIncome": 11000000, "calculatedIncomeNonControlling": 15000000, "calculatedEbitda": 2652000000}, {"date": "2002-12-31", "symbol": "TNL", "reportedCurrency": "USD", "cik": "0001361658", "fillingDate": "2002-12-31", "acceptedDate": "2002-12-30 19:00:00", "calendarYear": "2002", "period": "FY", "revenue": 2241000000, "costOfRevenue": 0, "grossProfit": 2241000000, "grossProfitRatio": 1, "researchAndDevelopmentExpenses": 0, "generalAndAdministrativeExpenses": 0, "sellingAndMarketingExpenses": 0, "sellingGeneralAndAdministrativeExpenses": 0, "otherExpenses": -1753000000, "operatingExpenses": -1753000000, "costAndExpenses": -1753000000, "interestIncome": 0, "interestExpense": 0, "depreciationAndAmortization": 1753000000, "ebitda": 2241000000, "ebitdaratio": 1, "operatingIncome": 488000000, "operatingIncomeRatio": 0.2177599286, "totalOtherIncomeExpensesNet": 22000000, "incomeBeforeTax": 510000000, "incomeBeforeTaxRatio": 0.2275769746, "incomeTaxExpense": 189000000, "netIncome": 308000000, "netIncomeRatio": 0.1374386435, "eps": 1.54, "epsdiluted": 1.54, "weightedAverageShsOut": 200000000, "weightedAverageShsOutDil": 200000000, "link": "", "finalLink": "", "calculatedOtherExpenses": 1753000000, "calculatedOperatingExpenses": 1753000000, "calculatedNetInterest": 0, "calculatedOtherIncome": 22000000, "calculatedIncomeNonControlling": 13000000, "calculatedEbitda": 2241000000}, {"date": "2001-12-31", "symbol": "TNL", "reportedCurrency": "USD", "cik": "0001361658", "fillingDate": "2001-12-31", "acceptedDate": "2001-12-30 19:00:00", "calendarYear": "2001", "period": "FY", "revenue": 1556000000, "costOfRevenue": 0, "grossProfit": 1556000000, "grossProfitRatio": 1, "researchAndDevelopmentExpenses": 0, "generalAndAdministrativeExpenses": 0, "sellingAndMarketingExpenses": 0, "sellingGeneralAndAdministrativeExpenses": 0, "otherExpenses": -1236000000, "operatingExpenses": -1236000000, "costAndExpenses": -1236000000, "interestIncome": 0, "interestExpense": 0, "depreciationAndAmortization": 1236000000, "ebitda": 1556000000, "ebitdaratio": 1, "operatingIncome": 320000000, "operatingIncomeRatio": 0.205655527, "totalOtherIncomeExpensesNet": 23000000, "incomeBeforeTax": 343000000, "incomeBeforeTaxRatio": 0.220437018, "incomeTaxExpense": 41000000, "netIncome": 302000000, "netIncomeRatio": 0.1940874036, "eps": 1.5, "epsdiluted": 1.5, "weightedAverageShsOut": 201960784, "weightedAverageShsOutDil": 201960784, "link": "", "finalLink": "", "calculatedOtherExpenses": 1236000000, "calculatedOperatingExpenses": 1236000000, "calculatedNetInterest": 0, "calculatedOtherIncome": 23000000, "calculatedIncomeNonControlling": 0, "calculatedEbitda": 1556000000}]}