{"originalCurrency": "USD", "convertedCurrency": "USD", "report": [{"date": "2023-10-31", "symbol": "TOL", "reportedCurrency": "USD", "cik": "0000794170", "fillingDate": "2023-12-21", "acceptedDate": "2023-12-20 21:14:08", "calendarYear": "2023", "period": "FY", "revenue": 9994937000, "costOfRevenue": 7360736000, "grossProfit": 2634201000, "grossProfitRatio": 0.2635535372, "researchAndDevelopmentExpenses": 0, "generalAndAdministrativeExpenses": 859846000, "sellingAndMarketingExpenses": 49600000, "sellingGeneralAndAdministrativeExpenses": 909446000, "otherExpenses": 67518000, "operatingExpenses": 909446000, "costAndExpenses": 8270182000, "interestIncome": 35133000, "interestExpense": 0, "depreciationAndAmortization": 76473000, "ebitda": 1724755000, "ebitdaratio": 0.1725628686, "operatingIncome": 1724755000, "operatingIncomeRatio": 0.1725628686, "totalOtherIncomeExpensesNet": 117616000, "incomeBeforeTax": 1842371000, "incomeBeforeTaxRatio": 0.1843304265, "incomeTaxExpense": 470300000, "netIncome": 1372071000, "netIncomeRatio": 0.1372766031, "eps": 12.47, "epsdiluted": 12.36, "weightedAverageShsOut": 110020000, "weightedAverageShsOutDil": 111008000, "link": "https://www.sec.gov/Archives/edgar/data/794170/000079417023000066/0000794170-23-000066-index.htm", "finalLink": "https://www.sec.gov/Archives/edgar/data/794170/000079417023000066/tol-20231031.htm", "calculatedOtherExpenses": 0, "calculatedOperatingExpenses": 909446000, "calculatedNetInterest": 35133000, "calculatedOtherIncome": 82483000, "calculatedIncomeNonControlling": 0, "calculatedEbitda": 1801228000}, {"date": "2022-10-31", "symbol": "TOL", "reportedCurrency": "USD", "cik": "0000794170", "fillingDate": "2022-12-19", "acceptedDate": "2022-12-19 16:07:51", "calendarYear": "2022", "period": "FY", "revenue": 10275558000, "costOfRevenue": 7789179000, "grossProfit": 2486379000, "grossProfitRatio": 0.2419702171, "researchAndDevelopmentExpenses": 0, "generalAndAdministrativeExpenses": 935253000, "sellingAndMarketingExpenses": 42500000, "sellingGeneralAndAdministrativeExpenses": 977753000, "otherExpenses": 171377000, "operatingExpenses": 977753000, "costAndExpenses": 8766932000, "interestIncome": 6180000, "interestExpense": -141234000, "depreciationAndAmortization": 76816000, "ebitda": 1508626000, "ebitdaratio": 0.1468169417, "operatingIncome": 1508626000, "operatingIncomeRatio": 0.1468169417, "totalOtherIncomeExpensesNet": 195100000, "incomeBeforeTax": 1703726000, "incomeBeforeTaxRatio": 0.1658037452, "incomeTaxExpense": 417226000, "netIncome": 1286500000, "netIncomeRatio": 0.1252000135, "eps": 11.02, "epsdiluted": 10.9, "weightedAverageShsOut": 116771000, "weightedAverageShsOutDil": 117975000, "link": "https://www.sec.gov/Archives/edgar/data/794170/000079417022000049/0000794170-22-000049-index.htm", "finalLink": "https://www.sec.gov/Archives/edgar/data/794170/000079417022000049/tol-20221031.htm", "calculatedOtherExpenses": 0, "calculatedOperatingExpenses": 977753000, "calculatedNetInterest": 147414000, "calculatedOtherIncome": 47686000, "calculatedIncomeNonControlling": 0, "calculatedEbitda": 1585442000}, {"date": "2021-10-31", "symbol": "TOL", "reportedCurrency": "USD", "cik": "0000794170", "fillingDate": "2021-12-17", "acceptedDate": "2021-12-17 16:05:55", "calendarYear": "2021", "period": "FY", "revenue": 8790361000, "costOfRevenue": 6847461000, "grossProfit": 1942900000, "grossProfitRatio": 0.2210261899, "researchAndDevelopmentExpenses": 0, "generalAndAdministrativeExpenses": 882923000, "sellingAndMarketingExpenses": 39100000, "sellingGeneralAndAdministrativeExpenses": 922023000, "otherExpenses": 40614000, "operatingExpenses": 922023000, "costAndExpenses": 7769484000, "interestIncome": 4320000, "interestExpense": 0, "depreciationAndAmortization": 35211000, "ebitda": 1056088000, "ebitdaratio": 0.120141596, "operatingIncome": 1020877000, "operatingIncomeRatio": 0.1161359585, "totalOtherIncomeExpensesNet": 79438000, "incomeBeforeTax": 1100315000, "incomeBeforeTaxRatio": 0.1251729025, "incomeTaxExpense": 266688000, "netIncome": 833627000, "netIncomeRatio": 0.0948342167, "eps": 6.72, "epsdiluted": 6.63, "weightedAverageShsOut": 124100000, "weightedAverageShsOutDil": 125807000, "link": "https://www.sec.gov/Archives/edgar/data/794170/000079417021000079/0000794170-21-000079-index.htm", "finalLink": "https://www.sec.gov/Archives/edgar/data/794170/000079417021000079/tol-20211031.htm", "calculatedOtherExpenses": 0, "calculatedOperatingExpenses": 922023000, "calculatedNetInterest": 4320000, "calculatedOtherIncome": 75118000, "calculatedIncomeNonControlling": 0, "calculatedEbitda": 1056088000}, {"date": "2020-10-31", "symbol": "TOL", "reportedCurrency": "USD", "cik": "0000794170", "fillingDate": "2020-12-22", "acceptedDate": "2020-12-22 16:06:10", "calendarYear": "2020", "period": "FY", "revenue": 7077659000, "costOfRevenue": 5659957000, "grossProfit": 1417702000, "grossProfitRatio": 0.2003066268, "researchAndDevelopmentExpenses": 0, "generalAndAdministrativeExpenses": 821142000, "sellingAndMarketingExpenses": 46300000, "sellingGeneralAndAdministrativeExpenses": 867442000, "otherExpenses": 35693000, "operatingExpenses": 867442000, "costAndExpenses": 6527399000, "interestIncome": 10009000, "interestExpense": 2440000, "depreciationAndAmortization": 68873000, "ebitda": 550260000, "ebitdaratio": 0.0777460457, "operatingIncome": 550260000, "operatingIncomeRatio": 0.0777460457, "totalOtherIncomeExpensesNet": 36641000, "incomeBeforeTax": 586901000, "incomeBeforeTaxRatio": 0.0829230399, "incomeTaxExpense": 140277000, "netIncome": 446624000, "netIncomeRatio": 0.063103351, "eps": 3.43, "epsdiluted": 3.4, "weightedAverageShsOut": 130095000, "weightedAverageShsOutDil": 131247000, "link": "https://www.sec.gov/Archives/edgar/data/794170/000079417020000066/0000794170-20-000066-index.htm", "finalLink": "https://www.sec.gov/Archives/edgar/data/794170/000079417020000066/tol-20201031.htm", "calculatedOtherExpenses": 0, "calculatedOperatingExpenses": 867442000, "calculatedNetInterest": 7569000, "calculatedOtherIncome": 29072000, "calculatedIncomeNonControlling": 0, "calculatedEbitda": 619133000}, {"date": "2019-10-31", "symbol": "TOL", "reportedCurrency": "USD", "cik": "0000794170", "fillingDate": "2019-12-26", "acceptedDate": "2019-12-26 08:55:14", "calendarYear": "2019", "period": "FY", "revenue": 7223966000, "costOfRevenue": 5808618000, "grossProfit": 1415348000, "grossProfitRatio": 0.1959239565, "researchAndDevelopmentExpenses": 0, "generalAndAdministrativeExpenses": 686148000, "sellingAndMarketingExpenses": 48400000, "sellingGeneralAndAdministrativeExpenses": 734548000, "otherExpenses": 81502000, "operatingExpenses": 734548000, "costAndExpenses": 6543166000, "interestIncome": 19017000, "interestExpense": 0, "depreciationAndAmortization": 72149000, "ebitda": 680800000, "ebitdaratio": 0.094241861, "operatingIncome": 680800000, "operatingIncomeRatio": 0.094241861, "totalOtherIncomeExpensesNet": 106370000, "incomeBeforeTax": 787170000, "incomeBeforeTaxRatio": 0.1089664597, "incomeTaxExpense": 197163000, "netIncome": 590007000, "netIncomeRatio": 0.0816735572, "eps": 4.07, "epsdiluted": 4.03, "weightedAverageShsOut": 145008000, "weightedAverageShsOutDil": 146501000, "link": "https://www.sec.gov/Archives/edgar/data/794170/000079417019000067/0000794170-19-000067-index.htm", "finalLink": "https://www.sec.gov/Archives/edgar/data/794170/000079417019000067/tol-20191031x10k.htm", "calculatedOtherExpenses": 0, "calculatedOperatingExpenses": 734548000, "calculatedNetInterest": 19017000, "calculatedOtherIncome": 87353000, "calculatedIncomeNonControlling": 0, "calculatedEbitda": 752949000}, {"date": "2018-10-31", "symbol": "TOL", "reportedCurrency": "USD", "cik": "0000794170", "fillingDate": "2018-12-20", "acceptedDate": "2018-12-20 17:01:28", "calendarYear": "2018", "period": "FY", "revenue": 7143258000, "costOfRevenue": 5673007000, "grossProfit": 1470251000, "grossProfitRatio": 0.2058235892, "researchAndDevelopmentExpenses": 0, "generalAndAdministrativeExpenses": 655535000, "sellingAndMarketingExpenses": 28500000, "sellingGeneralAndAdministrativeExpenses": 684035000, "otherExpenses": 62460000, "operatingExpenses": 684035000, "costAndExpenses": 6357042000, "interestIncome": 8570000, "interestExpense": -172959000, "depreciationAndAmortization": 25259000, "ebitda": 786216000, "ebitdaratio": 0.1100640632, "operatingIncome": 786216000, "operatingIncomeRatio": 0.1100640632, "totalOtherIncomeExpensesNet": 147700000, "incomeBeforeTax": 933916000, "incomeBeforeTaxRatio": 0.1307409028, "incomeTaxExpense": 185765000, "netIncome": 748151000, "netIncomeRatio": 0.1047352623, "eps": 4.92, "epsdiluted": 4.85, "weightedAverageShsOut": 151984000, "weightedAverageShsOutDil": 154201000, "link": "https://www.sec.gov/Archives/edgar/data/794170/000079417018000055/0000794170-18-000055-index.htm", "finalLink": "https://www.sec.gov/Archives/edgar/data/794170/000079417018000055/tol-20181031x10k.htm", "calculatedOtherExpenses": 0, "calculatedOperatingExpenses": 684035000, "calculatedNetInterest": 181529000, "calculatedOtherIncome": -33829000, "calculatedIncomeNonControlling": 0, "calculatedEbitda": 811475000}, {"date": "2017-10-31", "symbol": "TOL", "reportedCurrency": "USD", "cik": "0000794170", "fillingDate": "2017-12-21", "acceptedDate": "2017-12-21 17:13:50", "calendarYear": "2017", "period": "FY", "revenue": 5815058000, "costOfRevenue": 4562303000, "grossProfit": 1252755000, "grossProfitRatio": 0.2154329329, "researchAndDevelopmentExpenses": 0, "generalAndAdministrativeExpenses": 607819000, "sellingAndMarketingExpenses": 26100000, "sellingGeneralAndAdministrativeExpenses": 607819000, "otherExpenses": 53309000, "operatingExpenses": 607819000, "costAndExpenses": 5170122000, "interestIncome": 5988000, "interestExpense": -172195000, "depreciationAndAmortization": 25361000, "ebitda": 644936000, "ebitdaratio": 0.1109079222, "operatingIncome": 644936000, "operatingIncomeRatio": 0.1109079222, "totalOtherIncomeExpensesNet": 169375000, "incomeBeforeTax": 814311000, "incomeBeforeTaxRatio": 0.1400348887, "incomeTaxExpense": 278816000, "netIncome": 535495000, "netIncomeRatio": 0.0920876456, "eps": 3.3, "epsdiluted": 3.17, "weightedAverageShsOut": 162222000, "weightedAverageShsOutDil": 169487000, "link": "https://www.sec.gov/Archives/edgar/data/794170/000079417017000065/0000794170-17-000065-index.htm", "finalLink": "https://www.sec.gov/Archives/edgar/data/794170/000079417017000065/tol-20171031x10k.htm", "calculatedOtherExpenses": 0, "calculatedOperatingExpenses": 607819000, "calculatedNetInterest": 178183000, "calculatedOtherIncome": -8808000, "calculatedIncomeNonControlling": 0, "calculatedEbitda": 670297000}, {"date": "2016-10-31", "symbol": "TOL", "reportedCurrency": "USD", "cik": "0000794170", "fillingDate": "2016-12-23", "acceptedDate": "2016-12-23 14:25:04", "calendarYear": "2016", "period": "FY", "revenue": 5169508000, "costOfRevenue": 4144065000, "grossProfit": 1025443000, "grossProfitRatio": 0.1983637514, "researchAndDevelopmentExpenses": 0, "generalAndAdministrativeExpenses": 535382000, "sellingAndMarketingExpenses": 23100000, "sellingGeneralAndAdministrativeExpenses": 535382000, "otherExpenses": 58218000, "operatingExpenses": 535382000, "costAndExpenses": 4679447000, "interestIncome": 2443000, "interestExpense": -106427000, "depreciationAndAmortization": 23121000, "ebitda": 490061000, "ebitdaratio": 0.0947983831, "operatingIncome": 490061000, "operatingIncomeRatio": 0.0947983831, "totalOtherIncomeExpensesNet": 98966000, "incomeBeforeTax": 589027000, "incomeBeforeTaxRatio": 0.1139425647, "incomeTaxExpense": 206932000, "netIncome": 382095000, "netIncomeRatio": 0.0739132235, "eps": 2.27, "epsdiluted": 2.18, "weightedAverageShsOut": 168261000, "weightedAverageShsOutDil": 175973000, "link": "https://www.sec.gov/Archives/edgar/data/794170/000079417016000131/0000794170-16-000131-index.htm", "finalLink": "https://www.sec.gov/Archives/edgar/data/794170/000079417016000131/tol-20161031x10k.htm", "calculatedOtherExpenses": 0, "calculatedOperatingExpenses": 535382000, "calculatedNetInterest": 108870000, "calculatedOtherIncome": -9904000, "calculatedIncomeNonControlling": 0, "calculatedEbitda": 513182000}, {"date": "2015-10-31", "symbol": "TOL", "reportedCurrency": "USD", "cik": "0000794170", "fillingDate": "2015-12-21", "acceptedDate": "2015-12-21 13:33:36", "calendarYear": "2015", "period": "FY", "revenue": 4171248000, "costOfRevenue": 3269270000, "grossProfit": 901978000, "grossProfitRatio": 0.2162369631, "researchAndDevelopmentExpenses": 0, "generalAndAdministrativeExpenses": 455108000, "sellingAndMarketingExpenses": 18200000, "sellingGeneralAndAdministrativeExpenses": 455108000, "otherExpenses": 67573000, "operatingExpenses": 455108000, "costAndExpenses": 3724378000, "interestIncome": 1939000, "interestExpense": -96618000, "depreciationAndAmortization": 23557000, "ebitda": 446870000, "ebitdaratio": 0.1071310073, "operatingIncome": 446870000, "operatingIncomeRatio": 0.1071310073, "totalOtherIncomeExpensesNet": 88692000, "incomeBeforeTax": 535562000, "incomeBeforeTaxRatio": 0.1283937085, "incomeTaxExpense": 172395000, "netIncome": 363167000, "netIncomeRatio": 0.087064351, "eps": 2.06, "epsdiluted": 1.97, "weightedAverageShsOut": 176425000, "weightedAverageShsOutDil": 184703000, "link": "https://www.sec.gov/Archives/edgar/data/794170/000079417015000059/0000794170-15-000059-index.htm", "finalLink": "https://www.sec.gov/Archives/edgar/data/794170/000079417015000059/tol-20151031x10k.htm", "calculatedOtherExpenses": 0, "calculatedOperatingExpenses": 455108000, "calculatedNetInterest": 98557000, "calculatedOtherIncome": -9865000, "calculatedIncomeNonControlling": 0, "calculatedEbitda": 470427000}, {"date": "2014-10-31", "symbol": "TOL", "reportedCurrency": "USD", "cik": "0000794170", "fillingDate": "2014-12-23", "acceptedDate": "2014-12-23 16:55:57", "calendarYear": "2014", "period": "FY", "revenue": 3911602000, "costOfRevenue": 3081837000, "grossProfit": 829765000, "grossProfitRatio": 0.2121291992, "researchAndDevelopmentExpenses": 0, "generalAndAdministrativeExpenses": 432516000, "sellingAndMarketingExpenses": 15600000, "sellingGeneralAndAdministrativeExpenses": 432516000, "otherExpenses": 66192000, "operatingExpenses": 432516000, "costAndExpenses": 3514353000, "interestIncome": 2493000, "interestExpense": 656000, "depreciationAndAmortization": 22999000, "ebitda": 397249000, "ebitdaratio": 0.1015566001, "operatingIncome": 397249000, "operatingIncomeRatio": 0.1015566001, "totalOtherIncomeExpensesNet": 107333000, "incomeBeforeTax": 504582000, "incomeBeforeTaxRatio": 0.1289962527, "incomeTaxExpense": 164550000, "netIncome": 340032000, "netIncomeRatio": 0.0869290894, "eps": 1.91, "epsdiluted": 1.84, "weightedAverageShsOut": 177578000, "weightedAverageShsOutDil": 185875000, "link": "https://www.sec.gov/Archives/edgar/data/794170/000079417014000044/0000794170-14-000044-index.htm", "finalLink": "https://www.sec.gov/Archives/edgar/data/794170/000079417014000044/tol-20141031x10k.htm", "calculatedOtherExpenses": 0, "calculatedOperatingExpenses": 432516000, "calculatedNetInterest": 1837000, "calculatedOtherIncome": 105496000, "calculatedIncomeNonControlling": 0, "calculatedEbitda": 420248000}, {"date": "2013-10-31", "symbol": "TOL", "reportedCurrency": "USD", "cik": "0000794170", "fillingDate": "2013-12-23", "acceptedDate": "2013-12-23 14:15:51", "calendarYear": "2013", "period": "FY", "revenue": 2674299000, "costOfRevenue": 2133300000, "grossProfit": 540999000, "grossProfitRatio": 0.2022956296, "researchAndDevelopmentExpenses": 0, "generalAndAdministrativeExpenses": 339932000, "sellingAndMarketingExpenses": 11600000, "sellingGeneralAndAdministrativeExpenses": 339932000, "otherExpenses": 52238000, "operatingExpenses": 339932000, "costAndExpenses": 2473232000, "interestIncome": 4457000, "interestExpense": -17664000, "depreciationAndAmortization": 25210000, "ebitda": 201067000, "ebitdaratio": 0.0751849363, "operatingIncome": 201067000, "operatingIncomeRatio": 0.0751849363, "totalOtherIncomeExpensesNet": 66630000, "incomeBeforeTax": 267697000, "incomeBeforeTaxRatio": 0.1000998766, "incomeTaxExpense": 97091000, "netIncome": 170606000, "netIncomeRatio": 0.0637946617, "eps": 1.01, "epsdiluted": 0.97, "weightedAverageShsOut": 169288000, "weightedAverageShsOutDil": 177963000, "link": "https://www.sec.gov/Archives/edgar/data/794170/000079417013000059/0000794170-13-000059-index.htm", "finalLink": "https://www.sec.gov/Archives/edgar/data/794170/000079417013000059/tol-20131031x10k.htm", "calculatedOtherExpenses": 0, "calculatedOperatingExpenses": 339932000, "calculatedNetInterest": 22121000, "calculatedOtherIncome": 44509000, "calculatedIncomeNonControlling": 0, "calculatedEbitda": 226277000}, {"date": "2012-10-31", "symbol": "TOL", "reportedCurrency": "USD", "cik": "0000794170", "fillingDate": "2012-12-28", "acceptedDate": "2012-12-28 16:27:12", "calendarYear": "2012", "period": "FY", "revenue": 1882781000, "costOfRevenue": 1532095000, "grossProfit": 350686000, "grossProfitRatio": 0.1862595809, "researchAndDevelopmentExpenses": 0, "generalAndAdministrativeExpenses": 287257000, "sellingAndMarketingExpenses": 0, "sellingGeneralAndAdministrativeExpenses": 287257000, "otherExpenses": 0, "operatingExpenses": 287257000, "costAndExpenses": 1819352000, "interestIncome": 0, "interestExpense": -25921000, "depreciationAndAmortization": 22586000, "ebitda": 87021000, "ebitdaratio": 0.0462193957, "operatingIncome": 63429000, "operatingIncomeRatio": 0.0336889952, "totalOtherIncomeExpensesNet": 49513000, "incomeBeforeTax": 112942000, "incomeBeforeTaxRatio": 0.0599867961, "incomeTaxExpense": -374204000, "netIncome": 487146000, "netIncomeRatio": 0.258737474, "eps": 2.91, "epsdiluted": 2.86, "weightedAverageShsOut": 167346000, "weightedAverageShsOutDil": 170154000, "link": "https://www.sec.gov/Archives/edgar/data/794170/000079417012000030/0000794170-12-000030-index.htm", "finalLink": "https://www.sec.gov/Archives/edgar/data/794170/000079417012000030/tol-20121031x10k.htm", "calculatedOtherExpenses": 0, "calculatedOperatingExpenses": 287257000, "calculatedNetInterest": 25921000, "calculatedOtherIncome": 23592000, "calculatedIncomeNonControlling": 0, "calculatedEbitda": 86015000}, {"date": "2011-10-31", "symbol": "TOL", "reportedCurrency": "USD", "cik": "0000794170", "fillingDate": "2011-12-22", "acceptedDate": "2011-12-22 16:41:07", "calendarYear": "2011", "period": "FY", "revenue": 1475881000, "costOfRevenue": 1260770000, "grossProfit": 215111000, "grossProfitRatio": 0.1457509108, "researchAndDevelopmentExpenses": 0, "generalAndAdministrativeExpenses": 261355000, "sellingAndMarketingExpenses": 0, "sellingGeneralAndAdministrativeExpenses": 261355000, "otherExpenses": 0, "operatingExpenses": 261355000, "costAndExpenses": 1522125000, "interestIncome": 23403000, "interestExpense": 1504000, "depreciationAndAmortization": 23142000, "ebitda": -24035000, "ebitdaratio": -0.0162851883, "operatingIncome": -47748000, "operatingIncomeRatio": -0.0323522018, "totalOtherIncomeExpensesNet": -5021000, "incomeBeforeTax": -29366000, "incomeBeforeTaxRatio": -0.0198972681, "incomeTaxExpense": -69161000, "netIncome": 39795000, "netIncomeRatio": 0.026963556, "eps": 0.24, "epsdiluted": 0.24, "weightedAverageShsOut": 167140000, "weightedAverageShsOutDil": 168381000, "link": "https://www.sec.gov/Archives/edgar/data/794170/000095012311103874/0000950123-11-103874-index.htm", "finalLink": "https://www.sec.gov/Archives/edgar/data/794170/000095012311103874/c22643e10vk.htm", "calculatedOtherExpenses": 1504000, "calculatedOperatingExpenses": 262859000, "calculatedNetInterest": 21899000, "calculatedOtherIncome": -3517000, "calculatedIncomeNonControlling": 0, "calculatedEbitda": -24606000}, {"date": "2010-10-31", "symbol": "TOL", "reportedCurrency": "USD", "cik": "0000794170", "fillingDate": "2010-12-22", "acceptedDate": "2010-12-22 06:01:36", "calendarYear": "2010", "period": "FY", "revenue": 1494771000, "costOfRevenue": 1383075000, "grossProfit": 111696000, "grossProfitRatio": 0.0747244896, "researchAndDevelopmentExpenses": 0, "generalAndAdministrativeExpenses": 263224000, "sellingAndMarketingExpenses": 0, "sellingGeneralAndAdministrativeExpenses": 263224000, "otherExpenses": 0, "operatingExpenses": 263224000, "costAndExpenses": 1646299000, "interestIncome": 34830000, "interestExpense": 22751000, "depreciationAndAmortization": 20044000, "ebitda": -116698000, "ebitdaratio": -0.0780708216, "operatingIncome": -174279000, "operatingIncomeRatio": -0.1165924413, "totalOtherIncomeExpensesNet": 22262000, "incomeBeforeTax": -117187000, "incomeBeforeTaxRatio": -0.078397962, "incomeTaxExpense": -113813000, "netIncome": -3374000, "netIncomeRatio": -0.0022572019, "eps": -0.0204, "epsdiluted": -0.0204, "weightedAverageShsOut": 165666000, "weightedAverageShsOutDil": 165666000, "link": "https://www.sec.gov/Archives/edgar/data/794170/000095012310115566/0000950123-10-115566-index.htm", "finalLink": "https://www.sec.gov/Archives/edgar/data/794170/000095012310115566/c06107e10vk.htm", "calculatedOtherExpenses": 22751000, "calculatedOperatingExpenses": 285975000, "calculatedNetInterest": 12079000, "calculatedOtherIncome": 45013000, "calculatedIncomeNonControlling": 0, "calculatedEbitda": -154235000}, {"date": "2009-10-31", "symbol": "TOL", "reportedCurrency": "USD", "cik": "0000794170", "fillingDate": "2009-12-21", "acceptedDate": "2009-12-21 17:02:19", "calendarYear": "2009", "period": "FY", "revenue": 1755310000, "costOfRevenue": 1951312000, "grossProfit": -196002000, "grossProfitRatio": -0.1116623275, "researchAndDevelopmentExpenses": 0, "generalAndAdministrativeExpenses": 321158000, "sellingAndMarketingExpenses": 0, "sellingGeneralAndAdministrativeExpenses": 321158000, "otherExpenses": 0, "operatingExpenses": 321158000, "costAndExpenses": 2272470000, "interestIncome": 41906000, "interestExpense": 13693000, "depreciationAndAmortization": 23925000, "ebitda": -503467000, "ebitdaratio": -0.2868251192, "operatingIncome": -517160000, "operatingIncomeRatio": -0.2946260205, "totalOtherIncomeExpensesNet": -21211000, "incomeBeforeTax": -496465000, "incomeBeforeTaxRatio": -0.2828360802, "incomeTaxExpense": 259360000, "netIncome": -755825000, "netIncomeRatio": -0.4305934564, "eps": -4.68, "epsdiluted": -4.68, "weightedAverageShsOut": 161549000, "weightedAverageShsOutDil": 161549000, "link": "https://www.sec.gov/Archives/edgar/data/794170/000095012309072352/0000950123-09-072352-index.htm", "finalLink": "https://www.sec.gov/Archives/edgar/data/794170/000095012309072352/w76594e10vk.htm", "calculatedOtherExpenses": 0, "calculatedOperatingExpenses": 321158000, "calculatedNetInterest": 28213000, "calculatedOtherIncome": -7518000, "calculatedIncomeNonControlling": 0, "calculatedEbitda": -493235000}, {"date": "2008-10-31", "symbol": "TOL", "reportedCurrency": "USD", "cik": "0000794170", "fillingDate": "2008-12-19", "acceptedDate": "2008-12-19 14:43:40", "calendarYear": "2008", "period": "FY", "revenue": 3158213000, "costOfRevenue": 3036757000, "grossProfit": 121456000, "grossProfitRatio": 0.0384571908, "researchAndDevelopmentExpenses": 0, "generalAndAdministrativeExpenses": 429894000, "sellingAndMarketingExpenses": 0, "sellingGeneralAndAdministrativeExpenses": 429894000, "otherExpenses": 92094000, "operatingExpenses": 521988000, "costAndExpenses": 3558745000, "interestIncome": 0, "interestExpense": 69488000, "depreciationAndAmortization": 28333000, "ebitda": -368966000, "ebitdaratio": -0.1168274591, "operatingIncome": -400532000, "operatingIncomeRatio": -0.1268223518, "totalOtherIncomeExpensesNet": -189626000, "incomeBeforeTax": -466787000, "incomeBeforeTaxRatio": -0.1478009875, "incomeTaxExpense": -168977000, "netIncome": -297810000, "netIncomeRatio": -0.0942969964, "eps": -1.88, "epsdiluted": -1.88, "weightedAverageShsOut": 158730000, "weightedAverageShsOutDil": 158730000, "link": "https://www.sec.gov/Archives/edgar/data/794170/000089322008003218/0000893220-08-003218-index.htm", "finalLink": "https://www.sec.gov/Archives/edgar/data/794170/000089322008003218/w71937e10vk.htm", "calculatedOtherExpenses": 92094000, "calculatedOperatingExpenses": 521988000, "calculatedNetInterest": -69488000, "calculatedOtherIncome": 3233000, "calculatedIncomeNonControlling": 0, "calculatedEbitda": -372199000}, {"date": "2007-10-31", "symbol": "TOL", "reportedCurrency": "USD", "cik": "0000794170", "fillingDate": "2007-12-21", "acceptedDate": "2007-12-21 11:06:19", "calendarYear": "2007", "period": "FY", "revenue": 4646979000, "costOfRevenue": 4022930000, "grossProfit": 624049000, "grossProfitRatio": 0.1342913321, "researchAndDevelopmentExpenses": 0, "generalAndAdministrativeExpenses": 516728000, "sellingAndMarketingExpenses": 0, "sellingGeneralAndAdministrativeExpenses": 516728000, "otherExpenses": 111421000, "operatingExpenses": 628149000, "costAndExpenses": 4651079000, "interestIncome": 0, "interestExpense": -65807000, "depreciationAndAmortization": 31240000, "ebitda": 36113000, "ebitdaratio": 0.0077712854, "operatingIncome": -4100000, "operatingIncomeRatio": -0.0008822936, "totalOtherIncomeExpensesNet": -49326000, "incomeBeforeTax": 70680000, "incomeBeforeTaxRatio": 0.0152098815, "incomeTaxExpense": 35029000, "netIncome": 35651000, "netIncomeRatio": 0.007671866, "eps": 0.23, "epsdiluted": 0.22, "weightedAverageShsOut": 155318000, "weightedAverageShsOutDil": 164166000, "link": "https://www.sec.gov/Archives/edgar/data/794170/000089322007004038/0000893220-07-004038-index.htm", "finalLink": "https://www.sec.gov/Archives/edgar/data/794170/000089322007004038/w44632e10vk.htm", "calculatedOtherExpenses": 111421000, "calculatedOperatingExpenses": 628149000, "calculatedNetInterest": 65807000, "calculatedOtherIncome": 8973000, "calculatedIncomeNonControlling": 0, "calculatedEbitda": 27140000}, {"date": "2006-10-31", "symbol": "TOL", "reportedCurrency": "USD", "cik": "0000794170", "fillingDate": "2007-01-05", "acceptedDate": "2007-01-05 16:13:34", "calendarYear": "2006", "period": "FY", "revenue": 6123453000, "costOfRevenue": 4402465000, "grossProfit": 1720988000, "grossProfitRatio": 0.2810486175, "researchAndDevelopmentExpenses": 0, "generalAndAdministrativeExpenses": 573404000, "sellingAndMarketingExpenses": 0, "sellingGeneralAndAdministrativeExpenses": 573404000, "otherExpenses": 121993000, "operatingExpenses": 695397000, "costAndExpenses": 5097862000, "interestIncome": 0, "interestExpense": -101025000, "depreciationAndAmortization": 32314000, "ebitda": 1057905000, "ebitdaratio": 0.1727628186, "operatingIncome": 1025591000, "operatingIncomeRatio": 0.1674857307, "totalOtherIncomeExpensesNet": 48361000, "incomeBeforeTax": 1126616000, "incomeBeforeTaxRatio": 0.1839837752, "incomeTaxExpense": 439403000, "netIncome": 687213000, "netIncomeRatio": 0.112226386, "eps": 4.45, "epsdiluted": 4.17, "weightedAverageShsOut": 154300000, "weightedAverageShsOutDil": 164852000, "link": "https://www.sec.gov/Archives/edgar/data/794170/000112528207000094/0001125282-07-000094-index.htm", "finalLink": "https://www.sec.gov/Archives/edgar/data/794170/000112528207000094/b416604_10k.htm", "calculatedOtherExpenses": 121993000, "calculatedOperatingExpenses": 695397000, "calculatedNetInterest": 101025000, "calculatedOtherIncome": 0, "calculatedIncomeNonControlling": 0, "calculatedEbitda": 1057905000}, {"date": "2005-10-31", "symbol": "TOL", "reportedCurrency": "USD", "cik": "0000794170", "fillingDate": "2006-01-13", "acceptedDate": "2006-01-13 10:18:26", "calendarYear": "2005", "period": "FY", "revenue": 5793425000, "costOfRevenue": 3927113000, "grossProfit": 1866312000, "grossProfitRatio": 0.3221431191, "researchAndDevelopmentExpenses": 0, "generalAndAdministrativeExpenses": 482786000, "sellingAndMarketingExpenses": 0, "sellingGeneralAndAdministrativeExpenses": 482786000, "otherExpenses": 125283000, "operatingExpenses": 608069000, "costAndExpenses": 4535182000, "interestIncome": 0, "interestExpense": -60829000, "depreciationAndAmortization": 24347000, "ebitda": 1286646000, "ebitdaratio": 0.22208728, "operatingIncome": 1258243000, "operatingIncomeRatio": 0.2171846533, "totalOtherIncomeExpensesNet": 23688000, "incomeBeforeTax": 1323128000, "incomeBeforeTaxRatio": 0.2283844185, "incomeTaxExpense": 517018000, "netIncome": 806110000, "netIncomeRatio": 0.1391422173, "eps": 5.23, "epsdiluted": 4.78, "weightedAverageShsOut": 154272000, "weightedAverageShsOutDil": 168552000, "link": "https://www.sec.gov/Archives/edgar/data/794170/000095011606000078/0000950116-06-000078-index.htm", "finalLink": "https://www.sec.gov/Archives/edgar/data/794170/000095011606000078/ten-k.htm", "calculatedOtherExpenses": 125283000, "calculatedOperatingExpenses": 608069000, "calculatedNetInterest": 60829000, "calculatedOtherIncome": 4056000, "calculatedIncomeNonControlling": 0, "calculatedEbitda": 1282590000}, {"date": "2004-10-31", "symbol": "TOL", "reportedCurrency": "USD", "cik": "0000794170", "fillingDate": "2005-01-13", "acceptedDate": "2005-01-13 10:31:15", "calendarYear": "2004", "period": "FY", "revenue": 3893093000, "costOfRevenue": 2763049000, "grossProfit": 1130044000, "grossProfitRatio": 0.2902689455, "researchAndDevelopmentExpenses": 0, "generalAndAdministrativeExpenses": 381080000, "sellingAndMarketingExpenses": 0, "sellingGeneralAndAdministrativeExpenses": 381080000, "otherExpenses": 0, "operatingExpenses": 381080000, "costAndExpenses": 3144129000, "interestIncome": 0, "interestExpense": 109761000, "depreciationAndAmortization": 21767000, "ebitda": 778960000, "ebitdaratio": 0.2000876938, "operatingIncome": 748964000, "operatingIncomeRatio": 0.1923827661, "totalOtherIncomeExpensesNet": 7502000, "incomeBeforeTax": 647432000, "incomeBeforeTaxRatio": 0.1663027315, "incomeTaxExpense": 238321000, "netIncome": 409111000, "netIncomeRatio": 0.1050863671, "eps": 2.75, "epsdiluted": 2.52, "weightedAverageShsOut": 148646000, "weightedAverageShsOutDil": 162330000, "link": "https://www.sec.gov/Archives/edgar/data/794170/000095011605000162/0000950116-05-000162-index.htm", "finalLink": "https://www.sec.gov/Archives/edgar/data/794170/000095011605000162/ten-k.txt", "calculatedOtherExpenses": 0, "calculatedOperatingExpenses": 381080000, "calculatedNetInterest": -109761000, "calculatedOtherIncome": 8229000, "calculatedIncomeNonControlling": 0, "calculatedEbitda": 770731000}, {"date": "2003-10-31", "symbol": "TOL", "reportedCurrency": "USD", "cik": "0000794170", "fillingDate": "2004-01-15", "acceptedDate": "2004-01-14 18:02:56", "calendarYear": "2003", "period": "FY", "revenue": 2775241000, "costOfRevenue": 1995314000, "grossProfit": 779927000, "grossProfitRatio": 0.2810303682, "researchAndDevelopmentExpenses": 0, "generalAndAdministrativeExpenses": 288337000, "sellingAndMarketingExpenses": 0, "sellingGeneralAndAdministrativeExpenses": 288337000, "otherExpenses": 0, "operatingExpenses": 288337000, "costAndExpenses": 2283651000, "interestIncome": 0, "interestExpense": 87629000, "depreciationAndAmortization": 12075000, "ebitda": 510857000, "ebitdaratio": 0.1840766261, "operatingIncome": 491590000, "operatingIncomeRatio": 0.177134166, "totalOtherIncomeExpensesNet": -6211000, "incomeBeforeTax": 411153000, "incomeBeforeTaxRatio": 0.1481503769, "incomeTaxExpense": 151333000, "netIncome": 259820000, "netIncomeRatio": 0.0936206982, "eps": 1.84, "epsdiluted": 1.72, "weightedAverageShsOut": 141339000, "weightedAverageShsOutDil": 151083000, "link": "https://www.sec.gov/Archives/edgar/data/794170/000095011604000165/0000950116-04-000165-index.htm", "finalLink": "https://www.sec.gov/Archives/edgar/data/794170/000095011604000165/ten-k.txt", "calculatedOtherExpenses": 0, "calculatedOperatingExpenses": 288337000, "calculatedNetInterest": -87629000, "calculatedOtherIncome": 7192000, "calculatedIncomeNonControlling": 0, "calculatedEbitda": 503665000}, {"date": "2002-10-31", "symbol": "TOL", "reportedCurrency": "USD", "cik": "0000794170", "fillingDate": "2003-01-13", "acceptedDate": "2003-01-13 16:40:00", "calendarYear": "2002", "period": "FY", "revenue": 2328972000, "costOfRevenue": 1681002000, "grossProfit": 647970000, "grossProfitRatio": 0.2782214642, "researchAndDevelopmentExpenses": 0, "generalAndAdministrativeExpenses": 236123000, "sellingAndMarketingExpenses": 0, "sellingGeneralAndAdministrativeExpenses": 236123000, "otherExpenses": 0, "operatingExpenses": 236123000, "costAndExpenses": 1917125000, "interestIncome": 0, "interestExpense": 64529000, "depreciationAndAmortization": 10495000, "ebitda": 422342000, "ebitdaratio": 0.1813426696, "operatingIncome": 411847000, "operatingIncomeRatio": 0.1768363896, "totalOtherIncomeExpensesNet": 1870000, "incomeBeforeTax": 347318000, "incomeBeforeTaxRatio": 0.1491293154, "incomeTaxExpense": 127431000, "netIncome": 219887000, "netIncomeRatio": 0.0944137585, "eps": 1.56, "epsdiluted": 1.46, "weightedAverageShsOut": 140944000, "weightedAverageShsOutDil": 150960000, "link": "https://www.sec.gov/Archives/edgar/data/794170/000095011603000080/0000950116-03-000080-index.htm", "finalLink": "https://www.sec.gov/Archives/edgar/data/794170/000095011603000080/ten-k.txt", "calculatedOtherExpenses": 0, "calculatedOperatingExpenses": 236123000, "calculatedNetInterest": -64529000, "calculatedOtherIncome": 0, "calculatedIncomeNonControlling": 0, "calculatedEbitda": 422342000}, {"date": "2001-10-31", "symbol": "TOL", "reportedCurrency": "USD", "cik": "0000794170", "fillingDate": "2002-09-06", "acceptedDate": "2002-09-06 15:59:57", "calendarYear": "2001", "period": "FY", "revenue": 2229605000, "costOfRevenue": 1623740000, "grossProfit": 605865000, "grossProfitRatio": 0.2717364735, "researchAndDevelopmentExpenses": 0, "generalAndAdministrativeExpenses": 209729000, "sellingAndMarketingExpenses": 0, "sellingGeneralAndAdministrativeExpenses": 209729000, "otherExpenses": 58247000, "operatingExpenses": 267976000, "costAndExpenses": 1891716000, "interestIncome": 0, "interestExpense": 0, "depreciationAndAmortization": 9356000, "ebitda": 347245000, "ebitdaratio": 0.1557428334, "operatingIncome": 337889000, "operatingIncomeRatio": 0.1515465744, "totalOtherIncomeExpensesNet": 6756000, "incomeBeforeTax": 337889000, "incomeBeforeTaxRatio": 0.1515465744, "incomeTaxExpense": 124216000, "netIncome": 213673000, "netIncomeRatio": 0.095834464, "eps": 1.49, "epsdiluted": 1.38, "weightedAverageShsOut": 143340000, "weightedAverageShsOutDil": 154734000, "link": "https://www.sec.gov/Archives/edgar/data/794170/000095011602002072/0000950116-02-002072-index.htm", "finalLink": "https://www.sec.gov/Archives/edgar/data/794170/000095011602002072/ten-ka.txt", "calculatedOtherExpenses": 58247000, "calculatedOperatingExpenses": 267976000, "calculatedNetInterest": 0, "calculatedOtherIncome": 0, "calculatedIncomeNonControlling": 0, "calculatedEbitda": 347245000}, {"date": "2000-10-31", "symbol": "TOL", "reportedCurrency": "USD", "cik": "0000794170", "fillingDate": "2001-01-12", "acceptedDate": "2001-01-12 00:00:00", "calendarYear": "2000", "period": "FY", "revenue": 1804910000, "costOfRevenue": 1358341000, "grossProfit": 446569000, "grossProfitRatio": 0.2474189849, "researchAndDevelopmentExpenses": 0, "generalAndAdministrativeExpenses": 170358000, "sellingAndMarketingExpenses": 0, "sellingGeneralAndAdministrativeExpenses": 170358000, "otherExpenses": 8528000, "operatingExpenses": 178886000, "costAndExpenses": 1537227000, "interestIncome": 0, "interestExpense": 36717000, "depreciationAndAmortization": 8528000, "ebitda": 276211000, "ebitdaratio": 0.1530331152, "operatingIncome": 267683000, "operatingIncomeRatio": 0.1483082259, "totalOtherIncomeExpensesNet": -36717000, "incomeBeforeTax": 230966000, "incomeBeforeTaxRatio": 0.1279653833, "incomeTaxExpense": 85023000, "netIncome": 145943000, "netIncomeRatio": 0.0808588794, "eps": 1, "epsdiluted": 0.98, "weightedAverageShsOut": 145076000, "weightedAverageShsOutDil": 149652000, "link": "https://www.sec.gov/Archives/edgar/data/794170/000079417001000002/0000794170-01-000002-index.htm", "finalLink": "https://www.sec.gov/Archives/edgar/data/794170/000079417001000002/0000794170-01-000002-0001.txt", "calculatedOtherExpenses": 8528000, "calculatedOperatingExpenses": 178886000, "calculatedNetInterest": -36717000, "calculatedOtherIncome": 0, "calculatedIncomeNonControlling": 0, "calculatedEbitda": 276211000}, {"date": "1999-10-31", "symbol": "TOL", "reportedCurrency": "USD", "cik": "0000794170", "fillingDate": "2000-01-26", "acceptedDate": "2000-01-26 00:00:00", "calendarYear": "1999", "period": "FY", "revenue": 1455500000, "costOfRevenue": 1124700000, "grossProfit": 330800000, "grossProfitRatio": 0.2272758502, "researchAndDevelopmentExpenses": 0, "generalAndAdministrativeExpenses": 130200000, "sellingAndMarketingExpenses": 0, "sellingGeneralAndAdministrativeExpenses": 130200000, "otherExpenses": 6600000, "operatingExpenses": 136800000, "costAndExpenses": 1261500000, "interestIncome": 0, "interestExpense": 24200000, "depreciationAndAmortization": 6600000, "ebitda": 192000000, "ebitdaratio": 0.1319134318, "operatingIncome": 194000000, "operatingIncomeRatio": 0.1332875301, "totalOtherIncomeExpensesNet": 8600000, "incomeBeforeTax": 162700000, "incomeBeforeTaxRatio": 0.1117828925, "incomeTaxExpense": 59700000, "netIncome": 101500000, "netIncomeRatio": 0.0697354861, "eps": 0.69, "epsdiluted": 0.68, "weightedAverageShsOut": 146756000, "weightedAverageShsOutDil": 149744000, "link": "https://www.sec.gov/Archives/edgar/data/794170/000079417000000002/0000794170-00-000002-index.html", "finalLink": "https://www.sec.gov/Archives/edgar/data/794170/000079417000000002/", "calculatedOtherExpenses": 6600000, "calculatedOperatingExpenses": 136800000, "calculatedNetInterest": -24200000, "calculatedOtherIncome": -7100000, "calculatedIncomeNonControlling": 1500000, "calculatedEbitda": 200600000}, {"date": "1998-10-31", "symbol": "TOL", "reportedCurrency": "USD", "cik": "0000794170", "fillingDate": "1999-01-19", "acceptedDate": "1999-01-19 00:00:00", "calendarYear": "1998", "period": "FY", "revenue": 1206300000, "costOfRevenue": 928300000, "grossProfit": 278000000, "grossProfitRatio": 0.2304567686, "researchAndDevelopmentExpenses": 0, "generalAndAdministrativeExpenses": 106700000, "sellingAndMarketingExpenses": 0, "sellingGeneralAndAdministrativeExpenses": 106700000, "otherExpenses": 5600000, "operatingExpenses": 112300000, "costAndExpenses": 1040600000, "interestIncome": 0, "interestExpense": 28000000, "depreciationAndAmortization": 5600000, "ebitda": 166800000, "ebitdaratio": 0.1382740612, "operatingIncome": 165700000, "operatingIncomeRatio": 0.1373621819, "totalOtherIncomeExpensesNet": 4500000, "incomeBeforeTax": 134300000, "incomeBeforeTaxRatio": 0.1113321728, "incomeTaxExpense": 48500000, "netIncome": 84700000, "netIncomeRatio": 0.0702147061, "eps": 0.58, "epsdiluted": 0.56, "weightedAverageShsOut": 145932000, "weightedAverageShsOutDil": 153440000, "link": "https://www.sec.gov/Archives/edgar/data/794170/000079417099000002/0000794170-99-000002-index.html", "finalLink": "https://www.sec.gov/Archives/edgar/data/794170/", "calculatedOtherExpenses": 5600000, "calculatedOperatingExpenses": 112300000, "calculatedNetInterest": -28000000, "calculatedOtherIncome": -3400000, "calculatedIncomeNonControlling": 1100000, "calculatedEbitda": 171300000}, {"date": "1997-10-31", "symbol": "TOL", "reportedCurrency": "USD", "cik": "0000794170", "fillingDate": "1998-01-16", "acceptedDate": "1998-01-16 00:00:00", "calendarYear": "1997", "period": "FY", "revenue": 971700000, "costOfRevenue": 744200000, "grossProfit": 227500000, "grossProfitRatio": 0.234125759, "researchAndDevelopmentExpenses": 0, "generalAndAdministrativeExpenses": 86300000, "sellingAndMarketingExpenses": 0, "sellingGeneralAndAdministrativeExpenses": 86300000, "otherExpenses": 4100000, "operatingExpenses": 90400000, "costAndExpenses": 834600000, "interestIncome": 0, "interestExpense": 32300000, "depreciationAndAmortization": 4100000, "ebitda": 141200000, "ebitdaratio": 0.1453123392, "operatingIncome": 137100000, "operatingIncomeRatio": 0.1410929299, "totalOtherIncomeExpensesNet": -29500000, "incomeBeforeTax": 107600000, "incomeBeforeTaxRatio": 0.1107337656, "incomeTaxExpense": 39800000, "netIncome": 65000000, "netIncomeRatio": 0.066893074, "eps": 0.48, "epsdiluted": 0.45, "weightedAverageShsOut": 136125654, "weightedAverageShsOutDil": 145251397, "link": "https://www.sec.gov/Archives/edgar/data/794170/000079417098000002/0000794170-98-000002-index.html", "finalLink": "https://www.sec.gov/Archives/edgar/data/794170/", "calculatedOtherExpenses": 4100000, "calculatedOperatingExpenses": 90400000, "calculatedNetInterest": -32300000, "calculatedOtherIncome": 2800000, "calculatedIncomeNonControlling": 2800000, "calculatedEbitda": 141200000}, {"date": "1996-10-31", "symbol": "TOL", "reportedCurrency": "USD", "cik": "0000794170", "fillingDate": "1997-01-13", "acceptedDate": "1997-01-13 00:00:00", "calendarYear": "1996", "period": "FY", "revenue": 760700000, "costOfRevenue": 577700000, "grossProfit": 183000000, "grossProfitRatio": 0.240567898, "researchAndDevelopmentExpenses": 0, "generalAndAdministrativeExpenses": 69700000, "sellingAndMarketingExpenses": 0, "sellingGeneralAndAdministrativeExpenses": 69700000, "otherExpenses": 3300000, "operatingExpenses": 73000000, "costAndExpenses": 650700000, "interestIncome": 0, "interestExpense": 24300000, "depreciationAndAmortization": 3300000, "ebitda": 113300000, "ebitdaratio": 0.1489417642, "operatingIncome": 110000000, "operatingIncomeRatio": 0.1446036545, "totalOtherIncomeExpensesNet": -24300000, "incomeBeforeTax": 85700000, "incomeBeforeTaxRatio": 0.1126593927, "incomeTaxExpense": 32000000, "netIncome": 53700000, "netIncomeRatio": 0.070592875, "eps": 0.4, "epsdiluted": 0.38, "weightedAverageShsOut": 135094340, "weightedAverageShsOutDil": 143200000, "link": "https://www.sec.gov/Archives/edgar/data/794170/000079417097000003/0000794170-97-000003-index.html", "finalLink": "https://www.sec.gov/Archives/edgar/data/794170/", "calculatedOtherExpenses": 3300000, "calculatedOperatingExpenses": 73000000, "calculatedNetInterest": -24300000, "calculatedOtherIncome": 0, "calculatedIncomeNonControlling": 0, "calculatedEbitda": 113300000}, {"date": "1995-10-31", "symbol": "TOL", "reportedCurrency": "USD", "cik": "0000794170", "fillingDate": "1996-01-18", "acceptedDate": "1996-01-18 00:00:00", "calendarYear": "1995", "period": "FY", "revenue": 646300000, "costOfRevenue": 482100000, "grossProfit": 164200000, "grossProfitRatio": 0.2540615813, "researchAndDevelopmentExpenses": 0, "generalAndAdministrativeExpenses": 59700000, "sellingAndMarketingExpenses": 0, "sellingGeneralAndAdministrativeExpenses": 59700000, "otherExpenses": 2900000, "operatingExpenses": 62600000, "costAndExpenses": 544700000, "interestIncome": 0, "interestExpense": 22200000, "depreciationAndAmortization": 2900000, "ebitda": 104500000, "ebitdaratio": 0.1616896178, "operatingIncome": 101600000, "operatingIncomeRatio": 0.1572025375, "totalOtherIncomeExpensesNet": -22200000, "incomeBeforeTax": 79400000, "incomeBeforeTaxRatio": 0.1228531642, "incomeTaxExpense": 29500000, "netIncome": 49900000, "netIncomeRatio": 0.0772087266, "eps": 0.37, "epsdiluted": 0.35, "weightedAverageShsOut": 135636000, "weightedAverageShsOutDil": 146604000, "link": "https://www.sec.gov/Archives/edgar/data/794170/000079417096000001/0000794170-96-000001-index.html", "finalLink": "https://www.sec.gov/Archives/edgar/data/794170/", "calculatedOtherExpenses": 2900000, "calculatedOperatingExpenses": 62600000, "calculatedNetInterest": -22200000, "calculatedOtherIncome": 0, "calculatedIncomeNonControlling": 0, "calculatedEbitda": 104500000}, {"date": "1994-10-31", "symbol": "TOL", "reportedCurrency": "USD", "cik": "0000794170", "fillingDate": "1995-01-24", "acceptedDate": "1995-01-24 00:00:00", "calendarYear": "1994", "period": "FY", "revenue": 501800000, "costOfRevenue": 377500000, "grossProfit": 124300000, "grossProfitRatio": 0.2477082503, "researchAndDevelopmentExpenses": 0, "generalAndAdministrativeExpenses": 48800000, "sellingAndMarketingExpenses": 0, "sellingGeneralAndAdministrativeExpenses": 48800000, "otherExpenses": 2700000, "operatingExpenses": 51500000, "costAndExpenses": 429000000, "interestIncome": 0, "interestExpense": 13700000, "depreciationAndAmortization": 2700000, "ebitda": 73300000, "ebitdaratio": 0.1460741331, "operatingIncome": 72800000, "operatingIncomeRatio": 0.1450777202, "totalOtherIncomeExpensesNet": 2200000, "incomeBeforeTax": 56900000, "incomeBeforeTaxRatio": 0.1133917896, "incomeTaxExpense": 20700000, "netIncome": 36200000, "netIncomeRatio": 0.0721402949, "eps": 0.27, "epsdiluted": 0.26, "weightedAverageShsOut": 134504000, "weightedAverageShsOutDil": 142656000, "link": "https://www.sec.gov/Archives/edgar/data/794170/000079417095000004/0000794170-95-000004-index.html", "finalLink": "https://www.sec.gov/Archives/edgar/data/794170/", "calculatedOtherExpenses": 2700000, "calculatedOperatingExpenses": 51500000, "calculatedNetInterest": -13700000, "calculatedOtherIncome": -2200000, "calculatedIncomeNonControlling": 0, "calculatedEbitda": 75500000}, {"date": "1993-10-31", "symbol": "TOL", "reportedCurrency": "USD", "cik": "0000794170", "fillingDate": "1993-10-31", "acceptedDate": "1993-10-31 00:00:00", "calendarYear": "1993", "period": "FY", "revenue": 392600000, "costOfRevenue": 288200000, "grossProfit": 104400000, "grossProfitRatio": 0.265919511, "researchAndDevelopmentExpenses": 0, "generalAndAdministrativeExpenses": 0, "sellingAndMarketingExpenses": 0, "sellingGeneralAndAdministrativeExpenses": 43300000, "otherExpenses": 2700000, "operatingExpenses": 46000000, "costAndExpenses": 334200000, "interestIncome": 0, "interestExpense": 11200000, "depreciationAndAmortization": 2700000, "ebitda": 58400000, "ebitdaratio": 0.1487519103, "operatingIncome": 58400000, "operatingIncomeRatio": 0.1487519103, "totalOtherIncomeExpensesNet": 2700000, "incomeBeforeTax": 43900000, "incomeBeforeTaxRatio": 0.1118186449, "incomeTaxExpense": 16500000, "netIncome": 28000000, "netIncomeRatio": 0.0713194091, "eps": 0.21, "epsdiluted": 0.21, "weightedAverageShsOut": 133333333, "weightedAverageShsOutDil": 133333333, "link": null, "finalLink": null, "calculatedOtherExpenses": 2700000, "calculatedOperatingExpenses": 46000000, "calculatedNetInterest": -11200000, "calculatedOtherIncome": -3300000, "calculatedIncomeNonControlling": -600000, "calculatedEbitda": 61100000}, {"date": "1992-10-31", "symbol": "TOL", "reportedCurrency": "USD", "cik": "0000794170", "fillingDate": "1992-10-31", "acceptedDate": "1992-10-31 00:00:00", "calendarYear": "1992", "period": "FY", "revenue": 279800000, "costOfRevenue": 201000000, "grossProfit": 78800000, "grossProfitRatio": 0.2816297355, "researchAndDevelopmentExpenses": 0, "generalAndAdministrativeExpenses": 0, "sellingAndMarketingExpenses": 0, "sellingGeneralAndAdministrativeExpenses": 33000000, "otherExpenses": 2600000, "operatingExpenses": 35600000, "costAndExpenses": 236600000, "interestIncome": 0, "interestExpense": 13500000, "depreciationAndAmortization": 2600000, "ebitda": 44200000, "ebitdaratio": 0.1579699786, "operatingIncome": 43200000, "operatingIncomeRatio": 0.1543959971, "totalOtherIncomeExpensesNet": 1600000, "incomeBeforeTax": 28900000, "incomeBeforeTaxRatio": 0.1032880629, "incomeTaxExpense": 11500000, "netIncome": 16600000, "netIncomeRatio": 0.0593280915, "eps": 0.13, "epsdiluted": 0.13, "weightedAverageShsOut": 132800000, "weightedAverageShsOutDil": 132800000, "link": null, "finalLink": null, "calculatedOtherExpenses": 2600000, "calculatedOperatingExpenses": 35600000, "calculatedNetInterest": -13500000, "calculatedOtherIncome": -800000, "calculatedIncomeNonControlling": 800000, "calculatedEbitda": 45800000}, {"date": "1991-10-31", "symbol": "TOL", "reportedCurrency": "USD", "cik": "0000794170", "fillingDate": "1991-10-31", "acceptedDate": "1991-10-31 00:00:00", "calendarYear": "1991", "period": "FY", "revenue": 176000000, "costOfRevenue": 132300000, "grossProfit": 43700000, "grossProfitRatio": 0.2482954545, "researchAndDevelopmentExpenses": 0, "generalAndAdministrativeExpenses": 0, "sellingAndMarketingExpenses": 0, "sellingGeneralAndAdministrativeExpenses": 26400000, "otherExpenses": 2500000, "operatingExpenses": 28900000, "costAndExpenses": 161200000, "interestIncome": 0, "interestExpense": 5900000, "depreciationAndAmortization": 2500000, "ebitda": 15900000, "ebitdaratio": 0.0903409091, "operatingIncome": 14800000, "operatingIncomeRatio": 0.0840909091, "totalOtherIncomeExpensesNet": 1400000, "incomeBeforeTax": 6200000, "incomeBeforeTaxRatio": 0.0352272727, "incomeTaxExpense": 2500000, "netIncome": 5000000, "netIncomeRatio": 0.0284090909, "eps": 0.04, "epsdiluted": 0.04, "weightedAverageShsOut": 125000000, "weightedAverageShsOutDil": 125000000, "link": null, "finalLink": null, "calculatedOtherExpenses": 2500000, "calculatedOperatingExpenses": 28900000, "calculatedNetInterest": -5900000, "calculatedOtherIncome": -2700000, "calculatedIncomeNonControlling": -1300000, "calculatedEbitda": 17300000}, {"date": "1990-10-31", "symbol": "TOL", "reportedCurrency": "USD", "cik": "0000794170", "fillingDate": "1990-10-31", "acceptedDate": "1990-10-31 00:00:00", "calendarYear": "1990", "period": "FY", "revenue": 198300000, "costOfRevenue": 145800000, "grossProfit": 52500000, "grossProfitRatio": 0.2647503782, "researchAndDevelopmentExpenses": 0, "generalAndAdministrativeExpenses": 0, "sellingAndMarketingExpenses": 0, "sellingGeneralAndAdministrativeExpenses": 27300000, "otherExpenses": 2600000, "operatingExpenses": 29900000, "costAndExpenses": 175700000, "interestIncome": 0, "interestExpense": 4800000, "depreciationAndAmortization": 2600000, "ebitda": 23500000, "ebitdaratio": 0.1185073122, "operatingIncome": 22600000, "operatingIncomeRatio": 0.1139687342, "totalOtherIncomeExpensesNet": 1700000, "incomeBeforeTax": 15000000, "incomeBeforeTaxRatio": 0.0756429652, "incomeTaxExpense": 6100000, "netIncome": 10000000, "netIncomeRatio": 0.0504286435, "eps": 0.085, "epsdiluted": 0.085, "weightedAverageShsOut": 117647059, "weightedAverageShsOutDil": 117647059, "link": null, "finalLink": null, "calculatedOtherExpenses": 2600000, "calculatedOperatingExpenses": 29900000, "calculatedNetInterest": -4800000, "calculatedOtherIncome": -2800000, "calculatedIncomeNonControlling": -1100000, "calculatedEbitda": 25200000}, {"date": "1989-10-31", "symbol": "TOL", "reportedCurrency": "USD", "cik": "0000794170", "fillingDate": "1989-10-31", "acceptedDate": "1989-10-31 00:00:00", "calendarYear": "1989", "period": "FY", "revenue": 176900000, "costOfRevenue": 119900000, "grossProfit": 57000000, "grossProfitRatio": 0.3222159412, "researchAndDevelopmentExpenses": 0, "generalAndAdministrativeExpenses": 0, "sellingAndMarketingExpenses": 0, "sellingGeneralAndAdministrativeExpenses": 28000000, "otherExpenses": 2600000, "operatingExpenses": 30600000, "costAndExpenses": 150500000, "interestIncome": 0, "interestExpense": 3100000, "depreciationAndAmortization": 2600000, "ebitda": 27200000, "ebitdaratio": 0.153759186, "operatingIncome": 26400000, "operatingIncomeRatio": 0.149236857, "totalOtherIncomeExpensesNet": 1800000, "incomeBeforeTax": 21500000, "incomeBeforeTaxRatio": 0.1215375919, "incomeTaxExpense": 8400000, "netIncome": 13100000, "netIncomeRatio": 0.0740531374, "eps": 0.11, "epsdiluted": 0.11, "weightedAverageShsOut": 119090909, "weightedAverageShsOutDil": 119090909, "link": null, "finalLink": null, "calculatedOtherExpenses": 2600000, "calculatedOperatingExpenses": 30600000, "calculatedNetInterest": -3100000, "calculatedOtherIncome": -1800000, "calculatedIncomeNonControlling": 0, "calculatedEbitda": 29000000}, {"date": "1988-10-31", "symbol": "TOL", "reportedCurrency": "USD", "cik": "0000794170", "fillingDate": "1988-10-31", "acceptedDate": "1988-10-31 00:00:00", "calendarYear": "1988", "period": "FY", "revenue": 200200000, "costOfRevenue": 0, "grossProfit": 200200000, "grossProfitRatio": 1, "researchAndDevelopmentExpenses": 0, "generalAndAdministrativeExpenses": 0, "sellingAndMarketingExpenses": 0, "sellingGeneralAndAdministrativeExpenses": 0, "otherExpenses": 153900000, "operatingExpenses": 153900000, "costAndExpenses": 153900000, "interestIncome": 0, "interestExpense": 5500000, "depreciationAndAmortization": 0, "ebitda": 46300000, "ebitdaratio": 0.2312687313, "operatingIncome": 46300000, "operatingIncomeRatio": 0.2312687313, "totalOtherIncomeExpensesNet": -5500000, "incomeBeforeTax": 40800000, "incomeBeforeTaxRatio": 0.2037962038, "incomeTaxExpense": 16700000, "netIncome": 24100000, "netIncomeRatio": 0.1203796204, "eps": 0.2, "epsdiluted": 0.2, "weightedAverageShsOut": 120500000, "weightedAverageShsOutDil": 120500000, "link": null, "finalLink": null, "calculatedOtherExpenses": 153900000, "calculatedOperatingExpenses": 153900000, "calculatedNetInterest": -5500000, "calculatedOtherIncome": 0, "calculatedIncomeNonControlling": 0, "calculatedEbitda": 46300000}, {"date": "1987-10-31", "symbol": "TOL", "reportedCurrency": "USD", "cik": "0000794170", "fillingDate": "1987-10-31", "acceptedDate": "1987-10-31 00:00:00", "calendarYear": "1987", "period": "FY", "revenue": 137200000, "costOfRevenue": 0, "grossProfit": 137200000, "grossProfitRatio": 1, "researchAndDevelopmentExpenses": 0, "generalAndAdministrativeExpenses": 0, "sellingAndMarketingExpenses": 0, "sellingGeneralAndAdministrativeExpenses": 0, "otherExpenses": 100300000, "operatingExpenses": 100300000, "costAndExpenses": 100300000, "interestIncome": 0, "interestExpense": 3500000, "depreciationAndAmortization": 0, "ebitda": 36900000, "ebitdaratio": 0.2689504373, "operatingIncome": 36900000, "operatingIncomeRatio": 0.2689504373, "totalOtherIncomeExpensesNet": -3500000, "incomeBeforeTax": 33400000, "incomeBeforeTaxRatio": 0.2434402332, "incomeTaxExpense": 16200000, "netIncome": 17200000, "netIncomeRatio": 0.1253644315, "eps": 0.14, "epsdiluted": 0.14, "weightedAverageShsOut": 120701754, "weightedAverageShsOutDil": 120701754, "link": null, "finalLink": null, "calculatedOtherExpenses": 100300000, "calculatedOperatingExpenses": 100300000, "calculatedNetInterest": -3500000, "calculatedOtherIncome": 0, "calculatedIncomeNonControlling": 0, "calculatedEbitda": 36900000}, {"date": "1986-10-31", "symbol": "TOL", "reportedCurrency": "USD", "cik": "0000794170", "fillingDate": "1986-10-31", "acceptedDate": "1986-10-31 00:00:00", "calendarYear": "1986", "period": "FY", "revenue": 126600000, "costOfRevenue": 0, "grossProfit": 126600000, "grossProfitRatio": 1, "researchAndDevelopmentExpenses": 0, "generalAndAdministrativeExpenses": 0, "sellingAndMarketingExpenses": 0, "sellingGeneralAndAdministrativeExpenses": 0, "otherExpenses": 98700000, "operatingExpenses": 98700000, "costAndExpenses": 98700000, "interestIncome": 0, "interestExpense": 4100000, "depreciationAndAmortization": 0, "ebitda": 27900000, "ebitdaratio": 0.2203791469, "operatingIncome": 27900000, "operatingIncomeRatio": 0.2203791469, "totalOtherIncomeExpensesNet": -4100000, "incomeBeforeTax": 23800000, "incomeBeforeTaxRatio": 0.1879936809, "incomeTaxExpense": 7700000, "netIncome": 16100000, "netIncomeRatio": 0.1271721959, "eps": 0.11, "epsdiluted": 0.11, "weightedAverageShsOut": 149767442, "weightedAverageShsOutDil": 149767442, "link": null, "finalLink": null, "calculatedOtherExpenses": 98700000, "calculatedOperatingExpenses": 98700000, "calculatedNetInterest": -4100000, "calculatedOtherIncome": 0, "calculatedIncomeNonControlling": 0, "calculatedEbitda": 27900000}, {"date": "1985-10-31", "symbol": "TOL", "reportedCurrency": "USD", "cik": "0000794170", "fillingDate": "1985-10-31", "acceptedDate": "1985-10-31 00:00:00", "calendarYear": "1985", "period": "FY", "revenue": 76500000, "costOfRevenue": 0, "grossProfit": 76500000, "grossProfitRatio": 1, "researchAndDevelopmentExpenses": 0, "generalAndAdministrativeExpenses": 0, "sellingAndMarketingExpenses": 0, "sellingGeneralAndAdministrativeExpenses": 0, "otherExpenses": 68600000, "operatingExpenses": 68600000, "costAndExpenses": 68600000, "interestIncome": 0, "interestExpense": 2700000, "depreciationAndAmortization": 0, "ebitda": 7900000, "ebitdaratio": 0.1032679739, "operatingIncome": 7900000, "operatingIncomeRatio": 0.1032679739, "totalOtherIncomeExpensesNet": -2700000, "incomeBeforeTax": 5200000, "incomeBeforeTaxRatio": 0.0679738562, "incomeTaxExpense": 1300000, "netIncome": 3900000, "netIncomeRatio": 0.0509803922, "eps": 0.0325, "epsdiluted": 0.0325, "weightedAverageShsOut": 120000000, "weightedAverageShsOutDil": 120000000, "link": null, "finalLink": null, "calculatedOtherExpenses": 68600000, "calculatedOperatingExpenses": 68600000, "calculatedNetInterest": -2700000, "calculatedOtherIncome": 0, "calculatedIncomeNonControlling": 0, "calculatedEbitda": 7900000}]}