{"originalCurrency": "USD", "convertedCurrency": "USD", "report": [{"date": "2023-12-31", "symbol": "TOWN", "reportedCurrency": "USD", "cik": "0000000000", "fillingDate": "2023-12-31", "acceptedDate": "2023-12-29 19:00:00", "calendarYear": "2023", "period": "FY", "revenue": 941584000, "costOfRevenue": 0, "grossProfit": 941584000, "grossProfitRatio": 1, "researchAndDevelopmentExpenses": 0, "generalAndAdministrativeExpenses": 289829000, "sellingAndMarketingExpenses": 15390000, "sellingGeneralAndAdministrativeExpenses": 305219000, "otherExpenses": -165000000, "operatingExpenses": 165000000, "costAndExpenses": 755363000, "interestIncome": 705242000, "interestExpense": 26640000, "depreciationAndAmortization": 14155000, "ebitda": 12734000, "ebitdaratio": 0.0135240191, "operatingIncome": -1421000, "operatingIncomeRatio": -0.001509159, "totalOtherIncomeExpensesNet": 186221000, "incomeBeforeTax": 186221000, "incomeBeforeTaxRatio": 0.1977741763, "incomeTaxExpense": 31085000, "netIncome": 153715000, "netIncomeRatio": 0.1632514996, "eps": 2.06, "epsdiluted": 2.06, "weightedAverageShsOut": 74645906, "weightedAverageShsOutDil": 74661576, "link": null, "finalLink": null, "calculatedOtherExpenses": 637786000, "calculatedOperatingExpenses": 943005000, "calculatedNetInterest": 678602000, "calculatedOtherIncome": -490960000, "calculatedIncomeNonControlling": 1421000, "calculatedEbitda": 12734000}, {"date": "2022-12-31", "symbol": "TOWN", "reportedCurrency": "USD", "cik": "0000000000", "fillingDate": "2022-12-31", "acceptedDate": "2022-12-31 00:00:00", "calendarYear": "2022", "period": "FY", "revenue": 686376000, "costOfRevenue": 9237000, "grossProfit": 677139000, "grossProfitRatio": 0.9865423616, "researchAndDevelopmentExpenses": 0, "generalAndAdministrativeExpenses": 263918000, "sellingAndMarketingExpenses": 15997000, "sellingGeneralAndAdministrativeExpenses": 279915000, "otherExpenses": -125768000, "operatingExpenses": -440089000, "costAndExpenses": -440089000, "interestIncome": 517936000, "interestExpense": 56571000, "depreciationAndAmortization": 28698000, "ebitda": 235568000, "ebitdaratio": 0.3432054734, "operatingIncome": 206870000, "operatingIncomeRatio": 0.3013945709, "totalOtherIncomeExpensesNet": 30180000, "incomeBeforeTax": 237050000, "incomeBeforeTaxRatio": 0.3453646398, "incomeTaxExpense": 46581000, "netIncome": 188987000, "netIncomeRatio": 0.2753403382, "eps": 2.6, "epsdiluted": 2.6, "weightedAverageShsOut": 72556546, "weightedAverageShsOutDil": 72577943, "link": "", "finalLink": "", "calculatedOtherExpenses": 190354000, "calculatedOperatingExpenses": 470269000, "calculatedNetInterest": 461365000, "calculatedOtherIncome": -431185000, "calculatedIncomeNonControlling": 1482000, "calculatedEbitda": 235568000}, {"date": "2021-12-31", "symbol": "TOWN", "reportedCurrency": "USD", "cik": "0000000000", "fillingDate": "2021-12-31", "acceptedDate": "2021-12-31 00:00:00", "calendarYear": "2021", "period": "FY", "revenue": 678996000, "costOfRevenue": 0, "grossProfit": 678996000, "grossProfitRatio": 1, "researchAndDevelopmentExpenses": 0, "generalAndAdministrativeExpenses": 278760000, "sellingAndMarketingExpenses": 13504000, "sellingGeneralAndAdministrativeExpenses": 292264000, "otherExpenses": -701079000, "operatingExpenses": -408815000, "costAndExpenses": -408815000, "interestIncome": 443453000, "interestExpense": 41084000, "depreciationAndAmortization": 28798000, "ebitda": 298979000, "ebitdaratio": 0.4403251271, "operatingIncome": 270181000, "operatingIncomeRatio": 0.3979125061, "totalOtherIncomeExpensesNet": 9651000, "incomeBeforeTax": 279832000, "incomeBeforeTaxRatio": 0.4121261392, "incomeTaxExpense": 54798000, "netIncome": 215383000, "netIncomeRatio": 0.3172080542, "eps": 2.97, "epsdiluted": 2.97, "weightedAverageShsOut": 72479236, "weightedAverageShsOutDil": 72563077, "link": null, "finalLink": null, "calculatedOtherExpenses": 116551000, "calculatedOperatingExpenses": 408815000, "calculatedNetInterest": 402369000, "calculatedOtherIncome": -392718000, "calculatedIncomeNonControlling": 9651000, "calculatedEbitda": 298979000}, {"date": "2020-12-31", "symbol": "TOWN", "reportedCurrency": "USD", "cik": "0000000000", "fillingDate": "2020-12-31", "acceptedDate": "2020-12-31 00:00:00", "calendarYear": "2020", "period": "FY", "revenue": 662233000, "costOfRevenue": 0, "grossProfit": 662233000, "grossProfitRatio": 1, "researchAndDevelopmentExpenses": 0, "generalAndAdministrativeExpenses": 265979000, "sellingAndMarketingExpenses": 9643000, "sellingGeneralAndAdministrativeExpenses": 275622000, "otherExpenses": -760420000, "operatingExpenses": -484798000, "costAndExpenses": -484798000, "interestIncome": 460159000, "interestExpense": 80015000, "depreciationAndAmortization": 29061000, "ebitda": 206496000, "ebitdaratio": 0.3118177439, "operatingIncome": 177435000, "operatingIncomeRatio": 0.2679343977, "totalOtherIncomeExpensesNet": 23898000, "incomeBeforeTax": 201333000, "incomeBeforeTaxRatio": 0.3040213943, "incomeTaxExpense": 31900000, "netIncome": 145535000, "netIncomeRatio": 0.2197640408, "eps": 2.01, "epsdiluted": 2.01, "weightedAverageShsOut": 72293686, "weightedAverageShsOutDil": 72348335, "link": null, "finalLink": null, "calculatedOtherExpenses": 209176000, "calculatedOperatingExpenses": 484798000, "calculatedNetInterest": 380144000, "calculatedOtherIncome": -356246000, "calculatedIncomeNonControlling": 23898000, "calculatedEbitda": 206496000}, {"date": "2019-12-31", "symbol": "TOWN", "reportedCurrency": "USD", "cik": "0000000000", "fillingDate": "2019-12-31", "acceptedDate": "2019-12-31 00:00:00", "calendarYear": "2019", "period": "FY", "revenue": 563240000, "costOfRevenue": 0, "grossProfit": 563240000, "grossProfitRatio": 1, "researchAndDevelopmentExpenses": 0, "generalAndAdministrativeExpenses": 249222000, "sellingAndMarketingExpenses": 12279000, "sellingGeneralAndAdministrativeExpenses": 261501000, "otherExpenses": -653362000, "operatingExpenses": -391861000, "costAndExpenses": -391861000, "interestIncome": 467825000, "interestExpense": 109470000, "depreciationAndAmortization": 29371000, "ebitda": 200750000, "ebitdaratio": 0.3564199986, "operatingIncome": 171379000, "operatingIncomeRatio": 0.3042734891, "totalOtherIncomeExpensesNet": 4891000, "incomeBeforeTax": 176270000, "incomeBeforeTaxRatio": 0.3129571763, "incomeTaxExpense": 32596000, "netIncome": 138783000, "netIncomeRatio": 0.2464011789, "eps": 1.93, "epsdiluted": 1.92, "weightedAverageShsOut": 72063150, "weightedAverageShsOutDil": 72189030, "link": null, "finalLink": null, "calculatedOtherExpenses": 130360000, "calculatedOperatingExpenses": 391861000, "calculatedNetInterest": 358355000, "calculatedOtherIncome": -353464000, "calculatedIncomeNonControlling": 4891000, "calculatedEbitda": 200750000}, {"date": "2018-12-31", "symbol": "TOWN", "reportedCurrency": "USD", "cik": "0000000000", "fillingDate": "2018-12-31", "acceptedDate": "2018-12-30 19:00:00", "calendarYear": "2018", "period": "FY", "revenue": 532001000, "costOfRevenue": 0, "grossProfit": 532001000, "grossProfitRatio": 1, "researchAndDevelopmentExpenses": 0, "generalAndAdministrativeExpenses": 232881000, "sellingAndMarketingExpenses": 11194000, "sellingGeneralAndAdministrativeExpenses": 244075000, "otherExpenses": -527306000, "operatingExpenses": -283231000, "costAndExpenses": -283231000, "interestIncome": 421823000, "interestExpense": 80750000, "depreciationAndAmortization": 28724000, "ebitda": 277494000, "ebitdaratio": 0.5216042827, "operatingIncome": 248770000, "operatingIncomeRatio": 0.467611903, "totalOtherIncomeExpensesNet": -76769000, "incomeBeforeTax": 172001000, "incomeBeforeTaxRatio": 0.3233095427, "incomeTaxExpense": 34227000, "netIncome": 133793000, "netIncomeRatio": 0.2514901288, "eps": 1.88, "epsdiluted": 1.88, "weightedAverageShsOut": 71148230, "weightedAverageShsOutDil": 71293129, "link": "", "finalLink": "", "calculatedOtherExpenses": 39156000, "calculatedOperatingExpenses": 283231000, "calculatedNetInterest": 341073000, "calculatedOtherIncome": -417842000, "calculatedIncomeNonControlling": 3981000, "calculatedEbitda": 277494000}, {"date": "2017-12-31", "symbol": "TOWN", "reportedCurrency": "USD", "cik": "0000000000", "fillingDate": "2017-12-31", "acceptedDate": "2017-12-30 19:00:00", "calendarYear": "2017", "period": "FY", "revenue": 448404000, "costOfRevenue": 0, "grossProfit": 448404000, "grossProfitRatio": 1, "researchAndDevelopmentExpenses": 0, "generalAndAdministrativeExpenses": 196404000, "sellingAndMarketingExpenses": 9867000, "sellingGeneralAndAdministrativeExpenses": 206271000, "otherExpenses": -468216000, "operatingExpenses": -261945000, "costAndExpenses": -261945000, "interestIncome": 305104000, "interestExpense": 43983000, "depreciationAndAmortization": 24500000, "ebitda": 210959000, "ebitdaratio": 0.4704663652, "operatingIncome": 186459000, "operatingIncomeRatio": 0.4158281371, "totalOtherIncomeExpensesNet": -38857000, "incomeBeforeTax": 147602000, "incomeBeforeTaxRatio": 0.3291719075, "incomeTaxExpense": 54813000, "netIncome": 87663000, "netIncomeRatio": 0.1955000401, "eps": 1.41, "epsdiluted": 1.41, "weightedAverageShsOut": 62168455, "weightedAverageShsOutDil": 62394282, "link": "", "finalLink": "", "calculatedOtherExpenses": 55674000, "calculatedOperatingExpenses": 261945000, "calculatedNetInterest": 261121000, "calculatedOtherIncome": -299978000, "calculatedIncomeNonControlling": 5126000, "calculatedEbitda": 210959000}, {"date": "2016-12-31", "symbol": "TOWN", "reportedCurrency": "USD", "cik": "0000000000", "fillingDate": "2016-12-31", "acceptedDate": "2016-12-30 19:00:00", "calendarYear": "2016", "period": "FY", "revenue": 373185000, "costOfRevenue": 0, "grossProfit": 373185000, "grossProfitRatio": 1, "researchAndDevelopmentExpenses": 0, "generalAndAdministrativeExpenses": 167269000, "sellingAndMarketingExpenses": 8443000, "sellingGeneralAndAdministrativeExpenses": 175712000, "otherExpenses": -417209000, "operatingExpenses": -241497000, "costAndExpenses": -241497000, "interestIncome": 254616000, "interestExpense": 35740000, "depreciationAndAmortization": 20552000, "ebitda": 152240000, "ebitdaratio": 0.4079478007, "operatingIncome": 131688000, "operatingIncomeRatio": 0.3528759195, "totalOtherIncomeExpensesNet": -30775000, "incomeBeforeTax": 100913000, "incomeBeforeTaxRatio": 0.2704101183, "incomeTaxExpense": 28698000, "netIncome": 67250000, "netIncomeRatio": 0.1802055281, "eps": 1.18, "epsdiluted": 1.18, "weightedAverageShsOut": 56837018, "weightedAverageShsOutDil": 56837018, "link": "", "finalLink": "", "calculatedOtherExpenses": 65785000, "calculatedOperatingExpenses": 241497000, "calculatedNetInterest": 218876000, "calculatedOtherIncome": -249651000, "calculatedIncomeNonControlling": 4965000, "calculatedEbitda": 152240000}, {"date": "2015-12-31", "symbol": "TOWN", "reportedCurrency": "USD", "cik": "0000000000", "fillingDate": "2015-12-31", "acceptedDate": "2015-12-30 19:00:00", "calendarYear": "2015", "period": "FY", "revenue": 297184000, "costOfRevenue": 0, "grossProfit": 297184000, "grossProfitRatio": 1, "researchAndDevelopmentExpenses": 0, "generalAndAdministrativeExpenses": 133633000, "sellingAndMarketingExpenses": 7515000, "sellingGeneralAndAdministrativeExpenses": 141148000, "otherExpenses": -316643000, "operatingExpenses": -175495000, "costAndExpenses": -175495000, "interestIncome": 212873000, "interestExpense": 32431000, "depreciationAndAmortization": 16147000, "ebitda": 137836000, "ebitdaratio": 0.4638069344, "operatingIncome": 121689000, "operatingIncomeRatio": 0.4094735921, "totalOtherIncomeExpensesNet": -29148000, "incomeBeforeTax": 92541000, "incomeBeforeTaxRatio": 0.3113929417, "incomeTaxExpense": 26876000, "netIncome": 62382000, "netIncomeRatio": 0.2099103586, "eps": 1.22, "epsdiluted": 1.22, "weightedAverageShsOut": 51064719, "weightedAverageShsOutDil": 51161241, "link": "", "finalLink": "", "calculatedOtherExpenses": 34347000, "calculatedOperatingExpenses": 175495000, "calculatedNetInterest": 180442000, "calculatedOtherIncome": -209590000, "calculatedIncomeNonControlling": 3283000, "calculatedEbitda": 137836000}, {"date": "2014-12-31", "symbol": "TOWN", "reportedCurrency": "USD", "cik": "0000000000", "fillingDate": "2014-12-31", "acceptedDate": "2014-12-30 19:00:00", "calendarYear": "2014", "period": "FY", "revenue": 242050000, "costOfRevenue": 0, "grossProfit": 242050000, "grossProfitRatio": 1, "researchAndDevelopmentExpenses": 0, "generalAndAdministrativeExpenses": 115071000, "sellingAndMarketingExpenses": 5178000, "sellingGeneralAndAdministrativeExpenses": 120249000, "otherExpenses": -275175000, "operatingExpenses": -154926000, "costAndExpenses": -154926000, "interestIncome": 172512000, "interestExpense": 26776000, "depreciationAndAmortization": 13900000, "ebitda": 101024000, "ebitdaratio": 0.4173683123, "operatingIncome": 87124000, "operatingIncomeRatio": 0.3599421607, "totalOtherIncomeExpensesNet": -24015000, "incomeBeforeTax": 63109000, "incomeBeforeTaxRatio": 0.2607271225, "incomeTaxExpense": 18179000, "netIncome": 42169000, "netIncomeRatio": 0.1742160711, "eps": 1.18, "epsdiluted": 1.18, "weightedAverageShsOut": 35160747, "weightedAverageShsOutDil": 35209080, "link": "", "finalLink": "", "calculatedOtherExpenses": 34677000, "calculatedOperatingExpenses": 154926000, "calculatedNetInterest": 145736000, "calculatedOtherIncome": -169751000, "calculatedIncomeNonControlling": 2761000, "calculatedEbitda": 101024000}, {"date": "2013-12-31", "symbol": "TOWN", "reportedCurrency": "USD", "cik": "0000000000", "fillingDate": "2013-12-31", "acceptedDate": "2013-12-30 19:00:00", "calendarYear": "2013", "period": "FY", "revenue": 233861000, "costOfRevenue": 0, "grossProfit": 233861000, "grossProfitRatio": 1, "researchAndDevelopmentExpenses": 0, "generalAndAdministrativeExpenses": 113346000, "sellingAndMarketingExpenses": 5374000, "sellingGeneralAndAdministrativeExpenses": 118720000, "otherExpenses": -267289000, "operatingExpenses": -148569000, "costAndExpenses": -148569000, "interestIncome": 170290000, "interestExpense": 26395000, "depreciationAndAmortization": 12502000, "ebitda": 97794000, "ebitdaratio": 0.4181714779, "operatingIncome": 85292000, "operatingIncomeRatio": 0.3647123719, "totalOtherIncomeExpensesNet": -23909000, "incomeBeforeTax": 61383000, "incomeBeforeTaxRatio": 0.2624764283, "incomeTaxExpense": 17135000, "netIncome": 41762000, "netIncomeRatio": 0.1785761628, "eps": 1.14, "epsdiluted": 1.14, "weightedAverageShsOut": 32863962, "weightedAverageShsOutDil": 32920288, "link": "", "finalLink": "", "calculatedOtherExpenses": 29849000, "calculatedOperatingExpenses": 148569000, "calculatedNetInterest": 143895000, "calculatedOtherIncome": -167804000, "calculatedIncomeNonControlling": 2486000, "calculatedEbitda": 97794000}, {"date": "2012-12-31", "symbol": "TOWN", "reportedCurrency": "USD", "cik": "0000000000", "fillingDate": "2012-12-31", "acceptedDate": "2012-12-30 19:00:00", "calendarYear": "2012", "period": "FY", "revenue": 227946000, "costOfRevenue": 0, "grossProfit": 227946000, "grossProfitRatio": 1, "researchAndDevelopmentExpenses": 0, "generalAndAdministrativeExpenses": 104152000, "sellingAndMarketingExpenses": 4818000, "sellingGeneralAndAdministrativeExpenses": 108970000, "otherExpenses": -255799000, "operatingExpenses": -146829000, "costAndExpenses": -146829000, "interestIncome": 173506000, "interestExpense": 29222000, "depreciationAndAmortization": 11576000, "ebitda": 92693000, "ebitdaratio": 0.4066445562, "operatingIncome": 81117000, "operatingIncomeRatio": 0.3558605986, "totalOtherIncomeExpensesNet": -27548000, "incomeBeforeTax": 53569000, "incomeBeforeTaxRatio": 0.235007414, "incomeTaxExpense": 13964000, "netIncome": 37931000, "netIncomeRatio": 0.1664034464, "eps": 1.03, "epsdiluted": 1.03, "weightedAverageShsOut": 30772130, "weightedAverageShsOutDil": 31043620, "link": "", "finalLink": "", "calculatedOtherExpenses": 37859000, "calculatedOperatingExpenses": 146829000, "calculatedNetInterest": 144284000, "calculatedOtherIncome": -171832000, "calculatedIncomeNonControlling": 1674000, "calculatedEbitda": 92693000}, {"date": "2011-12-31", "symbol": "TOWN", "reportedCurrency": "USD", "cik": "0000000000", "fillingDate": "2011-12-31", "acceptedDate": "2011-12-30 19:00:00", "calendarYear": "2011", "period": "FY", "revenue": 203955000, "costOfRevenue": 0, "grossProfit": 203955000, "grossProfitRatio": 1, "researchAndDevelopmentExpenses": 0, "generalAndAdministrativeExpenses": 79558000, "sellingAndMarketingExpenses": 0, "sellingGeneralAndAdministrativeExpenses": 79558000, "otherExpenses": -201215000, "operatingExpenses": -121657000, "costAndExpenses": -121657000, "interestIncome": 172473000, "interestExpense": 36251000, "depreciationAndAmortization": 10987000, "ebitda": 93285000, "ebitdaratio": 0.4573803045, "operatingIncome": 82298000, "operatingIncomeRatio": 0.4035105783, "totalOtherIncomeExpensesNet": -36765000, "incomeBeforeTax": 45533000, "incomeBeforeTaxRatio": 0.2232502268, "incomeTaxExpense": 12726000, "netIncome": 33321000, "netIncomeRatio": 0.1633742737, "eps": 0.77, "epsdiluted": 0.76, "weightedAverageShsOut": 29773173, "weightedAverageShsOutDil": 30894444, "link": "", "finalLink": "", "calculatedOtherExpenses": 42099000, "calculatedOperatingExpenses": 121657000, "calculatedNetInterest": 136222000, "calculatedOtherIncome": -172987000, "calculatedIncomeNonControlling": -514000, "calculatedEbitda": 93285000}, {"date": "2010-12-31", "symbol": "TOWN", "reportedCurrency": "USD", "cik": "0000000000", "fillingDate": "2010-12-31", "acceptedDate": "2010-12-30 19:00:00", "calendarYear": "2010", "period": "FY", "revenue": 188685000, "costOfRevenue": 0, "grossProfit": 188685000, "grossProfitRatio": 1, "researchAndDevelopmentExpenses": 0, "generalAndAdministrativeExpenses": 69085000, "sellingAndMarketingExpenses": 0, "sellingGeneralAndAdministrativeExpenses": 69085000, "otherExpenses": -168478000, "operatingExpenses": -99393000, "costAndExpenses": -99393000, "interestIncome": 169195000, "interestExpense": 46560000, "depreciationAndAmortization": 9781000, "ebitda": 99073000, "ebitdaratio": 0.5250708853, "operatingIncome": 89292000, "operatingIncomeRatio": 0.4732331664, "totalOtherIncomeExpensesNet": -45917000, "incomeBeforeTax": 43375000, "incomeBeforeTaxRatio": 0.2298804886, "incomeTaxExpense": 12456000, "netIncome": 30276000, "netIncomeRatio": 0.160457906, "eps": 0.72, "epsdiluted": 0.71, "weightedAverageShsOut": 29227715, "weightedAverageShsOutDil": 30370857, "link": "", "finalLink": "", "calculatedOtherExpenses": 30308000, "calculatedOperatingExpenses": 99393000, "calculatedNetInterest": 122635000, "calculatedOtherIncome": -168552000, "calculatedIncomeNonControlling": 643000, "calculatedEbitda": 99073000}, {"date": "2009-12-31", "symbol": "TOWN", "reportedCurrency": "USD", "cik": "0000000000", "fillingDate": "2009-12-31", "acceptedDate": "2009-12-30 19:00:00", "calendarYear": "2009", "period": "FY", "revenue": 163081000, "costOfRevenue": 0, "grossProfit": 163081000, "grossProfitRatio": 1, "researchAndDevelopmentExpenses": 0, "generalAndAdministrativeExpenses": 61818000, "sellingAndMarketingExpenses": 0, "sellingGeneralAndAdministrativeExpenses": 61818000, "otherExpenses": -125755000, "operatingExpenses": -63937000, "costAndExpenses": -63937000, "interestIncome": 161081000, "interestExpense": 60738000, "depreciationAndAmortization": 9744000, "ebitda": 108888000, "ebitdaratio": 0.6676927416, "operatingIncome": 99144000, "operatingIncomeRatio": 0.607943292, "totalOtherIncomeExpensesNet": -60745000, "incomeBeforeTax": 38399000, "incomeBeforeTaxRatio": 0.2354596795, "incomeTaxExpense": 11647000, "netIncome": 26759000, "netIncomeRatio": 0.1640841054, "eps": 0.65, "epsdiluted": 0.64, "weightedAverageShsOut": 25880402, "weightedAverageShsOutDil": 27515280, "link": "", "finalLink": "", "calculatedOtherExpenses": 2119000, "calculatedOperatingExpenses": 63937000, "calculatedNetInterest": 100343000, "calculatedOtherIncome": -161088000, "calculatedIncomeNonControlling": -7000, "calculatedEbitda": 108888000}, {"date": "2008-12-31", "symbol": "TOWN", "reportedCurrency": "USD", "cik": "0000000000", "fillingDate": "2008-12-31", "acceptedDate": "2008-12-30 19:00:00", "calendarYear": "2008", "period": "FY", "revenue": 130994000, "costOfRevenue": 0, "grossProfit": 130994000, "grossProfitRatio": 1, "researchAndDevelopmentExpenses": 0, "generalAndAdministrativeExpenses": 59767000, "sellingAndMarketingExpenses": 0, "sellingGeneralAndAdministrativeExpenses": 59767000, "otherExpenses": -94393000, "operatingExpenses": -34626000, "costAndExpenses": -34626000, "interestIncome": 150850000, "interestExpense": 63723000, "depreciationAndAmortization": 9174000, "ebitda": 105542000, "ebitdaratio": 0.8057010245, "operatingIncome": 96368000, "operatingIncomeRatio": 0.7356672825, "totalOtherIncomeExpensesNet": -63723000, "incomeBeforeTax": 32645000, "incomeBeforeTaxRatio": 0.2492098875, "incomeTaxExpense": 8751000, "netIncome": 23894000, "netIncomeRatio": 0.182405301, "eps": 0.9, "epsdiluted": 0.86, "weightedAverageShsOut": 24899291, "weightedAverageShsOutDil": 27272567, "link": "", "finalLink": "", "calculatedOtherExpenses": -25141000, "calculatedOperatingExpenses": 34626000, "calculatedNetInterest": 87127000, "calculatedOtherIncome": -150850000, "calculatedIncomeNonControlling": 0, "calculatedEbitda": 105542000}, {"date": "2007-12-31", "symbol": "TOWN", "reportedCurrency": "USD", "cik": "0000000000", "fillingDate": "2007-12-31", "acceptedDate": "2007-12-30 19:00:00", "calendarYear": "2007", "period": "FY", "revenue": 122321000, "costOfRevenue": 0, "grossProfit": 122321000, "grossProfitRatio": 1, "researchAndDevelopmentExpenses": 0, "generalAndAdministrativeExpenses": 50083000, "sellingAndMarketingExpenses": 0, "sellingGeneralAndAdministrativeExpenses": 50083000, "otherExpenses": -67896000, "operatingExpenses": -17813000, "costAndExpenses": -17813000, "interestIncome": 155924000, "interestExpense": 70425000, "depreciationAndAmortization": 7160000, "ebitda": 111668000, "ebitdaratio": 0.9129094759, "operatingIncome": 104508000, "operatingIncomeRatio": 0.8543749642, "totalOtherIncomeExpensesNet": -70425000, "incomeBeforeTax": 34083000, "incomeBeforeTaxRatio": 0.2786357208, "incomeTaxExpense": 10824000, "netIncome": 23259000, "netIncomeRatio": 0.1901472356, "eps": 0.95, "epsdiluted": 0.89, "weightedAverageShsOut": 24424072, "weightedAverageShsOutDil": 27080496, "link": "", "finalLink": "", "calculatedOtherExpenses": -32270000, "calculatedOperatingExpenses": 17813000, "calculatedNetInterest": 85499000, "calculatedOtherIncome": -155924000, "calculatedIncomeNonControlling": 0, "calculatedEbitda": 111668000}, {"date": "2006-12-31", "symbol": "TOWN", "reportedCurrency": "USD", "cik": "0000000000", "fillingDate": "2006-12-31", "acceptedDate": "2006-12-30 19:00:00", "calendarYear": "2006", "period": "FY", "revenue": 110863000, "costOfRevenue": 0, "grossProfit": 110863000, "grossProfitRatio": 1, "researchAndDevelopmentExpenses": 0, "generalAndAdministrativeExpenses": 46285000, "sellingAndMarketingExpenses": 0, "sellingGeneralAndAdministrativeExpenses": 46285000, "otherExpenses": -75602000, "operatingExpenses": -29317000, "costAndExpenses": -29317000, "interestIncome": 126340000, "interestExpense": 49298000, "depreciationAndAmortization": 5813000, "ebitda": 87359000, "ebitdaratio": 0.787990583, "operatingIncome": 81546000, "operatingIncomeRatio": 0.7355564977, "totalOtherIncomeExpensesNet": -49298000, "incomeBeforeTax": 32248000, "incomeBeforeTaxRatio": 0.2908815385, "incomeTaxExpense": 10462000, "netIncome": 21786000, "netIncomeRatio": 0.1965128131, "eps": 0.9, "epsdiluted": 0.83, "weightedAverageShsOut": 24128581, "weightedAverageShsOutDil": 26092535, "link": "", "finalLink": "", "calculatedOtherExpenses": -16968000, "calculatedOperatingExpenses": 29317000, "calculatedNetInterest": 77042000, "calculatedOtherIncome": -126340000, "calculatedIncomeNonControlling": 0, "calculatedEbitda": 87359000}, {"date": "2005-12-31", "symbol": "TOWN", "reportedCurrency": "USD", "cik": "0000000000", "fillingDate": "2005-12-31", "acceptedDate": "2005-12-30 19:00:00", "calendarYear": "2005", "period": "FY", "revenue": 96533000, "costOfRevenue": 0, "grossProfit": 96533000, "grossProfitRatio": 1, "researchAndDevelopmentExpenses": 0, "generalAndAdministrativeExpenses": 40553000, "sellingAndMarketingExpenses": 3310000, "sellingGeneralAndAdministrativeExpenses": 43863000, "otherExpenses": -86139000, "operatingExpenses": -42276000, "costAndExpenses": -42276000, "interestIncome": 89479000, "interestExpense": 27036000, "depreciationAndAmortization": 6912000, "ebitda": 61169000, "ebitdaratio": 0.633658956, "operatingIncome": 54257000, "operatingIncomeRatio": 0.5620564988, "totalOtherIncomeExpensesNet": -27036000, "incomeBeforeTax": 27221000, "incomeBeforeTaxRatio": 0.2819864709, "incomeTaxExpense": 9541000, "netIncome": 17680000, "netIncomeRatio": 0.1831498037, "eps": 0.77, "epsdiluted": 0.72, "weightedAverageShsOut": 23051139, "weightedAverageShsOutDil": 24608649, "link": "", "finalLink": "", "calculatedOtherExpenses": -1587000, "calculatedOperatingExpenses": 42276000, "calculatedNetInterest": 62443000, "calculatedOtherIncome": -89479000, "calculatedIncomeNonControlling": 0, "calculatedEbitda": 61169000}, {"date": "2004-12-31", "symbol": "TOWN", "reportedCurrency": "USD", "cik": "0000000000", "fillingDate": "2004-12-31", "acceptedDate": "2004-12-30 19:00:00", "calendarYear": "2004", "period": "FY", "revenue": 63715000, "costOfRevenue": 0, "grossProfit": 63715000, "grossProfitRatio": 1, "researchAndDevelopmentExpenses": 0, "generalAndAdministrativeExpenses": 27364000, "sellingAndMarketingExpenses": 0, "sellingGeneralAndAdministrativeExpenses": 27364000, "otherExpenses": -56411000, "operatingExpenses": -29047000, "costAndExpenses": -29047000, "interestIncome": 61617000, "interestExpense": 17174000, "depreciationAndAmortization": 3958000, "ebitda": 38626000, "ebitdaratio": 0.6062308719, "operatingIncome": 34668000, "operatingIncomeRatio": 0.544110492, "totalOtherIncomeExpensesNet": -17174000, "incomeBeforeTax": 17494000, "incomeBeforeTaxRatio": 0.2745664286, "incomeTaxExpense": 6214000, "netIncome": 11280000, "netIncomeRatio": 0.177038374, "eps": 0.54, "epsdiluted": 0.51, "weightedAverageShsOut": 20747143, "weightedAverageShsOutDil": 21921509, "link": "", "finalLink": "", "calculatedOtherExpenses": 1683000, "calculatedOperatingExpenses": 29047000, "calculatedNetInterest": 44443000, "calculatedOtherIncome": -61617000, "calculatedIncomeNonControlling": 0, "calculatedEbitda": 38626000}, {"date": "2003-12-31", "symbol": "TOWN", "reportedCurrency": "USD", "cik": "0000000000", "fillingDate": "2003-12-31", "acceptedDate": "2003-12-30 19:00:00", "calendarYear": "2003", "period": "FY", "revenue": 42150000, "costOfRevenue": 0, "grossProfit": 42150000, "grossProfitRatio": 1, "researchAndDevelopmentExpenses": 0, "generalAndAdministrativeExpenses": 17807000, "sellingAndMarketingExpenses": 0, "sellingGeneralAndAdministrativeExpenses": 17807000, "otherExpenses": -34238000, "operatingExpenses": -16431000, "costAndExpenses": -16431000, "interestIncome": 41428000, "interestExpense": 15431000, "depreciationAndAmortization": 3429000, "ebitda": 29148000, "ebitdaratio": 0.6915302491, "operatingIncome": 25719000, "operatingIncomeRatio": 0.6101779359, "totalOtherIncomeExpensesNet": -15431000, "incomeBeforeTax": 10288000, "incomeBeforeTaxRatio": 0.2440806643, "incomeTaxExpense": 3668000, "netIncome": 6620000, "netIncomeRatio": 0.1570581257, "eps": 0.41, "epsdiluted": 0.38, "weightedAverageShsOut": 16207288, "weightedAverageShsOutDil": 17270061, "link": "", "finalLink": "", "calculatedOtherExpenses": -1376000, "calculatedOperatingExpenses": 16431000, "calculatedNetInterest": 25997000, "calculatedOtherIncome": -41428000, "calculatedIncomeNonControlling": 0, "calculatedEbitda": 29148000}, {"date": "2002-12-31", "symbol": "TOWN", "reportedCurrency": "USD", "cik": "0000000000", "fillingDate": "2002-12-31", "acceptedDate": "2002-12-30 19:00:00", "calendarYear": "2002", "period": "FY", "revenue": 37122000, "costOfRevenue": 0, "grossProfit": 37122000, "grossProfitRatio": 1, "researchAndDevelopmentExpenses": 0, "generalAndAdministrativeExpenses": 15593000, "sellingAndMarketingExpenses": 0, "sellingGeneralAndAdministrativeExpenses": 15593000, "otherExpenses": -28441000, "operatingExpenses": -12848000, "costAndExpenses": -12848000, "interestIncome": 39191000, "interestExpense": 16163000, "depreciationAndAmortization": 1639000, "ebitda": 25913000, "ebitdaratio": 0.698049674, "operatingIncome": 24274000, "operatingIncomeRatio": 0.6538979581, "totalOtherIncomeExpensesNet": -16163000, "incomeBeforeTax": 8111000, "incomeBeforeTaxRatio": 0.2184957707, "incomeTaxExpense": 2610000, "netIncome": 5501000, "netIncomeRatio": 0.1481870589, "eps": 0.36, "epsdiluted": 0.34, "weightedAverageShsOut": 15093132, "weightedAverageShsOutDil": 16211141, "link": "", "finalLink": "", "calculatedOtherExpenses": -2745000, "calculatedOperatingExpenses": 12848000, "calculatedNetInterest": 23028000, "calculatedOtherIncome": -39191000, "calculatedIncomeNonControlling": 0, "calculatedEbitda": 25913000}, {"date": "2001-12-31", "symbol": "TOWN", "reportedCurrency": "USD", "cik": "0000000000", "fillingDate": "2001-12-31", "acceptedDate": "2001-12-30 19:00:00", "calendarYear": "2001", "period": "FY", "revenue": 13868000, "costOfRevenue": 0, "grossProfit": 13868000, "grossProfitRatio": 1, "researchAndDevelopmentExpenses": 0, "generalAndAdministrativeExpenses": 12682000, "sellingAndMarketingExpenses": 0, "sellingGeneralAndAdministrativeExpenses": 12682000, "otherExpenses": -36947000, "operatingExpenses": -24265000, "costAndExpenses": -24265000, "interestIncome": 33529000, "interestExpense": 18027000, "depreciationAndAmortization": 31396000, "ebitda": 20999000, "ebitdaratio": 1.5142053649, "operatingIncome": -10397000, "operatingIncomeRatio": -0.7497115662, "totalOtherIncomeExpensesNet": 13369000, "incomeBeforeTax": 2972000, "incomeBeforeTaxRatio": 0.2143063167, "incomeTaxExpense": 335000, "netIncome": 2637000, "netIncomeRatio": 0.1901499856, "eps": 0.19, "epsdiluted": 0.19, "weightedAverageShsOut": 13409498, "weightedAverageShsOutDil": 14449674, "link": "", "finalLink": "", "calculatedOtherExpenses": 11583000, "calculatedOperatingExpenses": 24265000, "calculatedNetInterest": 15502000, "calculatedOtherIncome": -2133000, "calculatedIncomeNonControlling": 0, "calculatedEbitda": 20999000}, {"date": "2000-12-31", "symbol": "TOWN", "reportedCurrency": "USD", "cik": "0000000000", "fillingDate": "2000-12-31", "acceptedDate": "2000-12-30 19:00:00", "calendarYear": "2000", "period": "FY", "revenue": 6576000, "costOfRevenue": 0, "grossProfit": 6576000, "grossProfitRatio": 1, "researchAndDevelopmentExpenses": 0, "generalAndAdministrativeExpenses": 0, "sellingAndMarketingExpenses": 0, "sellingGeneralAndAdministrativeExpenses": 0, "otherExpenses": -15395000, "operatingExpenses": -15395000, "costAndExpenses": -15395000, "interestIncome": 11134000, "interestExpense": 0, "depreciationAndAmortization": 10037000, "ebitda": 1218000, "ebitdaratio": 0.1852189781, "operatingIncome": -8819000, "operatingIncomeRatio": -1.3410888078, "totalOtherIncomeExpensesNet": 0, "incomeBeforeTax": 0, "incomeBeforeTaxRatio": 0, "incomeTaxExpense": -10037000, "netIncome": 1218000, "netIncomeRatio": 0.1852189781, "eps": 0.0943, "epsdiluted": 0.0943, "weightedAverageShsOut": 12921762, "weightedAverageShsOutDil": 12921762, "link": "", "finalLink": "", "calculatedOtherExpenses": 15395000, "calculatedOperatingExpenses": 15395000, "calculatedNetInterest": 11134000, "calculatedOtherIncome": -2315000, "calculatedIncomeNonControlling": 8819000, "calculatedEbitda": 1218000}]}