{"originalCurrency": "USD", "convertedCurrency": "USD", "report": [{"date": "2023-12-31", "symbol": "TPH", "reportedCurrency": "USD", "cik": "0001561680", "fillingDate": "2024-02-22", "acceptedDate": "2024-02-22 16:08:39", "calendarYear": "2023", "period": "FY", "revenue": 3715204000, "costOfRevenue": 2870655000, "grossProfit": 844549000, "grossProfitRatio": 0.2273223758, "researchAndDevelopmentExpenses": 0, "generalAndAdministrativeExpenses": 217994000, "sellingAndMarketingExpenses": 184388000, "sellingGeneralAndAdministrativeExpenses": 402382000, "otherExpenses": 39446000, "operatingExpenses": 402382000, "costAndExpenses": 3273037000, "interestIncome": 0, "interestExpense": 147169000, "depreciationAndAmortization": 26852000, "ebitda": 469019000, "ebitdaratio": 0.126243135, "operatingIncome": 442167000, "operatingIncomeRatio": 0.1190155372, "totalOtherIncomeExpensesNet": 25192000, "incomeBeforeTax": 467359000, "incomeBeforeTaxRatio": 0.1257963224, "incomeTaxExpense": 118164000, "netIncome": 343702000, "netIncomeRatio": 0.092512282, "eps": 3.48, "epsdiluted": 3.45, "weightedAverageShsOut": 98679477, "weightedAverageShsOutDil": 99695662, "link": "https://www.sec.gov/Archives/edgar/data/1561680/000156168024000017/0001561680-24-000017-index.htm", "finalLink": "https://www.sec.gov/Archives/edgar/data/1561680/000156168024000017/tph-20231231.htm", "calculatedOtherExpenses": 0, "calculatedOperatingExpenses": 402382000, "calculatedNetInterest": -147169000, "calculatedOtherIncome": 172361000, "calculatedIncomeNonControlling": 5493000, "calculatedEbitda": 469019000}, {"date": "2022-12-31", "symbol": "TPH", "reportedCurrency": "USD", "cik": "0001561680", "fillingDate": "2023-02-21", "acceptedDate": "2023-02-21 17:11:02", "calendarYear": "2022", "period": "FY", "revenue": 4348533000, "costOfRevenue": 3187792000, "grossProfit": 1160741000, "grossProfitRatio": 0.2669270303, "researchAndDevelopmentExpenses": 0, "generalAndAdministrativeExpenses": 212504000, "sellingAndMarketingExpenses": 175005000, "sellingGeneralAndAdministrativeExpenses": 387509000, "otherExpenses": 2685000, "operatingExpenses": 390194000, "costAndExpenses": 3577986000, "interestIncome": 0, "interestExpense": -24326000, "depreciationAndAmortization": 24031000, "ebitda": 770547000, "ebitdaratio": 0.1771969995, "operatingIncome": 746516000, "operatingIncomeRatio": 0.171670768, "totalOtherIncomeExpensesNet": 26696000, "incomeBeforeTax": 773212000, "incomeBeforeTaxRatio": 0.1778098499, "incomeTaxExpense": 190803000, "netIncome": 576060000, "netIncomeRatio": 0.1324722613, "eps": 5.6, "epsdiluted": 5.54, "weightedAverageShsOut": 102898423, "weightedAverageShsOutDil": 104003652, "link": "https://www.sec.gov/Archives/edgar/data/1561680/000156168023000015/0001561680-23-000015-index.htm", "finalLink": "https://www.sec.gov/Archives/edgar/data/1561680/000156168023000015/tph-20221231.htm", "calculatedOtherExpenses": 26716000, "calculatedOperatingExpenses": 414225000, "calculatedNetInterest": 24326000, "calculatedOtherIncome": 2370000, "calculatedIncomeNonControlling": 6349000, "calculatedEbitda": 770547000}, {"date": "2021-12-31", "symbol": "TPH", "reportedCurrency": "USD", "cik": "0001561680", "fillingDate": "2022-02-18", "acceptedDate": "2022-02-18 17:14:19", "calendarYear": "2021", "period": "FY", "revenue": 3982235000, "costOfRevenue": 2990114000, "grossProfit": 992121000, "grossProfitRatio": 0.2491367285, "researchAndDevelopmentExpenses": 0, "generalAndAdministrativeExpenses": 200163000, "sellingAndMarketingExpenses": 179214000, "sellingGeneralAndAdministrativeExpenses": 379377000, "otherExpenses": 2550000, "operatingExpenses": 381927000, "costAndExpenses": 3372041000, "interestIncome": 0, "interestExpense": 92783000, "depreciationAndAmortization": 5154000, "ebitda": 610194000, "ebitdaratio": 0.1532290284, "operatingIncome": 605040000, "operatingIncomeRatio": 0.1519347803, "totalOtherIncomeExpensesNet": 20622000, "incomeBeforeTax": 625662000, "incomeBeforeTaxRatio": 0.1571132794, "incomeTaxExpense": 156395000, "netIncome": 469267000, "netIncomeRatio": 0.1178401074, "eps": 4.16, "epsdiluted": 4.12, "weightedAverageShsOut": 112836051, "weightedAverageShsOutDil": 113809292, "link": "https://www.sec.gov/Archives/edgar/data/1561680/000156168022000009/0001561680-22-000009-index.htm", "finalLink": "https://www.sec.gov/Archives/edgar/data/1561680/000156168022000009/tph-20211231.htm", "calculatedOtherExpenses": 7704000, "calculatedOperatingExpenses": 387081000, "calculatedNetInterest": -92783000, "calculatedOtherIncome": 113405000, "calculatedIncomeNonControlling": 0, "calculatedEbitda": 610194000}, {"date": "2020-12-31", "symbol": "TPH", "reportedCurrency": "USD", "cik": "0001561680", "fillingDate": "2021-02-19", "acceptedDate": "2021-02-19 17:10:46", "calendarYear": "2020", "period": "FY", "revenue": 3260447000, "costOfRevenue": 2532348000, "grossProfit": 728099000, "grossProfitRatio": 0.2233126317, "researchAndDevelopmentExpenses": 0, "generalAndAdministrativeExpenses": 166304000, "sellingAndMarketingExpenses": 183110000, "sellingGeneralAndAdministrativeExpenses": 349414000, "otherExpenses": 2496000, "operatingExpenses": 351910000, "costAndExpenses": 2884258000, "interestIncome": 0, "interestExpense": 83120000, "depreciationAndAmortization": 15344000, "ebitda": 381850000, "ebitdaratio": 0.1171158433, "operatingIncome": 366506000, "operatingIncomeRatio": 0.1124097401, "totalOtherIncomeExpensesNet": 6871000, "incomeBeforeTax": 373377000, "incomeBeforeTaxRatio": 0.1145171199, "incomeTaxExpense": 91170000, "netIncome": 282207000, "netIncomeRatio": 0.0865546963, "eps": 2.18, "epsdiluted": 2.17, "weightedAverageShsOut": 129368964, "weightedAverageShsOutDil": 129951161, "link": "https://www.sec.gov/Archives/edgar/data/1561680/000156168021000023/0001561680-21-000023-index.htm", "finalLink": "https://www.sec.gov/Archives/edgar/data/1561680/000156168021000023/tph-20201231.htm", "calculatedOtherExpenses": 12179000, "calculatedOperatingExpenses": 361593000, "calculatedNetInterest": -83120000, "calculatedOtherIncome": 89991000, "calculatedIncomeNonControlling": 0, "calculatedEbitda": 381850000}, {"date": "2019-12-31", "symbol": "TPH", "reportedCurrency": "USD", "cik": "0001561680", "fillingDate": "2020-02-19", "acceptedDate": "2020-02-19 16:48:03", "calendarYear": "2019", "period": "FY", "revenue": 3083015000, "costOfRevenue": 2473306000, "grossProfit": 609709000, "grossProfitRatio": 0.1977638772, "researchAndDevelopmentExpenses": 0, "generalAndAdministrativeExpenses": 157161000, "sellingAndMarketingExpenses": 195148000, "sellingGeneralAndAdministrativeExpenses": 352309000, "otherExpenses": 2434000, "operatingExpenses": 354743000, "costAndExpenses": 2828049000, "interestIncome": 0, "interestExpense": 89691000, "depreciationAndAmortization": 1107000, "ebitda": 254966000, "ebitdaratio": 0.0827002139, "operatingIncome": 253859000, "operatingIncomeRatio": 0.0823411498, "totalOtherIncomeExpensesNet": 17228000, "incomeBeforeTax": 271087000, "incomeBeforeTaxRatio": 0.0879291862, "incomeTaxExpense": 63900000, "netIncome": 207187000, "netIncomeRatio": 0.067202722, "eps": 1.47, "epsdiluted": 1.47, "weightedAverageShsOut": 140851444, "weightedAverageShsOutDil": 141394227, "link": "https://www.sec.gov/Archives/edgar/data/1561680/000156168020000021/0001561680-20-000021-index.htm", "finalLink": "https://www.sec.gov/Archives/edgar/data/1561680/000156168020000021/tph1231201910-k.htm", "calculatedOtherExpenses": 3541000, "calculatedOperatingExpenses": 355850000, "calculatedNetInterest": -89691000, "calculatedOtherIncome": 106919000, "calculatedIncomeNonControlling": 0, "calculatedEbitda": 254966000}, {"date": "2018-12-31", "symbol": "TPH", "reportedCurrency": "USD", "cik": "0001561680", "fillingDate": "2019-02-26", "acceptedDate": "2019-02-26 16:29:07", "calendarYear": "2018", "period": "FY", "revenue": 3262747000, "costOfRevenue": 2562916000, "grossProfit": 699831000, "grossProfitRatio": 0.2144913473, "researchAndDevelopmentExpenses": 0, "generalAndAdministrativeExpenses": 155030000, "sellingAndMarketingExpenses": 187267000, "sellingGeneralAndAdministrativeExpenses": 342297000, "otherExpenses": -419000, "operatingExpenses": 345471000, "costAndExpenses": 2908387000, "interestIncome": 0, "interestExpense": 0, "depreciationAndAmortization": 29097000, "ebitda": 354360000, "ebitdaratio": 0.1086078694, "operatingIncome": 353204000, "operatingIncomeRatio": 0.1082535667, "totalOtherIncomeExpensesNet": 7705000, "incomeBeforeTax": 362065000, "incomeBeforeTaxRatio": 0.1109693764, "incomeTaxExpense": 90552000, "netIncome": 269911000, "netIncomeRatio": 0.082725078, "eps": 1.82, "epsdiluted": 1.81, "weightedAverageShsOut": 148183431, "weightedAverageShsOutDil": 149004690, "link": "https://www.sec.gov/Archives/edgar/data/1561680/000156168019000022/0001561680-19-000022-index.htm", "finalLink": "https://www.sec.gov/Archives/edgar/data/1561680/000156168019000022/tph1231201810-k.htm", "calculatedOtherExpenses": 4330000, "calculatedOperatingExpenses": 346627000, "calculatedNetInterest": 0, "calculatedOtherIncome": 8861000, "calculatedIncomeNonControlling": 1602000, "calculatedEbitda": 382301000}, {"date": "2017-12-31", "symbol": "TPH", "reportedCurrency": "USD", "cik": "0001561680", "fillingDate": "2018-02-20", "acceptedDate": "2018-02-20 16:58:31", "calendarYear": "2017", "period": "FY", "revenue": 2810272000, "costOfRevenue": 2188470000, "grossProfit": 621802000, "grossProfitRatio": 0.2212604332, "researchAndDevelopmentExpenses": 0, "generalAndAdministrativeExpenses": 137764000, "sellingAndMarketingExpenses": 137066000, "sellingGeneralAndAdministrativeExpenses": 274830000, "otherExpenses": 151000, "operatingExpenses": 277128000, "costAndExpenses": 2465598000, "interestIncome": 0, "interestExpense": 0, "depreciationAndAmortization": 3500000, "ebitda": 344674000, "ebitdaratio": 0.1226479145, "operatingIncome": 343634000, "operatingIncomeRatio": 0.1222778436, "totalOtherIncomeExpensesNet": -4856000, "incomeBeforeTax": 339818000, "incomeBeforeTaxRatio": 0.1209199679, "incomeTaxExpense": 152267000, "netIncome": 187191000, "netIncomeRatio": 0.0666095666, "eps": 1.21, "epsdiluted": 1.21, "weightedAverageShsOut": 154134411, "weightedAverageShsOutDil": 155085366, "link": "https://www.sec.gov/Archives/edgar/data/1561680/000156168018000015/0001561680-18-000015-index.htm", "finalLink": "https://www.sec.gov/Archives/edgar/data/1561680/000156168018000015/tph1231201710-k.htm", "calculatedOtherExpenses": 3338000, "calculatedOperatingExpenses": 278168000, "calculatedNetInterest": 0, "calculatedOtherIncome": -3816000, "calculatedIncomeNonControlling": 360000, "calculatedEbitda": 347134000}, {"date": "2016-12-31", "symbol": "TPH", "reportedCurrency": "USD", "cik": "0001561680", "fillingDate": "2017-02-24", "acceptedDate": "2017-02-24 16:31:58", "calendarYear": "2016", "period": "FY", "revenue": 2405142000, "costOfRevenue": 1853947000, "grossProfit": 551195000, "grossProfitRatio": 0.2291735789, "researchAndDevelopmentExpenses": 0, "generalAndAdministrativeExpenses": 123470000, "sellingAndMarketingExpenses": 127903000, "sellingGeneralAndAdministrativeExpenses": 251373000, "otherExpenses": 312000, "operatingExpenses": 253620000, "costAndExpenses": 2107567000, "interestIncome": 0, "interestExpense": 0, "depreciationAndAmortization": 3087000, "ebitda": 298224000, "ebitdaratio": 0.1239943421, "operatingIncome": 295959000, "operatingIncomeRatio": 0.1230526098, "totalOtherIncomeExpensesNet": 4652000, "incomeBeforeTax": 302227000, "incomeBeforeTaxRatio": 0.1256586929, "incomeTaxExpense": 106094000, "netIncome": 195171000, "netIncomeRatio": 0.0811473917, "eps": 1.21, "epsdiluted": 1.21, "weightedAverageShsOut": 160859782, "weightedAverageShsOutDil": 161381499, "link": "https://www.sec.gov/Archives/edgar/data/1561680/000156168017000008/0001561680-17-000008-index.htm", "finalLink": "https://www.sec.gov/Archives/edgar/data/1561680/000156168017000008/tph1231201610-k.htm", "calculatedOtherExpenses": 3863000, "calculatedOperatingExpenses": 255236000, "calculatedNetInterest": 0, "calculatedOtherIncome": 6268000, "calculatedIncomeNonControlling": 962000, "calculatedEbitda": 299046000}, {"date": "2015-12-31", "symbol": "TPH", "reportedCurrency": "USD", "cik": "0001561680", "fillingDate": "2016-02-26", "acceptedDate": "2016-02-26 17:09:32", "calendarYear": "2015", "period": "FY", "revenue": 2401159000, "costOfRevenue": 1842116000, "grossProfit": 559043000, "grossProfitRatio": 0.2328221496, "researchAndDevelopmentExpenses": 0, "generalAndAdministrativeExpenses": 117496000, "sellingAndMarketingExpenses": 116217000, "sellingGeneralAndAdministrativeExpenses": 233713000, "otherExpenses": 858000, "operatingExpenses": 238073000, "costAndExpenses": 2080189000, "interestIncome": 0, "interestExpense": 0, "depreciationAndAmortization": 8274000, "ebitda": 326229000, "ebitdaratio": 0.1358631394, "operatingIncome": 314882000, "operatingIncomeRatio": 0.1311375048, "totalOtherIncomeExpensesNet": -1710000, "incomeBeforeTax": 319260000, "incomeBeforeTaxRatio": 0.132960791, "incomeTaxExpense": 112079000, "netIncome": 205461000, "netIncomeRatio": 0.0855674281, "eps": 1.27, "epsdiluted": 1.27, "weightedAverageShsOut": 161692152, "weightedAverageShsOutDil": 162319758, "link": "https://www.sec.gov/Archives/edgar/data/1561680/000156459016013570/0001564590-16-013570-index.htm", "finalLink": "https://www.sec.gov/Archives/edgar/data/1561680/000156459016013570/tph-10k_20151231.htm", "calculatedOtherExpenses": 10448000, "calculatedOperatingExpenses": 244161000, "calculatedNetInterest": 0, "calculatedOtherIncome": 4378000, "calculatedIncomeNonControlling": 1720000, "calculatedEbitda": 323156000}, {"date": "2014-12-31", "symbol": "TPH", "reportedCurrency": "USD", "cik": "0001561680", "fillingDate": "2015-03-12", "acceptedDate": "2015-03-12 17:11:54", "calendarYear": "2014", "period": "FY", "revenue": 1703616000, "costOfRevenue": 1354030000, "grossProfit": 349586000, "grossProfitRatio": 0.2052023461, "researchAndDevelopmentExpenses": 0, "generalAndAdministrativeExpenses": 82373000, "sellingAndMarketingExpenses": 103600000, "sellingGeneralAndAdministrativeExpenses": 185973000, "otherExpenses": -1019000, "operatingExpenses": 189297000, "costAndExpenses": 1543327000, "interestIncome": 0, "interestExpense": 0, "depreciationAndAmortization": 11423000, "ebitda": 191307000, "ebitdaratio": 0.112294672, "operatingIncome": 147231000, "operatingIncomeRatio": 0.0864226445, "totalOtherIncomeExpensesNet": -32325000, "incomeBeforeTax": 127964000, "incomeBeforeTaxRatio": 0.075113171, "incomeTaxExpense": 43767000, "netIncome": 84197000, "netIncomeRatio": 0.0494225224, "eps": 0.58, "epsdiluted": 0.58, "weightedAverageShsOut": 145044351, "weightedAverageShsOutDil": 145531289, "link": "https://www.sec.gov/Archives/edgar/data/1561680/000156459015001605/0001564590-15-001605-index.htm", "finalLink": "https://www.sec.gov/Archives/edgar/data/1561680/000156459015001605/tph-10k_20141231.htm", "calculatedOtherExpenses": 16382000, "calculatedOperatingExpenses": 202355000, "calculatedNetInterest": 0, "calculatedOtherIncome": -19267000, "calculatedIncomeNonControlling": 0, "calculatedEbitda": 158654000}, {"date": "2013-12-31", "symbol": "TPH", "reportedCurrency": "USD", "cik": "0001561680", "fillingDate": "2014-02-27", "acceptedDate": "2014-02-27 15:29:19", "calendarYear": "2013", "period": "FY", "revenue": 257955000, "costOfRevenue": 202874000, "grossProfit": 55081000, "grossProfitRatio": 0.2135294916, "researchAndDevelopmentExpenses": 0, "generalAndAdministrativeExpenses": 17057000, "sellingAndMarketingExpenses": 8486000, "sellingGeneralAndAdministrativeExpenses": 25543000, "otherExpenses": 302000, "operatingExpenses": 25543000, "costAndExpenses": 228417000, "interestIncome": 0, "interestExpense": 0, "depreciationAndAmortization": 866000, "ebitda": 34491000, "ebitdaratio": 0.1337093679, "operatingIncome": 29538000, "operatingIncomeRatio": 0.1145083445, "totalOtherIncomeExpensesNet": -3785000, "incomeBeforeTax": 25753000, "incomeBeforeTaxRatio": 0.0998352426, "incomeTaxExpense": 10379000, "netIncome": 15374000, "netIncomeRatio": 0.0595995426, "eps": 0.5, "epsdiluted": 0.5, "weightedAverageShsOut": 30775989, "weightedAverageShsOutDil": 30797602, "link": "https://www.sec.gov/Archives/edgar/data/1561680/000119312514072728/0001193125-14-072728-index.htm", "finalLink": "https://www.sec.gov/Archives/edgar/data/1561680/000119312514072728/d655227d10k.htm", "calculatedOtherExpenses": 0, "calculatedOperatingExpenses": 25543000, "calculatedNetInterest": 0, "calculatedOtherIncome": -3785000, "calculatedIncomeNonControlling": 0, "calculatedEbitda": 30404000}, {"date": "2012-12-31", "symbol": "TPH", "reportedCurrency": "USD", "cik": "0001561680", "fillingDate": "2013-03-28", "acceptedDate": "2013-03-28 17:15:27", "calendarYear": "2012", "period": "FY", "revenue": 78550000, "costOfRevenue": 64612000, "grossProfit": 13938000, "grossProfitRatio": 0.1774411203, "researchAndDevelopmentExpenses": 0, "generalAndAdministrativeExpenses": 6772000, "sellingAndMarketingExpenses": 4636000, "sellingGeneralAndAdministrativeExpenses": 11408000, "otherExpenses": -24000, "operatingExpenses": 11408000, "costAndExpenses": 76020000, "interestIncome": 0, "interestExpense": 0, "depreciationAndAmortization": 431000, "ebitda": 2961000, "ebitdaratio": 0.0376957352, "operatingIncome": 2530000, "operatingIncomeRatio": 0.0322087842, "totalOtherIncomeExpensesNet": -24000, "incomeBeforeTax": 2506000, "incomeBeforeTaxRatio": 0.0319032463, "incomeTaxExpense": 0, "netIncome": 2506000, "netIncomeRatio": 0.0319032463, "eps": 1.95, "epsdiluted": 1.95, "weightedAverageShsOut": 31597907, "weightedAverageShsOutDil": 31597907, "link": "https://www.sec.gov/Archives/edgar/data/1561680/000119312513132645/0001193125-13-132645-index.htm", "finalLink": "https://www.sec.gov/Archives/edgar/data/1561680/000119312513132645/d508601d10k.htm", "calculatedOtherExpenses": 0, "calculatedOperatingExpenses": 11408000, "calculatedNetInterest": 0, "calculatedOtherIncome": -24000, "calculatedIncomeNonControlling": 0, "calculatedEbitda": 2961000}, {"date": "2011-12-31", "symbol": "TPH", "reportedCurrency": "USD", "cik": "0001561680", "fillingDate": "2011-12-31", "acceptedDate": "2011-12-30 19:00:00", "calendarYear": "2011", "period": "FY", "revenue": 19329000, "costOfRevenue": 17729000, "grossProfit": 1600000, "grossProfitRatio": 0.0827771742, "researchAndDevelopmentExpenses": 0, "generalAndAdministrativeExpenses": 4620000, "sellingAndMarketingExpenses": 1553000, "sellingGeneralAndAdministrativeExpenses": 6173000, "otherExpenses": -20000, "operatingExpenses": 6173000, "costAndExpenses": 23902000, "interestIncome": 0, "interestExpense": 0, "depreciationAndAmortization": 758000, "ebitda": -3815000, "ebitdaratio": -0.1973718247, "operatingIncome": -4573000, "operatingIncomeRatio": -0.236587511, "totalOtherIncomeExpensesNet": -20000, "incomeBeforeTax": -4593000, "incomeBeforeTaxRatio": -0.2376222257, "incomeTaxExpense": 0, "netIncome": -4593000, "netIncomeRatio": -0.2376222257, "eps": -0.15, "epsdiluted": -0.15, "weightedAverageShsOut": 31597907, "weightedAverageShsOutDil": 31597907, "link": "", "finalLink": "", "calculatedOtherExpenses": 0, "calculatedOperatingExpenses": 6173000, "calculatedNetInterest": 0, "calculatedOtherIncome": -20000, "calculatedIncomeNonControlling": 0, "calculatedEbitda": -3815000}]}