{"originalCurrency": "USD", "convertedCurrency": "USD", "report": [{"date": "2023-07-01", "symbol": "TPR", "reportedCurrency": "USD", "cik": "0001116132", "fillingDate": "2023-08-17", "acceptedDate": "2023-08-17 16:13:14", "calendarYear": "2023", "period": "FY", "revenue": 6660900000, "costOfRevenue": 1946000000, "grossProfit": 4714900000, "grossProfitRatio": 0.7078472879, "researchAndDevelopmentExpenses": 0, "generalAndAdministrativeExpenses": 2754800000, "sellingAndMarketingExpenses": 787700000, "sellingGeneralAndAdministrativeExpenses": 3542500000, "otherExpenses": -1700000, "operatingExpenses": 3542500000, "costAndExpenses": 5488500000, "interestIncome": 27600000, "interestExpense": 27600000, "depreciationAndAmortization": 182200000, "ebitda": 1352900000, "ebitdaratio": 0.2031106907, "operatingIncome": 1172400000, "operatingIncomeRatio": 0.1760122506, "totalOtherIncomeExpensesNet": -1700000, "incomeBeforeTax": 1143100000, "incomeBeforeTaxRatio": 0.1716134456, "incomeTaxExpense": 207100000, "netIncome": 936000000, "netIncomeRatio": 0.1405215511, "eps": 3.96, "epsdiluted": 3.88, "weightedAverageShsOut": 236400000, "weightedAverageShsOutDil": 241300000, "link": "https://www.sec.gov/Archives/edgar/data/1116132/000111613223000020/0001116132-23-000020-index.htm", "finalLink": "https://www.sec.gov/Archives/edgar/data/1116132/000111613223000020/tpr-20230701.htm", "calculatedOtherExpenses": 0, "calculatedOperatingExpenses": 3542500000, "calculatedNetInterest": 0, "calculatedOtherIncome": -29300000, "calculatedIncomeNonControlling": 0, "calculatedEbitda": 1354600000}, {"date": "2022-07-02", "symbol": "TPR", "reportedCurrency": "USD", "cik": "0001116132", "fillingDate": "2022-08-18", "acceptedDate": "2022-08-18 16:12:31", "calendarYear": "2022", "period": "FY", "revenue": 6684500000, "costOfRevenue": 2034100000, "grossProfit": 4650400000, "grossProfitRatio": 0.6956990052, "researchAndDevelopmentExpenses": 0, "generalAndAdministrativeExpenses": 2692200000, "sellingAndMarketingExpenses": 782400000, "sellingGeneralAndAdministrativeExpenses": 3474600000, "otherExpenses": -16400000, "operatingExpenses": 3474600000, "costAndExpenses": 5508700000, "interestIncome": 58700000, "interestExpense": 58700000, "depreciationAndAmortization": 178900000, "ebitda": 1354700000, "ebitdaratio": 0.2026628768, "operatingIncome": 1175800000, "operatingIncomeRatio": 0.1758994689, "totalOtherIncomeExpensesNet": -128800000, "incomeBeforeTax": 1047000000, "incomeBeforeTaxRatio": 0.156631012, "incomeTaxExpense": 190700000, "netIncome": 856300000, "netIncomeRatio": 0.1281023263, "eps": 3.24, "epsdiluted": 3.17, "weightedAverageShsOut": 264300000, "weightedAverageShsOutDil": 270100000, "link": "https://www.sec.gov/Archives/edgar/data/1116132/000111613222000018/0001116132-22-000018-index.htm", "finalLink": "https://www.sec.gov/Archives/edgar/data/1116132/000111613222000018/tpr-20220702.htm", "calculatedOtherExpenses": 0, "calculatedOperatingExpenses": 3474600000, "calculatedNetInterest": 0, "calculatedOtherIncome": -128800000, "calculatedIncomeNonControlling": 0, "calculatedEbitda": 1354700000}, {"date": "2021-07-03", "symbol": "TPR", "reportedCurrency": "USD", "cik": "0001116132", "fillingDate": "2021-08-19", "acceptedDate": "2021-08-19 16:06:34", "calendarYear": "2021", "period": "FY", "revenue": 5746300000, "costOfRevenue": 1664400000, "grossProfit": 4081900000, "grossProfitRatio": 0.7103527487, "researchAndDevelopmentExpenses": 0, "generalAndAdministrativeExpenses": 2540100000, "sellingAndMarketingExpenses": 573800000, "sellingGeneralAndAdministrativeExpenses": 3113900000, "otherExpenses": 700000, "operatingExpenses": 3113900000, "costAndExpenses": 4778300000, "interestIncome": 71400000, "interestExpense": 71400000, "depreciationAndAmortization": 219400000, "ebitda": 1187400000, "ebitdaratio": 0.2066373144, "operatingIncome": 968000000, "operatingIncomeRatio": 0.168456224, "totalOtherIncomeExpensesNet": -70700000, "incomeBeforeTax": 897300000, "incomeBeforeTaxRatio": 0.1561526548, "incomeTaxExpense": 63100000, "netIncome": 834200000, "netIncomeRatio": 0.1451716757, "eps": 3, "epsdiluted": 2.95, "weightedAverageShsOut": 277900000, "weightedAverageShsOutDil": 283000000, "link": "https://www.sec.gov/Archives/edgar/data/1116132/000111613221000020/0001116132-21-000020-index.htm", "finalLink": "https://www.sec.gov/Archives/edgar/data/1116132/000111613221000020/tpr-20210703.htm", "calculatedOtherExpenses": 0, "calculatedOperatingExpenses": 3113900000, "calculatedNetInterest": 0, "calculatedOtherIncome": -70700000, "calculatedIncomeNonControlling": 0, "calculatedEbitda": 1187400000}, {"date": "2020-06-27", "symbol": "TPR", "reportedCurrency": "USD", "cik": "0001116132", "fillingDate": "2020-08-13", "acceptedDate": "2020-08-13 16:41:46", "calendarYear": "2020", "period": "FY", "revenue": 4961400000, "costOfRevenue": 1722100000, "grossProfit": 3239300000, "grossProfitRatio": 0.652900391, "researchAndDevelopmentExpenses": 0, "generalAndAdministrativeExpenses": 3424000000, "sellingAndMarketingExpenses": 366100000, "sellingGeneralAndAdministrativeExpenses": 3790100000, "otherExpenses": -13300000, "operatingExpenses": 3790100000, "costAndExpenses": 5512200000, "interestIncome": 60100000, "interestExpense": 60100000, "depreciationAndAmortization": -13300000, "ebitda": -564100000, "ebitdaratio": -0.1136977466, "operatingIncome": -550800000, "operatingIncomeRatio": -0.1110170516, "totalOtherIncomeExpensesNet": -73400000, "incomeBeforeTax": -624200000, "incomeBeforeTaxRatio": -0.1258112629, "incomeTaxExpense": 27900000, "netIncome": -652100000, "netIncomeRatio": -0.1314346757, "eps": -2.34, "epsdiluted": -2.34, "weightedAverageShsOut": 278600000, "weightedAverageShsOutDil": 278600000, "link": "https://www.sec.gov/Archives/edgar/data/1116132/000111613220000022/0001116132-20-000022-index.htm", "finalLink": "https://www.sec.gov/Archives/edgar/data/1116132/000111613220000022/tpr6272020-10k.htm", "calculatedOtherExpenses": 0, "calculatedOperatingExpenses": 3790100000, "calculatedNetInterest": 0, "calculatedOtherIncome": -73400000, "calculatedIncomeNonControlling": 0, "calculatedEbitda": -564100000}, {"date": "2019-06-29", "symbol": "TPR", "reportedCurrency": "USD", "cik": "0001116132", "fillingDate": "2019-08-15", "acceptedDate": "2019-08-15 17:11:03", "calendarYear": "2019", "period": "FY", "revenue": 6027100000, "costOfRevenue": 1973400000, "grossProfit": 4053700000, "grossProfitRatio": 0.6725788522, "researchAndDevelopmentExpenses": 0, "generalAndAdministrativeExpenses": 2868900000, "sellingAndMarketingExpenses": 370700000, "sellingGeneralAndAdministrativeExpenses": 3239600000, "otherExpenses": 0, "operatingExpenses": 3239600000, "costAndExpenses": 5213000000, "interestIncome": 47900000, "interestExpense": -220300000, "depreciationAndAmortization": 268200000, "ebitda": 814100000, "ebitdaratio": 0.1350732525, "operatingIncome": 545900000, "operatingIncomeRatio": 0.0905742397, "totalOtherIncomeExpensesNet": 220300000, "incomeBeforeTax": 766200000, "incomeBeforeTaxRatio": 0.1271258151, "incomeTaxExpense": 122800000, "netIncome": 643400000, "netIncomeRatio": 0.1067511739, "eps": 2.22, "epsdiluted": 2.21, "weightedAverageShsOut": 289400000, "weightedAverageShsOutDil": 290800000, "link": "https://www.sec.gov/Archives/edgar/data/1116132/000111613219000016/0001116132-19-000016-index.htm", "finalLink": "https://www.sec.gov/Archives/edgar/data/1116132/000111613219000016/tpr6302018-10k1.htm", "calculatedOtherExpenses": 268200000, "calculatedOperatingExpenses": 3507800000, "calculatedNetInterest": 268200000, "calculatedOtherIncome": -47900000, "calculatedIncomeNonControlling": 0, "calculatedEbitda": 814100000}, {"date": "2018-06-30", "symbol": "TPR", "reportedCurrency": "USD", "cik": "0001116132", "fillingDate": "2018-08-16", "acceptedDate": "2018-08-16 16:25:01", "calendarYear": "2018", "period": "FY", "revenue": 5880000000, "costOfRevenue": 2026100000, "grossProfit": 3853900000, "grossProfitRatio": 0.6554251701, "researchAndDevelopmentExpenses": 0, "generalAndAdministrativeExpenses": 2853200000, "sellingAndMarketingExpenses": 329900000, "sellingGeneralAndAdministrativeExpenses": 3183100000, "otherExpenses": 0, "operatingExpenses": 3183100000, "costAndExpenses": 5209200000, "interestIncome": 0, "interestExpense": -74000000, "depreciationAndAmortization": 260300000, "ebitda": 670800000, "ebitdaratio": 0.1140816327, "operatingIncome": 670800000, "operatingIncomeRatio": 0.1140816327, "totalOtherIncomeExpensesNet": -74000000, "incomeBeforeTax": 596800000, "incomeBeforeTaxRatio": 0.1014965986, "incomeTaxExpense": 199300000, "netIncome": 397500000, "netIncomeRatio": 0.0676020408, "eps": 1.39, "epsdiluted": 1.38, "weightedAverageShsOut": 285400000, "weightedAverageShsOutDil": 288600000, "link": "https://www.sec.gov/Archives/edgar/data/1116132/000111613218000021/0001116132-18-000021-index.htm", "finalLink": "https://www.sec.gov/Archives/edgar/data/1116132/000111613218000021/tpr6302018-10k.htm", "calculatedOtherExpenses": 0, "calculatedOperatingExpenses": 3183100000, "calculatedNetInterest": 74000000, "calculatedOtherIncome": -148000000, "calculatedIncomeNonControlling": 0, "calculatedEbitda": 931100000}, {"date": "2017-07-01", "symbol": "TPR", "reportedCurrency": "USD", "cik": "0001116132", "fillingDate": "2017-08-18", "acceptedDate": "2017-08-18 16:29:30", "calendarYear": "2017", "period": "FY", "revenue": 4488300000, "costOfRevenue": 1407200000, "grossProfit": 3081100000, "grossProfitRatio": 0.6864737206, "researchAndDevelopmentExpenses": 0, "generalAndAdministrativeExpenses": 2069600000, "sellingAndMarketingExpenses": 224100000, "sellingGeneralAndAdministrativeExpenses": 2293700000, "otherExpenses": 0, "operatingExpenses": 2293700000, "costAndExpenses": 3700900000, "interestIncome": 0, "interestExpense": -28400000, "depreciationAndAmortization": 212800000, "ebitda": 1000200000, "ebitdaratio": 0.2228460664, "operatingIncome": 787400000, "operatingIncomeRatio": 0.1754339059, "totalOtherIncomeExpensesNet": -28400000, "incomeBeforeTax": 759000000, "incomeBeforeTaxRatio": 0.1691063432, "incomeTaxExpense": 168000000, "netIncome": 591000000, "netIncomeRatio": 0.1316756901, "eps": 2.11, "epsdiluted": 2.09, "weightedAverageShsOut": 280600000, "weightedAverageShsOutDil": 282800000, "link": "https://www.sec.gov/Archives/edgar/data/1116132/000111613217000011/0001116132-17-000011-index.htm", "finalLink": "https://www.sec.gov/Archives/edgar/data/1116132/000111613217000011/coh7012017-10k.htm", "calculatedOtherExpenses": 0, "calculatedOperatingExpenses": 2293700000, "calculatedNetInterest": 28400000, "calculatedOtherIncome": -56800000, "calculatedIncomeNonControlling": 0, "calculatedEbitda": 1000200000}, {"date": "2016-07-02", "symbol": "TPR", "reportedCurrency": "USD", "cik": "0001116132", "fillingDate": "2016-08-19", "acceptedDate": "2016-08-19 16:09:17", "calendarYear": "2016", "period": "FY", "revenue": 4491800000, "costOfRevenue": 1440500000, "grossProfit": 3051300000, "grossProfitRatio": 0.6793045104, "researchAndDevelopmentExpenses": 0, "generalAndAdministrativeExpenses": 2152000000, "sellingAndMarketingExpenses": 245800000, "sellingGeneralAndAdministrativeExpenses": 2397800000, "otherExpenses": 0, "operatingExpenses": 2397800000, "costAndExpenses": 3838300000, "interestIncome": 0, "interestExpense": -26900000, "depreciationAndAmortization": 210600000, "ebitda": 653500000, "ebitdaratio": 0.1454873325, "operatingIncome": 653500000, "operatingIncomeRatio": 0.1454873325, "totalOtherIncomeExpensesNet": -26900000, "incomeBeforeTax": 626600000, "incomeBeforeTaxRatio": 0.139498642, "incomeTaxExpense": 166100000, "netIncome": 460500000, "netIncomeRatio": 0.1025201478, "eps": 1.66, "epsdiluted": 1.65, "weightedAverageShsOut": 277600000, "weightedAverageShsOutDil": 279300000, "link": "https://www.sec.gov/Archives/edgar/data/1116132/000111613216000026/0001116132-16-000026-index.htm", "finalLink": "https://www.sec.gov/Archives/edgar/data/1116132/000111613216000026/coh7022016-10k.htm", "calculatedOtherExpenses": 0, "calculatedOperatingExpenses": 2397800000, "calculatedNetInterest": 26900000, "calculatedOtherIncome": -53800000, "calculatedIncomeNonControlling": 0, "calculatedEbitda": 864100000}, {"date": "2015-06-27", "symbol": "TPR", "reportedCurrency": "USD", "cik": "0001116132", "fillingDate": "2015-08-14", "acceptedDate": "2015-08-14 16:20:46", "calendarYear": "2015", "period": "FY", "revenue": 4191600000, "costOfRevenue": 1283000000, "grossProfit": 2908600000, "grossProfitRatio": 0.6939116328, "researchAndDevelopmentExpenses": 0, "generalAndAdministrativeExpenses": 352600000, "sellingAndMarketingExpenses": 1846400000, "sellingGeneralAndAdministrativeExpenses": 2290600000, "otherExpenses": 0, "operatingExpenses": 2290600000, "costAndExpenses": 3573600000, "interestIncome": 0, "interestExpense": -6400000, "depreciationAndAmortization": 191800000, "ebitda": 618000000, "ebitdaratio": 0.1474377326, "operatingIncome": 618000000, "operatingIncomeRatio": 0.1474377326, "totalOtherIncomeExpensesNet": -6400000, "incomeBeforeTax": 611600000, "incomeBeforeTaxRatio": 0.1459108694, "incomeTaxExpense": 209200000, "netIncome": 402400000, "netIncomeRatio": 0.0960015269, "eps": 1.46, "epsdiluted": 1.45, "weightedAverageShsOut": 275700000, "weightedAverageShsOutDil": 277200000, "link": "https://www.sec.gov/Archives/edgar/data/1116132/000111613215000010/0001116132-15-000010-index.htm", "finalLink": "https://www.sec.gov/Archives/edgar/data/1116132/000111613215000010/coh6272015-10k.htm", "calculatedOtherExpenses": 0, "calculatedOperatingExpenses": 2290600000, "calculatedNetInterest": 6400000, "calculatedOtherIncome": -12800000, "calculatedIncomeNonControlling": 0, "calculatedEbitda": 809800000}, {"date": "2014-06-28", "symbol": "TPR", "reportedCurrency": "USD", "cik": "0001116132", "fillingDate": "2014-08-15", "acceptedDate": "2014-08-15 16:20:19", "calendarYear": "2014", "period": "FY", "revenue": 4806226000, "costOfRevenue": 1509263000, "grossProfit": 3296963000, "grossProfitRatio": 0.6859775217, "researchAndDevelopmentExpenses": 0, "generalAndAdministrativeExpenses": 205400000, "sellingAndMarketingExpenses": 1879500000, "sellingGeneralAndAdministrativeExpenses": 2176889000, "otherExpenses": 0, "operatingExpenses": 2176889000, "costAndExpenses": 3686152000, "interestIncome": 2181000, "interestExpense": 2181000, "depreciationAndAmortization": 189360000, "ebitda": 1120074000, "ebitdaratio": 0.2330464693, "operatingIncome": 1120074000, "operatingIncomeRatio": 0.2330464693, "totalOtherIncomeExpensesNet": 2181000, "incomeBeforeTax": 1122255000, "incomeBeforeTaxRatio": 0.2335002557, "incomeTaxExpense": 340919000, "netIncome": 781336000, "netIncomeRatio": 0.1625674698, "eps": 2.81, "epsdiluted": 2.79, "weightedAverageShsOut": 277790000, "weightedAverageShsOutDil": 280379000, "link": "https://www.sec.gov/Archives/edgar/data/1116132/000111613214000003/0001116132-14-000003-index.htm", "finalLink": "https://www.sec.gov/Archives/edgar/data/1116132/000111613214000003/coh6282014-10k.htm", "calculatedOtherExpenses": 0, "calculatedOperatingExpenses": 2176889000, "calculatedNetInterest": 0, "calculatedOtherIncome": 2181000, "calculatedIncomeNonControlling": 0, "calculatedEbitda": 1309434000}, {"date": "2013-06-29", "symbol": "TPR", "reportedCurrency": "USD", "cik": "0001116132", "fillingDate": "2013-08-22", "acceptedDate": "2013-08-22 16:15:49", "calendarYear": "2013", "period": "FY", "revenue": 5075390000, "costOfRevenue": 1377242000, "grossProfit": 3698148000, "grossProfitRatio": 0.7286431191, "researchAndDevelopmentExpenses": 0, "generalAndAdministrativeExpenses": 186600000, "sellingAndMarketingExpenses": 1861500000, "sellingGeneralAndAdministrativeExpenses": 2173607000, "otherExpenses": -6384000, "operatingExpenses": 2173607000, "costAndExpenses": 3550849000, "interestIncome": 2369000, "interestExpense": 2369000, "depreciationAndAmortization": 162987000, "ebitda": 1524541000, "ebitdaratio": 0.3003790842, "operatingIncome": 1524541000, "operatingIncomeRatio": 0.3003790842, "totalOtherIncomeExpensesNet": -6384000, "incomeBeforeTax": 1520526000, "incomeBeforeTaxRatio": 0.299588012, "incomeTaxExpense": 486106000, "netIncome": 1034420000, "netIncomeRatio": 0.2038109387, "eps": 3.66, "epsdiluted": 3.61, "weightedAverageShsOut": 282494000, "weightedAverageShsOutDil": 286307000, "link": "https://www.sec.gov/Archives/edgar/data/1116132/000114420413047469/0001144204-13-047469-index.htm", "finalLink": "https://www.sec.gov/Archives/edgar/data/1116132/000114420413047469/v350111_10k.htm", "calculatedOtherExpenses": 0, "calculatedOperatingExpenses": 2173607000, "calculatedNetInterest": 0, "calculatedOtherIncome": -4015000, "calculatedIncomeNonControlling": 0, "calculatedEbitda": 1687528000}, {"date": "2012-06-30", "symbol": "TPR", "reportedCurrency": "USD", "cik": "0001116132", "fillingDate": "2012-08-22", "acceptedDate": "2012-08-22 17:22:52", "calendarYear": "2012", "period": "FY", "revenue": 4763180000, "costOfRevenue": 1297102000, "grossProfit": 3466078000, "grossProfitRatio": 0.7276815069, "researchAndDevelopmentExpenses": 0, "generalAndAdministrativeExpenses": 0, "sellingAndMarketingExpenses": 0, "sellingGeneralAndAdministrativeExpenses": 1954089000, "otherExpenses": 0, "operatingExpenses": 1954089000, "costAndExpenses": 3251191000, "interestIncome": 720000, "interestExpense": 720000, "depreciationAndAmortization": 132909000, "ebitda": 1519035000, "ebitdaratio": 0.3189119454, "operatingIncome": 1511989000, "operatingIncomeRatio": 0.3174326815, "totalOtherIncomeExpensesNet": -7046000, "incomeBeforeTax": 1505663000, "incomeBeforeTaxRatio": 0.3161045772, "incomeTaxExpense": 466753000, "netIncome": 1038910000, "netIncomeRatio": 0.2181126894, "eps": 3.6, "epsdiluted": 3.53, "weightedAverageShsOut": 288284000, "weightedAverageShsOutDil": 294129000, "link": "https://www.sec.gov/Archives/edgar/data/1116132/000114420412047660/0001144204-12-047660-index.htm", "finalLink": "https://www.sec.gov/Archives/edgar/data/1116132/000114420412047660/v319486_10k.htm", "calculatedOtherExpenses": 0, "calculatedOperatingExpenses": 1954089000, "calculatedNetInterest": 0, "calculatedOtherIncome": -6326000, "calculatedIncomeNonControlling": 0, "calculatedEbitda": 1644898000}, {"date": "2011-07-02", "symbol": "TPR", "reportedCurrency": "USD", "cik": "0001116132", "fillingDate": "2011-08-19", "acceptedDate": "2011-08-19 16:19:30", "calendarYear": "2011", "period": "FY", "revenue": 4158507000, "costOfRevenue": 1134966000, "grossProfit": 3023541000, "grossProfitRatio": 0.7270736829, "researchAndDevelopmentExpenses": 0, "generalAndAdministrativeExpenses": 0, "sellingAndMarketingExpenses": 0, "sellingGeneralAndAdministrativeExpenses": 1718617000, "otherExpenses": 0, "operatingExpenses": 1718617000, "costAndExpenses": 2853583000, "interestIncome": 1031000, "interestExpense": 1031000, "depreciationAndAmortization": 125106000, "ebitda": 1434766000, "ebitdaratio": 0.3450194986, "operatingIncome": 1304924000, "operatingIncomeRatio": 0.3137962735, "totalOtherIncomeExpensesNet": -4736000, "incomeBeforeTax": 1301219000, "incomeBeforeTaxRatio": 0.3129053288, "incomeTaxExpense": 420419000, "netIncome": 880800000, "netIncomeRatio": 0.2118067855, "eps": 2.99, "epsdiluted": 2.92, "weightedAverageShsOut": 294877000, "weightedAverageShsOutDil": 301558000, "link": "https://www.sec.gov/Archives/edgar/data/1116132/000114420411048771/0001144204-11-048771-index.htm", "finalLink": "https://www.sec.gov/Archives/edgar/data/1116132/000114420411048771/v228306_10k.htm", "calculatedOtherExpenses": 0, "calculatedOperatingExpenses": 1718617000, "calculatedNetInterest": 0, "calculatedOtherIncome": -3705000, "calculatedIncomeNonControlling": 0, "calculatedEbitda": 1430030000}, {"date": "2010-07-03", "symbol": "TPR", "reportedCurrency": "USD", "cik": "0001116132", "fillingDate": "2010-08-25", "acceptedDate": "2010-08-25 16:13:05", "calendarYear": "2010", "period": "FY", "revenue": 3607636000, "costOfRevenue": 973945000, "grossProfit": 2633691000, "grossProfitRatio": 0.7300323536, "researchAndDevelopmentExpenses": 0, "generalAndAdministrativeExpenses": 0, "sellingAndMarketingExpenses": 0, "sellingGeneralAndAdministrativeExpenses": 1483520000, "otherExpenses": 0, "operatingExpenses": 1483520000, "costAndExpenses": 2457465000, "interestIncome": 1757000, "interestExpense": 1757000, "depreciationAndAmortization": 126744000, "ebitda": 1150171000, "ebitdaratio": 0.3188157009, "operatingIncome": 1150171000, "operatingIncomeRatio": 0.3188157009, "totalOtherIncomeExpensesNet": 1757000, "incomeBeforeTax": 1151928000, "incomeBeforeTaxRatio": 0.3193027234, "incomeTaxExpense": 416988000, "netIncome": 734940000, "netIncomeRatio": 0.2037178917, "eps": 2.36, "epsdiluted": 2.33, "weightedAverageShsOut": 311413000, "weightedAverageShsOutDil": 315848000, "link": "https://www.sec.gov/Archives/edgar/data/1116132/000114420410046620/0001144204-10-046620-index.htm", "finalLink": "https://www.sec.gov/Archives/edgar/data/1116132/000114420410046620/v190412_10k.htm", "calculatedOtherExpenses": 0, "calculatedOperatingExpenses": 1483520000, "calculatedNetInterest": 0, "calculatedOtherIncome": 1757000, "calculatedIncomeNonControlling": 0, "calculatedEbitda": 1276915000}, {"date": "2009-06-27", "symbol": "TPR", "reportedCurrency": "USD", "cik": "0001116132", "fillingDate": "2009-08-19", "acceptedDate": "2009-08-19 16:07:58", "calendarYear": "2009", "period": "FY", "revenue": 3230468000, "costOfRevenue": 907858000, "grossProfit": 2322610000, "grossProfitRatio": 0.7189701306, "researchAndDevelopmentExpenses": 0, "generalAndAdministrativeExpenses": 0, "sellingAndMarketingExpenses": 0, "sellingGeneralAndAdministrativeExpenses": 1350697000, "otherExpenses": 0, "operatingExpenses": 1350697000, "costAndExpenses": 2258555000, "interestIncome": 0, "interestExpense": 5168000, "depreciationAndAmortization": 123014000, "ebitda": 971913000, "ebitdaratio": 0.3008582657, "operatingIncome": 971913000, "operatingIncomeRatio": 0.3008582657, "totalOtherIncomeExpensesNet": 5168000, "incomeBeforeTax": 977081000, "incomeBeforeTaxRatio": 0.3024580339, "incomeTaxExpense": 353712000, "netIncome": 623369000, "netIncomeRatio": 0.1929655394, "eps": 1.93, "epsdiluted": 1.91, "weightedAverageShsOut": 323714000, "weightedAverageShsOutDil": 325620000, "link": "https://www.sec.gov/Archives/edgar/data/1116132/000114420409044645/0001144204-09-044645-index.htm", "finalLink": "https://www.sec.gov/Archives/edgar/data/1116132/000114420409044645/v157845_10k.htm", "calculatedOtherExpenses": 0, "calculatedOperatingExpenses": 1350697000, "calculatedNetInterest": -5168000, "calculatedOtherIncome": 10336000, "calculatedIncomeNonControlling": 0, "calculatedEbitda": 1094927000}, {"date": "2008-06-28", "symbol": "TPR", "reportedCurrency": "USD", "cik": "0001116132", "fillingDate": "2008-08-21", "acceptedDate": "2008-08-21 16:30:40", "calendarYear": "2008", "period": "FY", "revenue": 3180757000, "costOfRevenue": 773654000, "grossProfit": 2407103000, "grossProfitRatio": 0.7567704795, "researchAndDevelopmentExpenses": 0, "generalAndAdministrativeExpenses": 0, "sellingAndMarketingExpenses": 0, "sellingGeneralAndAdministrativeExpenses": 1259974000, "otherExpenses": 0, "operatingExpenses": 1259974000, "costAndExpenses": 2033628000, "interestIncome": 0, "interestExpense": 0, "depreciationAndAmortization": 100704000, "ebitda": 1247833000, "ebitdaratio": 0.3923069257, "operatingIncome": 1147129000, "operatingIncomeRatio": 0.3606465379, "totalOtherIncomeExpensesNet": 47820000, "incomeBeforeTax": 1194949000, "incomeBeforeTaxRatio": 0.3756806949, "incomeTaxExpense": 411910000, "netIncome": 783055000, "netIncomeRatio": 0.2461851062, "eps": 2.2, "epsdiluted": 2.17, "weightedAverageShsOut": 355731000, "weightedAverageShsOutDil": 360332000, "link": "https://www.sec.gov/Archives/edgar/data/1116132/000114420408049205/0001144204-08-049205-index.htm", "finalLink": "https://www.sec.gov/Archives/edgar/data/1116132/000114420408049205/v124224_10k.htm", "calculatedOtherExpenses": 0, "calculatedOperatingExpenses": 1259974000, "calculatedNetInterest": 0, "calculatedOtherIncome": 47820000, "calculatedIncomeNonControlling": -16000, "calculatedEbitda": 1247833000}, {"date": "2007-06-30", "symbol": "TPR", "reportedCurrency": "USD", "cik": "0001116132", "fillingDate": "2007-08-23", "acceptedDate": "2007-08-23 17:00:59", "calendarYear": "2007", "period": "FY", "revenue": 2612456000, "costOfRevenue": 589470000, "grossProfit": 2022986000, "grossProfitRatio": 0.77436175, "researchAndDevelopmentExpenses": 0, "generalAndAdministrativeExpenses": 0, "sellingAndMarketingExpenses": 0, "sellingGeneralAndAdministrativeExpenses": 1029589000, "otherExpenses": 0, "operatingExpenses": 1029589000, "costAndExpenses": 1619059000, "interestIncome": 0, "interestExpense": 0, "depreciationAndAmortization": 80887000, "ebitda": 1074284000, "ebitdaratio": 0.4112161123, "operatingIncome": 993397000, "operatingIncomeRatio": 0.3802540598, "totalOtherIncomeExpensesNet": 41273000, "incomeBeforeTax": 1034670000, "incomeBeforeTaxRatio": 0.3960526034, "incomeTaxExpense": 398141000, "netIncome": 663665000, "netIncomeRatio": 0.2540387283, "eps": 1.8, "epsdiluted": 1.76, "weightedAverageShsOut": 369661000, "weightedAverageShsOutDil": 377356000, "link": "https://www.sec.gov/Archives/edgar/data/1116132/000114420407046122/0001144204-07-046122-index.htm", "finalLink": "https://www.sec.gov/Archives/edgar/data/1116132/000114420407046122/v085741_10k.htm", "calculatedOtherExpenses": 0, "calculatedOperatingExpenses": 1029589000, "calculatedNetInterest": 0, "calculatedOtherIncome": 41273000, "calculatedIncomeNonControlling": -27136000, "calculatedEbitda": 1074284000}, {"date": "2006-07-01", "symbol": "TPR", "reportedCurrency": "USD", "cik": "0001116132", "fillingDate": "2006-08-25", "acceptedDate": "2006-08-24 21:46:13", "calendarYear": "2006", "period": "FY", "revenue": 2111501000, "costOfRevenue": 472622000, "grossProfit": 1638879000, "grossProfitRatio": 0.7761677593, "researchAndDevelopmentExpenses": 0, "generalAndAdministrativeExpenses": 0, "sellingAndMarketingExpenses": 0, "sellingGeneralAndAdministrativeExpenses": 874275000, "otherExpenses": 0, "operatingExpenses": 874275000, "costAndExpenses": 1346897000, "interestIncome": 0, "interestExpense": 32623000, "depreciationAndAmortization": 65115000, "ebitda": 829719000, "ebitdaratio": 0.3929522174, "operatingIncome": 764604000, "operatingIncomeRatio": 0.3621139654, "totalOtherIncomeExpensesNet": 32623000, "incomeBeforeTax": 797227000, "incomeBeforeTaxRatio": 0.377564112, "incomeTaxExpense": 302950000, "netIncome": 494277000, "netIncomeRatio": 0.2340879782, "eps": 1.3, "epsdiluted": 1.27, "weightedAverageShsOut": 379635000, "weightedAverageShsOutDil": 388495000, "link": "https://www.sec.gov/Archives/edgar/data/1116132/000095013606007118/0000950136-06-007118-index.htm", "finalLink": "https://www.sec.gov/Archives/edgar/data/1116132/000095013606007118/file1.htm", "calculatedOtherExpenses": 0, "calculatedOperatingExpenses": 874275000, "calculatedNetInterest": -32623000, "calculatedOtherIncome": 65246000, "calculatedIncomeNonControlling": 0, "calculatedEbitda": 829719000}, {"date": "2005-07-02", "symbol": "TPR", "reportedCurrency": "USD", "cik": "0001116132", "fillingDate": "2005-09-09", "acceptedDate": "2005-09-09 17:20:48", "calendarYear": "2005", "period": "FY", "revenue": 1710423000, "costOfRevenue": 399652000, "grossProfit": 1310771000, "grossProfitRatio": 0.7663431794, "researchAndDevelopmentExpenses": 0, "generalAndAdministrativeExpenses": 0, "sellingAndMarketingExpenses": 0, "sellingGeneralAndAdministrativeExpenses": 688961000, "otherExpenses": 0, "operatingExpenses": 688961000, "costAndExpenses": 1088613000, "interestIncome": 0, "interestExpense": 0, "depreciationAndAmortization": 57033000, "ebitda": 678843000, "ebitdaratio": 0.3968860335, "operatingIncome": 621810000, "operatingIncomeRatio": 0.3635416502, "totalOtherIncomeExpensesNet": 15760000, "incomeBeforeTax": 637570000, "incomeBeforeTaxRatio": 0.3727557452, "incomeTaxExpense": 235277000, "netIncome": 388652000, "netIncomeRatio": 0.2272256629, "eps": 0.89, "epsdiluted": 0.86, "weightedAverageShsOut": 378670000, "weightedAverageShsOutDil": 390191000, "link": "https://www.sec.gov/Archives/edgar/data/1116132/000095012305010967/0000950123-05-010967-index.htm", "finalLink": "https://www.sec.gov/Archives/edgar/data/1116132/000095012305010967/y12642e10vk.htm", "calculatedOtherExpenses": 0, "calculatedOperatingExpenses": 688961000, "calculatedNetInterest": 0, "calculatedOtherIncome": 15760000, "calculatedIncomeNonControlling": 13641000, "calculatedEbitda": 678843000}, {"date": "2004-07-03", "symbol": "TPR", "reportedCurrency": "USD", "cik": "0001116132", "fillingDate": "2004-09-16", "acceptedDate": "2004-09-16 16:05:12", "calendarYear": "2004", "period": "FY", "revenue": 1321106000, "costOfRevenue": 331024000, "grossProfit": 990082000, "grossProfitRatio": 0.7494341862, "researchAndDevelopmentExpenses": 0, "generalAndAdministrativeExpenses": 0, "sellingAndMarketingExpenses": 0, "sellingGeneralAndAdministrativeExpenses": 545617000, "otherExpenses": 0, "operatingExpenses": 545617000, "costAndExpenses": 876641000, "interestIncome": 0, "interestExpense": -3200, "depreciationAndAmortization": 42854000, "ebitda": 487319000, "ebitdaratio": 0.3688719906, "operatingIncome": 444465000, "operatingIncomeRatio": 0.3364340182, "totalOtherIncomeExpensesNet": 3192000, "incomeBeforeTax": 447657000, "incomeBeforeTaxRatio": 0.3388501755, "incomeTaxExpense": 167866000, "netIncome": 261748000, "netIncomeRatio": 0.1981279322, "eps": 0.59, "epsdiluted": 0.57, "weightedAverageShsOut": 372120000, "weightedAverageShsOutDil": 385558000, "link": "https://www.sec.gov/Archives/edgar/data/1116132/000095012304011048/0000950123-04-011048-index.htm", "finalLink": "https://www.sec.gov/Archives/edgar/data/1116132/000095012304011048/y02130e10vk.htm", "calculatedOtherExpenses": 0, "calculatedOperatingExpenses": 545617000, "calculatedNetInterest": 3200, "calculatedOtherIncome": 3188800, "calculatedIncomeNonControlling": 18043000, "calculatedEbitda": 487319000}, {"date": "2003-06-28", "symbol": "TPR", "reportedCurrency": "USD", "cik": "0001116132", "fillingDate": "2003-09-18", "acceptedDate": "2003-09-17 18:05:23", "calendarYear": "2003", "period": "FY", "revenue": 953226000, "costOfRevenue": 275797000, "grossProfit": 677429000, "grossProfitRatio": 0.7106698726, "researchAndDevelopmentExpenses": 0, "generalAndAdministrativeExpenses": 0, "sellingAndMarketingExpenses": 0, "sellingGeneralAndAdministrativeExpenses": 433667000, "otherExpenses": 0, "operatingExpenses": 433667000, "costAndExpenses": 709464000, "interestIncome": -1754000, "interestExpense": 695000, "depreciationAndAmortization": 30231000, "ebitda": 273993000, "ebitdaratio": 0.2874376066, "operatingIncome": 243762000, "operatingIncomeRatio": 0.2557231968, "totalOtherIncomeExpensesNet": 1059000, "incomeBeforeTax": 244821000, "incomeBeforeTaxRatio": 0.256834161, "incomeTaxExpense": 90585000, "netIncome": 146628000, "netIncomeRatio": 0.1538229129, "eps": 0.34, "epsdiluted": 0.33, "weightedAverageShsOut": 359116000, "weightedAverageShsOutDil": 371684000, "link": "https://www.sec.gov/Archives/edgar/data/1116132/000095012303010503/0000950123-03-010503-index.htm", "finalLink": "https://www.sec.gov/Archives/edgar/data/1116132/000095012303010503/y89793e10vk.htm", "calculatedOtherExpenses": 0, "calculatedOperatingExpenses": 433667000, "calculatedNetInterest": -2449000, "calculatedOtherIncome": 3508000, "calculatedIncomeNonControlling": 7608000, "calculatedEbitda": 273993000}, {"date": "2002-06-29", "symbol": "TPR", "reportedCurrency": "USD", "cik": "0001116132", "fillingDate": "2002-09-20", "acceptedDate": "2002-09-20 16:59:09", "calendarYear": "2002", "period": "FY", "revenue": 719403000, "costOfRevenue": 236041000, "grossProfit": 483362000, "grossProfitRatio": 0.6718932226, "researchAndDevelopmentExpenses": 0, "generalAndAdministrativeExpenses": 0, "sellingAndMarketingExpenses": 0, "sellingGeneralAndAdministrativeExpenses": 346354000, "otherExpenses": 0, "operatingExpenses": 346354000, "costAndExpenses": 582395000, "interestIncome": -825000, "interestExpense": 1124000, "depreciationAndAmortization": 25494000, "ebitda": 165875000, "ebitdaratio": 0.230573128, "operatingIncome": 133635000, "operatingIncomeRatio": 0.1857581912, "totalOtherIncomeExpensesNet": -3373000, "incomeBeforeTax": 133336000, "incomeBeforeTaxRatio": 0.1853425688, "incomeTaxExpense": 47325000, "netIncome": 85827000, "netIncomeRatio": 0.1193030888, "eps": 0.24, "epsdiluted": 0.24, "weightedAverageShsOut": 352192000, "weightedAverageShsOutDil": 363808000, "link": "https://www.sec.gov/Archives/edgar/data/1116132/000095012302009068/0000950123-02-009068-index.htm", "finalLink": "https://www.sec.gov/Archives/edgar/data/1116132/000095012302009068/y64070e10vk.htm", "calculatedOtherExpenses": 3373000, "calculatedOperatingExpenses": 349727000, "calculatedNetInterest": -1949000, "calculatedOtherIncome": 1650000, "calculatedIncomeNonControlling": 184000, "calculatedEbitda": 159129000}, {"date": "2001-06-30", "symbol": "TPR", "reportedCurrency": "USD", "cik": "0001116132", "fillingDate": "2001-09-21", "acceptedDate": "2001-09-21 00:00:00", "calendarYear": "2001", "period": "FY", "revenue": 616079000, "costOfRevenue": 218507000, "grossProfit": 397572000, "grossProfitRatio": 0.6453263299, "researchAndDevelopmentExpenses": 0, "generalAndAdministrativeExpenses": 0, "sellingAndMarketingExpenses": 0, "sellingGeneralAndAdministrativeExpenses": 291315000, "otherExpenses": 4569000, "operatingExpenses": 295884000, "costAndExpenses": 514391000, "interestIncome": 0, "interestExpense": 2258000, "depreciationAndAmortization": 24131000, "ebitda": 130388000, "ebitdaratio": 0.2116416888, "operatingIncome": 101688000, "operatingIncomeRatio": 0.1650567541, "totalOtherIncomeExpensesNet": -4569000, "incomeBeforeTax": 99430000, "incomeBeforeTaxRatio": 0.1613916397, "incomeTaxExpense": 35400000, "netIncome": 64030000, "netIncomeRatio": 0.1039314763, "eps": 0.2, "epsdiluted": 0.19, "weightedAverageShsOut": 327440000, "weightedAverageShsOutDil": 337248000, "link": "https://www.sec.gov/Archives/edgar/data/1116132/000095012301506543/0000950123-01-506543-index.htm", "finalLink": "https://www.sec.gov/Archives/edgar/data/1116132/000095012301506543/y53323e10-k405.htm", "calculatedOtherExpenses": 4569000, "calculatedOperatingExpenses": 295884000, "calculatedNetInterest": -2258000, "calculatedOtherIncome": 0, "calculatedIncomeNonControlling": 0, "calculatedEbitda": 125819000}, {"date": "2000-06-30", "symbol": "TPR", "reportedCurrency": "USD", "cik": "0001116132", "fillingDate": "2000-06-30", "acceptedDate": "2000-06-29 20:00:00", "calendarYear": "2000", "period": "FY", "revenue": 548918000, "costOfRevenue": 197457000, "grossProfit": 351461000, "grossProfitRatio": 0.6402796046, "researchAndDevelopmentExpenses": 0, "generalAndAdministrativeExpenses": 0, "sellingAndMarketingExpenses": 0, "sellingGeneralAndAdministrativeExpenses": 272816000, "otherExpenses": 22628000, "operatingExpenses": 295444000, "costAndExpenses": 492901000, "interestIncome": 0, "interestExpense": 0, "depreciationAndAmortization": 22628000, "ebitda": 78645000, "ebitdaratio": 0.1432727657, "operatingIncome": 56017000, "operatingIncomeRatio": 0.1020498508, "totalOtherIncomeExpensesNet": -387000, "incomeBeforeTax": 55630000, "incomeBeforeTaxRatio": 0.1013448275, "incomeTaxExpense": 17027000, "netIncome": 38603000, "netIncomeRatio": 0.0703256224, "eps": 0.14, "epsdiluted": 0.14, "weightedAverageShsOut": 280210000, "weightedAverageShsOutDil": 280210000, "link": "", "finalLink": "", "calculatedOtherExpenses": 22628000, "calculatedOperatingExpenses": 295444000, "calculatedNetInterest": 0, "calculatedOtherIncome": -387000, "calculatedIncomeNonControlling": 0, "calculatedEbitda": 78645000}, {"date": "1999-06-30", "symbol": "TPR", "reportedCurrency": "USD", "cik": "0001116132", "fillingDate": "1999-06-30", "acceptedDate": "1999-06-29 20:00:00", "calendarYear": "1999", "period": "FY", "revenue": 500944000, "costOfRevenue": 226190000, "grossProfit": 274754000, "grossProfitRatio": 0.548472484, "researchAndDevelopmentExpenses": 0, "generalAndAdministrativeExpenses": 0, "sellingAndMarketingExpenses": 0, "sellingGeneralAndAdministrativeExpenses": 248171000, "otherExpenses": 0, "operatingExpenses": 248171000, "costAndExpenses": 474361000, "interestIncome": 0, "interestExpense": 0, "depreciationAndAmortization": 14216000, "ebitda": 33691000, "ebitdaratio": 0.0672550225, "operatingIncome": 19475000, "operatingIncomeRatio": 0.038876601, "totalOtherIncomeExpensesNet": -7108000, "incomeBeforeTax": 19061000, "incomeBeforeTaxRatio": 0.0380501613, "incomeTaxExpense": -4348000, "netIncome": 16715000, "netIncomeRatio": 0.0333670031, "eps": 0.06, "epsdiluted": 0.06, "weightedAverageShsOut": 280208000, "weightedAverageShsOutDil": 280208000, "link": "", "finalLink": "", "calculatedOtherExpenses": 7108000, "calculatedOperatingExpenses": 255279000, "calculatedNetInterest": 0, "calculatedOtherIncome": -414000, "calculatedIncomeNonControlling": 6694000, "calculatedEbitda": 33691000}, {"date": "1998-06-30", "symbol": "TPR", "reportedCurrency": "USD", "cik": "0001116132", "fillingDate": "1998-06-30", "acceptedDate": "1998-06-29 20:00:00", "calendarYear": "1998", "period": "FY", "revenue": 513915000, "costOfRevenue": 235512000, "grossProfit": 278403000, "grossProfitRatio": 0.5417296635, "researchAndDevelopmentExpenses": 0, "generalAndAdministrativeExpenses": 0, "sellingAndMarketingExpenses": 0, "sellingGeneralAndAdministrativeExpenses": 253390000, "otherExpenses": 0, "operatingExpenses": 253390000, "costAndExpenses": 488902000, "interestIncome": 0, "interestExpense": 0, "depreciationAndAmortization": 0, "ebitda": 25013000, "ebitdaratio": 0.0486714729, "operatingIncome": 25013000, "operatingIncomeRatio": 0.0486714729, "totalOtherIncomeExpensesNet": -236000, "incomeBeforeTax": 24777000, "incomeBeforeTaxRatio": 0.048212253, "incomeTaxExpense": 4114000, "netIncome": 20663000, "netIncomeRatio": 0.0402070381, "eps": 0.0725, "epsdiluted": 0.0725, "weightedAverageShsOut": 280208000, "weightedAverageShsOutDil": 280208000, "link": "", "finalLink": "", "calculatedOtherExpenses": 0, "calculatedOperatingExpenses": 253390000, "calculatedNetInterest": 0, "calculatedOtherIncome": -236000, "calculatedIncomeNonControlling": 0, "calculatedEbitda": 25013000}]}