{"originalCurrency": "USD", "convertedCurrency": "USD", "report": [{"date": "2023-12-31", "symbol": "TPX", "reportedCurrency": "USD", "cik": "0001206264", "fillingDate": "2024-02-16", "acceptedDate": "2024-02-16 16:16:34", "calendarYear": "2023", "period": "FY", "revenue": 4925400000, "costOfRevenue": 2796700000, "grossProfit": 2128700000, "grossProfitRatio": 0.4321882487, "researchAndDevelopmentExpenses": 30600000, "generalAndAdministrativeExpenses": 481100000, "sellingAndMarketingExpenses": 1063400000, "sellingGeneralAndAdministrativeExpenses": 1513900000, "otherExpenses": 0, "operatingExpenses": 1544500000, "costAndExpenses": 4341200000, "interestIncome": 0, "interestExpense": 129900000, "depreciationAndAmortization": 135300000, "ebitda": 719500000, "ebitdaratio": 0.1460795062, "operatingIncome": 584200000, "operatingIncomeRatio": 0.1186096561, "totalOtherIncomeExpensesNet": -110100000, "incomeBeforeTax": 474100000, "incomeBeforeTaxRatio": 0.0962561416, "incomeTaxExpense": 103400000, "netIncome": 368100000, "netIncomeRatio": 0.0747350469, "eps": 2.14, "epsdiluted": 2.08, "weightedAverageShsOut": 172200000, "weightedAverageShsOutDil": 177300000, "link": "https://www.sec.gov/Archives/edgar/data/1206264/000120626424000050/0001206264-24-000050-index.htm", "finalLink": "https://www.sec.gov/Archives/edgar/data/1206264/000120626424000050/tpx-20231231.htm", "calculatedOtherExpenses": 0, "calculatedOperatingExpenses": 1544500000, "calculatedNetInterest": -129900000, "calculatedOtherIncome": 19800000, "calculatedIncomeNonControlling": 2600000, "calculatedEbitda": 719500000}, {"date": "2022-12-31", "symbol": "TPX", "reportedCurrency": "USD", "cik": "0001206264", "fillingDate": "2023-02-17", "acceptedDate": "2023-02-17 16:07:56", "calendarYear": "2022", "period": "FY", "revenue": 4921200000, "costOfRevenue": 2871600000, "grossProfit": 2049600000, "grossProfitRatio": 0.4164837844, "researchAndDevelopmentExpenses": 29200000, "generalAndAdministrativeExpenses": 397600000, "sellingAndMarketingExpenses": 992500000, "sellingGeneralAndAdministrativeExpenses": 1390100000, "otherExpenses": -400000, "operatingExpenses": 1390100000, "costAndExpenses": 4261700000, "interestIncome": 103000000, "interestExpense": 103000000, "depreciationAndAmortization": 126700000, "ebitda": 807300000, "ebitdaratio": 0.1640453548, "operatingIncome": 680600000, "operatingIncomeRatio": 0.1382996017, "totalOtherIncomeExpensesNet": -103400000, "incomeBeforeTax": 577200000, "incomeBeforeTaxRatio": 0.1172884662, "incomeTaxExpense": 119000000, "netIncome": 455700000, "netIncomeRatio": 0.092599366, "eps": 2.61, "epsdiluted": 2.53, "weightedAverageShsOut": 174900000, "weightedAverageShsOutDil": 180300000, "link": "https://www.sec.gov/Archives/edgar/data/1206264/000120626423000060/0001206264-23-000060-index.htm", "finalLink": "https://www.sec.gov/Archives/edgar/data/1206264/000120626423000060/tpx-20221231.htm", "calculatedOtherExpenses": -50300000, "calculatedOperatingExpenses": 1369000000, "calculatedNetInterest": 0, "calculatedOtherIncome": -103400000, "calculatedIncomeNonControlling": 2500000, "calculatedEbitda": 807300000}, {"date": "2021-12-31", "symbol": "TPX", "reportedCurrency": "USD", "cik": "0001206264", "fillingDate": "2022-02-22", "acceptedDate": "2022-02-22 16:06:30", "calendarYear": "2021", "period": "FY", "revenue": 4930800000, "costOfRevenue": 2772100000, "grossProfit": 2158700000, "grossProfitRatio": 0.4377991401, "researchAndDevelopmentExpenses": 27300000, "generalAndAdministrativeExpenses": 353900000, "sellingAndMarketingExpenses": 923100000, "sellingGeneralAndAdministrativeExpenses": 1277000000, "otherExpenses": 1000000, "operatingExpenses": 1277000000, "costAndExpenses": 4049100000, "interestIncome": 66300000, "interestExpense": 66300000, "depreciationAndAmortization": 114200000, "ebitda": 1026500000, "ebitdaratio": 0.2081812282, "operatingIncome": 912300000, "operatingIncomeRatio": 0.1850206863, "totalOtherIncomeExpensesNet": -88300000, "incomeBeforeTax": 824000000, "incomeBeforeTaxRatio": 0.1671128417, "incomeTaxExpense": 198300000, "netIncome": 624500000, "netIncomeRatio": 0.1266528758, "eps": 3.17, "epsdiluted": 3.06, "weightedAverageShsOut": 197000000, "weightedAverageShsOutDil": 204300000, "link": "https://www.sec.gov/Archives/edgar/data/1206264/000120626422000057/0001206264-22-000057-index.htm", "finalLink": "https://www.sec.gov/Archives/edgar/data/1206264/000120626422000057/tpx-20211231.htm", "calculatedOtherExpenses": -57900000, "calculatedOperatingExpenses": 1246400000, "calculatedNetInterest": 0, "calculatedOtherIncome": -88300000, "calculatedIncomeNonControlling": 1200000, "calculatedEbitda": 1026500000}, {"date": "2020-12-31", "symbol": "TPX", "reportedCurrency": "USD", "cik": "0001206264", "fillingDate": "2021-02-19", "acceptedDate": "2021-02-19 16:29:50", "calendarYear": "2020", "period": "FY", "revenue": 3676900000, "costOfRevenue": 2038500000, "grossProfit": 1638400000, "grossProfitRatio": 0.4455927548, "researchAndDevelopmentExpenses": 23100000, "generalAndAdministrativeExpenses": 382500000, "sellingAndMarketingExpenses": 740200000, "sellingGeneralAndAdministrativeExpenses": 1122700000, "otherExpenses": 2400000, "operatingExpenses": 1122700000, "costAndExpenses": 3161200000, "interestIncome": 77000000, "interestExpense": 77000000, "depreciationAndAmortization": 100400000, "ebitda": 632500000, "ebitdaratio": 0.1720199081, "operatingIncome": 532100000, "operatingIncomeRatio": 0.1447142974, "totalOtherIncomeExpensesNet": -79700000, "incomeBeforeTax": 452400000, "incomeBeforeTaxRatio": 0.1230384291, "incomeTaxExpense": 102600000, "netIncome": 348800000, "netIncomeRatio": 0.0948625201, "eps": 1.68, "epsdiluted": 1.64, "weightedAverageShsOut": 207900000, "weightedAverageShsOutDil": 212300000, "link": "https://www.sec.gov/Archives/edgar/data/1206264/000120626421000053/0001206264-21-000053-index.htm", "finalLink": "https://www.sec.gov/Archives/edgar/data/1206264/000120626421000053/tpx-20201231.htm", "calculatedOtherExpenses": -39500000, "calculatedOperatingExpenses": 1106300000, "calculatedNetInterest": 0, "calculatedOtherIncome": -79700000, "calculatedIncomeNonControlling": 1000000, "calculatedEbitda": 632500000}, {"date": "2019-12-31", "symbol": "TPX", "reportedCurrency": "USD", "cik": "0001206264", "fillingDate": "2020-02-24", "acceptedDate": "2020-02-21 18:42:20", "calendarYear": "2019", "period": "FY", "revenue": 3106000000, "costOfRevenue": 1763800000, "grossProfit": 1342200000, "grossProfitRatio": 0.4321313587, "researchAndDevelopmentExpenses": 23000000, "generalAndAdministrativeExpenses": 345100000, "sellingAndMarketingExpenses": 666300000, "sellingGeneralAndAdministrativeExpenses": 1011400000, "otherExpenses": 4500000, "operatingExpenses": 1011400000, "costAndExpenses": 2775200000, "interestIncome": 85700000, "interestExpense": 85700000, "depreciationAndAmortization": 94200000, "ebitda": 440900000, "ebitdaratio": 0.1419510625, "operatingIncome": 346700000, "operatingIncomeRatio": 0.1116226658, "totalOtherIncomeExpensesNet": -81200000, "incomeBeforeTax": 265500000, "incomeBeforeTaxRatio": 0.0854797167, "incomeTaxExpense": 74700000, "netIncome": 189500000, "netIncomeRatio": 0.0610109466, "eps": 0.87, "epsdiluted": 0.86, "weightedAverageShsOut": 218000000, "weightedAverageShsOutDil": 221600000, "link": "https://www.sec.gov/Archives/edgar/data/1206264/000120626420000079/0001206264-20-000079-index.htm", "finalLink": "https://www.sec.gov/Archives/edgar/data/1206264/000120626420000079/tpx-20191231x10k.htm", "calculatedOtherExpenses": -38900000, "calculatedOperatingExpenses": 995500000, "calculatedNetInterest": 0, "calculatedOtherIncome": -81200000, "calculatedIncomeNonControlling": 1300000, "calculatedEbitda": 440900000}, {"date": "2018-12-31", "symbol": "TPX", "reportedCurrency": "USD", "cik": "0001206264", "fillingDate": "2019-02-25", "acceptedDate": "2019-02-25 16:41:09", "calendarYear": "2018", "period": "FY", "revenue": 2702900000, "costOfRevenue": 1582200000, "grossProfit": 1120700000, "grossProfitRatio": 0.4146287321, "researchAndDevelopmentExpenses": 21900000, "generalAndAdministrativeExpenses": 294200000, "sellingAndMarketingExpenses": 587800000, "sellingGeneralAndAdministrativeExpenses": 882000000, "otherExpenses": 1000000, "operatingExpenses": 882000000, "costAndExpenses": 2464200000, "interestIncome": 0, "interestExpense": 92300000, "depreciationAndAmortization": 87100000, "ebitda": 344400000, "ebitdaratio": 0.1274186984, "operatingIncome": 256300000, "operatingIncomeRatio": 0.0948240778, "totalOtherIncomeExpensesNet": 18600000, "incomeBeforeTax": 165000000, "incomeBeforeTaxRatio": 0.0610455437, "incomeTaxExpense": 49600000, "netIncome": 100500000, "netIncomeRatio": 0.0371822857, "eps": 0.46, "epsdiluted": 0.46, "weightedAverageShsOut": 217600000, "weightedAverageShsOutDil": 220400000, "link": "https://www.sec.gov/Archives/edgar/data/1206264/000120626419000047/0001206264-19-000047-index.htm", "finalLink": "https://www.sec.gov/Archives/edgar/data/1206264/000120626419000047/tpx-20181231x10k.htm", "calculatedOtherExpenses": -39500000, "calculatedOperatingExpenses": 864400000, "calculatedNetInterest": -92300000, "calculatedOtherIncome": 1000000, "calculatedIncomeNonControlling": 14900000, "calculatedEbitda": 343400000}, {"date": "2017-12-31", "symbol": "TPX", "reportedCurrency": "USD", "cik": "0001206264", "fillingDate": "2018-03-01", "acceptedDate": "2018-03-01 16:34:17", "calendarYear": "2017", "period": "FY", "revenue": 2754400000, "costOfRevenue": 1613700000, "grossProfit": 1140700000, "grossProfitRatio": 0.4141373802, "researchAndDevelopmentExpenses": 21700000, "generalAndAdministrativeExpenses": 271700000, "sellingAndMarketingExpenses": 601300000, "sellingGeneralAndAdministrativeExpenses": 873000000, "otherExpenses": 8000000, "operatingExpenses": 866600000, "costAndExpenses": 2480300000, "interestIncome": 0, "interestExpense": 108000000, "depreciationAndAmortization": 81300000, "ebitda": 379000000, "ebitdaratio": 0.137598025, "operatingIncome": 289700000, "operatingIncomeRatio": 0.1051771711, "totalOtherIncomeExpensesNet": 23600000, "incomeBeforeTax": 189700000, "incomeBeforeTaxRatio": 0.0688716236, "incomeTaxExpense": 47700000, "netIncome": 152700000, "netIncomeRatio": 0.055438571, "eps": 0.71, "epsdiluted": 0.7, "weightedAverageShsOut": 216000000, "weightedAverageShsOutDil": 218800000, "link": "https://www.sec.gov/Archives/edgar/data/1206264/000120626418000033/0001206264-18-000033-index.htm", "finalLink": "https://www.sec.gov/Archives/edgar/data/1206264/000120626418000033/tpx-20171231x10k.htm", "calculatedOtherExpenses": -43700000, "calculatedOperatingExpenses": 851000000, "calculatedNetInterest": -108000000, "calculatedOtherIncome": 8000000, "calculatedIncomeNonControlling": -10700000, "calculatedEbitda": 371000000}, {"date": "2016-12-31", "symbol": "TPX", "reportedCurrency": "USD", "cik": "0001206264", "fillingDate": "2017-02-24", "acceptedDate": "2017-02-24 16:06:36", "calendarYear": "2016", "period": "FY", "revenue": 3127300000, "costOfRevenue": 1817900000, "grossProfit": 1309400000, "grossProfitRatio": 0.4186998369, "researchAndDevelopmentExpenses": 26700000, "generalAndAdministrativeExpenses": 278200000, "sellingAndMarketingExpenses": 648500000, "sellingGeneralAndAdministrativeExpenses": 926700000, "otherExpenses": 200000, "operatingExpenses": 907200000, "costAndExpenses": 2725100000, "interestIncome": 0, "interestExpense": 85200000, "depreciationAndAmortization": 73300000, "ebitda": 489000000, "ebitdaratio": 0.1563649154, "operatingIncome": 415500000, "operatingIncomeRatio": 0.1328622134, "totalOtherIncomeExpensesNet": -33700000, "incomeBeforeTax": 283300000, "incomeBeforeTaxRatio": 0.0905893263, "incomeTaxExpense": 86800000, "netIncome": 202100000, "netIncomeRatio": 0.0646244364, "eps": 0.86, "epsdiluted": 0.85, "weightedAverageShsOut": 236000000, "weightedAverageShsOutDil": 239200000, "link": "https://www.sec.gov/Archives/edgar/data/1206264/000120626417000021/0001206264-17-000021-index.htm", "finalLink": "https://www.sec.gov/Archives/edgar/data/1206264/000120626417000021/tpx-20161231x10k.htm", "calculatedOtherExpenses": -59500000, "calculatedOperatingExpenses": 893900000, "calculatedNetInterest": -85200000, "calculatedOtherIncome": -47000000, "calculatedIncomeNonControlling": -5600000, "calculatedEbitda": 488800000}, {"date": "2015-12-31", "symbol": "TPX", "reportedCurrency": "USD", "cik": "0001206264", "fillingDate": "2016-02-12", "acceptedDate": "2016-02-12 07:03:19", "calendarYear": "2015", "period": "FY", "revenue": 3151200000, "costOfRevenue": 1902300000, "grossProfit": 1248900000, "grossProfitRatio": 0.3963252094, "researchAndDevelopmentExpenses": 28700000, "generalAndAdministrativeExpenses": 322000000, "sellingAndMarketingExpenses": 648000000, "sellingGeneralAndAdministrativeExpenses": 970000000, "otherExpenses": -12900000, "operatingExpenses": 951700000, "costAndExpenses": 2854000000, "interestIncome": 0, "interestExpense": 96100000, "depreciationAndAmortization": 71400000, "ebitda": 367600000, "ebitdaratio": 0.1166539731, "operatingIncome": 309100000, "operatingIncomeRatio": 0.0980896167, "totalOtherIncomeExpensesNet": -1000000, "incomeBeforeTax": 200100000, "incomeBeforeTaxRatio": 0.0634996192, "incomeTaxExpense": 125400000, "netIncome": 73500000, "netIncomeRatio": 0.0233244478, "eps": 0.3, "epsdiluted": 0.29, "weightedAverageShsOut": 246800000, "weightedAverageShsOutDil": 250400000, "link": "https://www.sec.gov/Archives/edgar/data/1206264/000120626416000106/0001206264-16-000106-index.htm", "finalLink": "https://www.sec.gov/Archives/edgar/data/1206264/000120626416000106/tpx-20151231x10k.htm", "calculatedOtherExpenses": -58900000, "calculatedOperatingExpenses": 939800000, "calculatedNetInterest": -96100000, "calculatedOtherIncome": -12900000, "calculatedIncomeNonControlling": 1200000, "calculatedEbitda": 380500000}, {"date": "2014-12-31", "symbol": "TPX", "reportedCurrency": "USD", "cik": "0001206264", "fillingDate": "2015-02-13", "acceptedDate": "2015-02-13 16:07:49", "calendarYear": "2014", "period": "FY", "revenue": 2989800000, "costOfRevenue": 1839400000, "grossProfit": 1150400000, "grossProfitRatio": 0.3847749013, "researchAndDevelopmentExpenses": 21600000, "generalAndAdministrativeExpenses": 280600000, "sellingAndMarketingExpenses": 619900000, "sellingGeneralAndAdministrativeExpenses": 900500000, "otherExpenses": 13700000, "operatingExpenses": 882400000, "costAndExpenses": 2721800000, "interestIncome": 0, "interestExpense": 91900000, "depreciationAndAmortization": 76300000, "ebitda": 366300000, "ebitdaratio": 0.1225165563, "operatingIncome": 276300000, "operatingIncomeRatio": 0.0924142083, "totalOtherIncomeExpensesNet": -1200000, "incomeBeforeTax": 174900000, "incomeBeforeTaxRatio": 0.0584988962, "incomeTaxExpense": 64900000, "netIncome": 108900000, "netIncomeRatio": 0.0364238411, "eps": 0.45, "epsdiluted": 0.44, "weightedAverageShsOut": 243200000, "weightedAverageShsOutDil": 248400000, "link": "https://www.sec.gov/Archives/edgar/data/1206264/000120626415000009/0001206264-15-000009-index.htm", "finalLink": "https://www.sec.gov/Archives/edgar/data/1206264/000120626415000009/tpx-20141231x10k.htm", "calculatedOtherExpenses": -48000000, "calculatedOperatingExpenses": 874100000, "calculatedNetInterest": -91900000, "calculatedOtherIncome": -9500000, "calculatedIncomeNonControlling": 1100000, "calculatedEbitda": 352600000}, {"date": "2013-12-31", "symbol": "TPX", "reportedCurrency": "USD", "cik": "0001206264", "fillingDate": "2014-02-21", "acceptedDate": "2014-02-21 16:18:35", "calendarYear": "2013", "period": "FY", "revenue": 2464300000, "costOfRevenue": 1449400000, "grossProfit": 1014900000, "grossProfitRatio": 0.4118410908, "researchAndDevelopmentExpenses": 21000000, "generalAndAdministrativeExpenses": 266300000, "sellingAndMarketingExpenses": 522900000, "sellingGeneralAndAdministrativeExpenses": 789200000, "otherExpenses": -5000000, "operatingExpenses": 775500000, "costAndExpenses": 2224900000, "interestIncome": 0, "interestExpense": 110800000, "depreciationAndAmortization": 74600000, "ebitda": 313400000, "ebitdaratio": 0.1271760743, "operatingIncome": 243800000, "operatingIncomeRatio": 0.0989327598, "totalOtherIncomeExpensesNet": -600000, "incomeBeforeTax": 128000000, "incomeBeforeTaxRatio": 0.0519417279, "incomeTaxExpense": 49100000, "netIncome": 74000000, "netIncomeRatio": 0.0300288114, "eps": 0.31, "epsdiluted": 0.3, "weightedAverageShsOut": 241200000, "weightedAverageShsOutDil": 246400000, "link": "https://www.sec.gov/Archives/edgar/data/1206264/000120626414000012/0001206264-14-000012-index.htm", "finalLink": "https://www.sec.gov/Archives/edgar/data/1206264/000120626414000012/tpx-20131231x10k.htm", "calculatedOtherExpenses": -39100000, "calculatedOperatingExpenses": 771100000, "calculatedNetInterest": -110800000, "calculatedOtherIncome": -5000000, "calculatedIncomeNonControlling": 4900000, "calculatedEbitda": 318400000}, {"date": "2012-12-31", "symbol": "TPX", "reportedCurrency": "USD", "cik": "0001206264", "fillingDate": "2013-02-01", "acceptedDate": "2013-02-01 16:36:29", "calendarYear": "2012", "period": "FY", "revenue": 1402900000, "costOfRevenue": 688300000, "grossProfit": 714600000, "grossProfitRatio": 0.5093734407, "researchAndDevelopmentExpenses": 15600000, "generalAndAdministrativeExpenses": 147200000, "sellingAndMarketingExpenses": 319100000, "sellingGeneralAndAdministrativeExpenses": 466300000, "otherExpenses": -300000, "operatingExpenses": 466300000, "costAndExpenses": 1154600000, "interestIncome": 0, "interestExpense": 18800000, "depreciationAndAmortization": 36300000, "ebitda": 284300000, "ebitdaratio": 0.2026516502, "operatingIncome": 248300000, "operatingIncomeRatio": 0.1769905196, "totalOtherIncomeExpensesNet": -300000, "incomeBeforeTax": 229200000, "incomeBeforeTaxRatio": 0.1633758643, "incomeTaxExpense": 122400000, "netIncome": 106800000, "netIncomeRatio": 0.0761280205, "eps": 0.44, "epsdiluted": 0.43, "weightedAverageShsOut": 246000000, "weightedAverageShsOutDil": 251600000, "link": "https://www.sec.gov/Archives/edgar/data/1206264/000120626413000006/0001206264-13-000006-index.htm", "finalLink": "https://www.sec.gov/Archives/edgar/data/1206264/000120626413000006/form10k.htm", "calculatedOtherExpenses": -15600000, "calculatedOperatingExpenses": 466300000, "calculatedNetInterest": -18800000, "calculatedOtherIncome": -300000, "calculatedIncomeNonControlling": 0, "calculatedEbitda": 284600000}, {"date": "2011-12-31", "symbol": "TPX", "reportedCurrency": "USD", "cik": "0001206264", "fillingDate": "2012-01-30", "acceptedDate": "2012-01-30 16:16:10", "calendarYear": "2011", "period": "FY", "revenue": 1417938000, "costOfRevenue": 674848000, "grossProfit": 743090000, "grossProfitRatio": 0.5240638166, "researchAndDevelopmentExpenses": 0, "generalAndAdministrativeExpenses": 125689000, "sellingAndMarketingExpenses": 276870000, "sellingGeneralAndAdministrativeExpenses": 402559000, "otherExpenses": 0, "operatingExpenses": 402559000, "costAndExpenses": 1077407000, "interestIncome": 0, "interestExpense": 11948000, "depreciationAndAmortization": 34295000, "ebitda": 374826000, "ebitdaratio": 0.2643458318, "operatingIncome": 340531000, "operatingIncomeRatio": 0.2401593017, "totalOtherIncomeExpensesNet": -192000, "incomeBeforeTax": 328391000, "incomeBeforeTaxRatio": 0.2315975734, "incomeTaxExpense": 108783000, "netIncome": 219608000, "netIncomeRatio": 0.154878422, "eps": 0.82, "epsdiluted": 0.8, "weightedAverageShsOut": 268280000, "weightedAverageShsOutDil": 276596000, "link": "https://www.sec.gov/Archives/edgar/data/1206264/000120626412000006/0001206264-12-000006-index.htm", "finalLink": "https://www.sec.gov/Archives/edgar/data/1206264/000120626412000006/form10k.htm", "calculatedOtherExpenses": 0, "calculatedOperatingExpenses": 402559000, "calculatedNetInterest": -11948000, "calculatedOtherIncome": -192000, "calculatedIncomeNonControlling": 0, "calculatedEbitda": 374826000}, {"date": "2010-12-31", "symbol": "TPX", "reportedCurrency": "USD", "cik": "0001206264", "fillingDate": "2011-01-31", "acceptedDate": "2011-01-31 16:22:00", "calendarYear": "2010", "period": "FY", "revenue": 1105421000, "costOfRevenue": 549994000, "grossProfit": 555427000, "grossProfitRatio": 0.5024574348, "researchAndDevelopmentExpenses": 0, "generalAndAdministrativeExpenses": 109803000, "sellingAndMarketingExpenses": 199722000, "sellingGeneralAndAdministrativeExpenses": 309525000, "otherExpenses": 0, "operatingExpenses": 309525000, "costAndExpenses": 859519000, "interestIncome": 0, "interestExpense": 14501000, "depreciationAndAmortization": 32361000, "ebitda": 278263000, "ebitdaratio": 0.2517258131, "operatingIncome": 245902000, "operatingIncomeRatio": 0.2224509938, "totalOtherIncomeExpensesNet": -536000, "incomeBeforeTax": 230865000, "incomeBeforeTaxRatio": 0.2088480317, "incomeTaxExpense": 73720000, "netIncome": 157145000, "netIncomeRatio": 0.1421585079, "eps": 0.56, "epsdiluted": 0.54, "weightedAverageShsOut": 281392000, "weightedAverageShsOutDil": 291168000, "link": "https://www.sec.gov/Archives/edgar/data/1206264/000120626411000004/0001206264-11-000004-index.htm", "finalLink": "https://www.sec.gov/Archives/edgar/data/1206264/000120626411000004/form10k.htm", "calculatedOtherExpenses": 0, "calculatedOperatingExpenses": 309525000, "calculatedNetInterest": -14501000, "calculatedOtherIncome": -536000, "calculatedIncomeNonControlling": 0, "calculatedEbitda": 278263000}, {"date": "2009-12-31", "symbol": "TPX", "reportedCurrency": "USD", "cik": "0001206264", "fillingDate": "2010-02-08", "acceptedDate": "2010-02-08 16:44:45", "calendarYear": "2009", "period": "FY", "revenue": 831156000, "costOfRevenue": 437414000, "grossProfit": 393742000, "grossProfitRatio": 0.4737281569, "researchAndDevelopmentExpenses": 0, "generalAndAdministrativeExpenses": 95357000, "sellingAndMarketingExpenses": 153440000, "sellingGeneralAndAdministrativeExpenses": 248797000, "otherExpenses": 0, "operatingExpenses": 248797000, "costAndExpenses": 686211000, "interestIncome": 0, "interestExpense": 17349000, "depreciationAndAmortization": 40905000, "ebitda": 185850000, "ebitdaratio": 0.2236042331, "operatingIncome": 144945000, "operatingIncomeRatio": 0.1743896453, "totalOtherIncomeExpensesNet": 441000, "incomeBeforeTax": 128037000, "incomeBeforeTaxRatio": 0.1540468937, "incomeTaxExpense": 43044000, "netIncome": 84993000, "netIncomeRatio": 0.1022587817, "eps": 0.28, "epsdiluted": 0.28, "weightedAverageShsOut": 299736000, "weightedAverageShsOutDil": 304192000, "link": "https://www.sec.gov/Archives/edgar/data/1206264/000120626410000008/0001206264-10-000008-index.htm", "finalLink": "https://www.sec.gov/Archives/edgar/data/1206264/000120626410000008/form10k.htm", "calculatedOtherExpenses": 0, "calculatedOperatingExpenses": 248797000, "calculatedNetInterest": -17349000, "calculatedOtherIncome": 441000, "calculatedIncomeNonControlling": 0, "calculatedEbitda": 185850000}, {"date": "2008-12-31", "symbol": "TPX", "reportedCurrency": "USD", "cik": "0001206264", "fillingDate": "2009-02-12", "acceptedDate": "2009-02-12 07:15:28", "calendarYear": "2008", "period": "FY", "revenue": 927818000, "costOfRevenue": 526861000, "grossProfit": 400957000, "grossProfitRatio": 0.4321504864, "researchAndDevelopmentExpenses": 0, "generalAndAdministrativeExpenses": 0, "sellingAndMarketingExpenses": 0, "sellingGeneralAndAdministrativeExpenses": 267093000, "otherExpenses": 267093000, "operatingExpenses": 267093000, "costAndExpenses": 793954000, "interestIncome": 0, "interestExpense": 0, "depreciationAndAmortization": 41857000, "ebitda": 177040000, "ebitdaratio": 0.1908132845, "operatingIncome": 133864000, "operatingIncomeRatio": 0.144278296, "totalOtherIncomeExpensesNet": -1319000, "incomeBeforeTax": 107422000, "incomeBeforeTaxRatio": 0.1157791722, "incomeTaxExpense": 48554000, "netIncome": 58868000, "netIncomeRatio": 0.0634477883, "eps": 0.2, "epsdiluted": 0.2, "weightedAverageShsOut": 298948000, "weightedAverageShsOutDil": 299636000, "link": "https://www.sec.gov/Archives/edgar/data/1206264/000120626409000004/0001206264-09-000004-index.htm", "finalLink": "https://www.sec.gov/Archives/edgar/data/1206264/000120626409000004/form10k.htm", "calculatedOtherExpenses": 0, "calculatedOperatingExpenses": 267093000, "calculatedNetInterest": 0, "calculatedOtherIncome": -26442000, "calculatedIncomeNonControlling": 0, "calculatedEbitda": 175721000}, {"date": "2007-12-31", "symbol": "TPX", "reportedCurrency": "USD", "cik": "0001206264", "fillingDate": "2008-02-29", "acceptedDate": "2008-02-29 07:32:41", "calendarYear": "2007", "period": "FY", "revenue": 1106722000, "costOfRevenue": 571896000, "grossProfit": 534826000, "grossProfitRatio": 0.4832523434, "researchAndDevelopmentExpenses": 5926000, "generalAndAdministrativeExpenses": 91212000, "sellingAndMarketingExpenses": 193574000, "sellingGeneralAndAdministrativeExpenses": 284786000, "otherExpenses": 284786000, "operatingExpenses": 290712000, "costAndExpenses": 862608000, "interestIncome": 0, "interestExpense": -30484000, "depreciationAndAmortization": 41045000, "ebitda": 285915000, "ebitdaratio": 0.2583440105, "operatingIncome": 244114000, "operatingIncomeRatio": 0.2205739111, "totalOtherIncomeExpensesNet": -756000, "incomeBeforeTax": 212874000, "incomeBeforeTaxRatio": 0.1923464068, "incomeTaxExpense": 71415000, "netIncome": 141459000, "netIncomeRatio": 0.1278180067, "eps": 0.44, "epsdiluted": 0.44, "weightedAverageShsOut": 319324000, "weightedAverageShsOutDil": 325024000, "link": "https://www.sec.gov/Archives/edgar/data/1206264/000120626408000008/0001206264-08-000008-index.htm", "finalLink": "https://www.sec.gov/Archives/edgar/data/1206264/000120626408000008/form10k.htm", "calculatedOtherExpenses": 0, "calculatedOperatingExpenses": 290712000, "calculatedNetInterest": 30484000, "calculatedOtherIncome": -61724000, "calculatedIncomeNonControlling": 0, "calculatedEbitda": 285159000}, {"date": "2006-12-31", "symbol": "TPX", "reportedCurrency": "USD", "cik": "0001206264", "fillingDate": "2007-02-28", "acceptedDate": "2007-02-28 17:12:49", "calendarYear": "2006", "period": "FY", "revenue": 945045000, "costOfRevenue": 484507000, "grossProfit": 460538000, "grossProfitRatio": 0.4873185933, "researchAndDevelopmentExpenses": 3728000, "generalAndAdministrativeExpenses": 75718000, "sellingAndMarketingExpenses": 171787000, "sellingGeneralAndAdministrativeExpenses": 247505000, "otherExpenses": 247505000, "operatingExpenses": 251233000, "costAndExpenses": 735740000, "interestIncome": 0, "interestExpense": -23920000, "depreciationAndAmortization": 26696000, "ebitda": 246621000, "ebitdaratio": 0.2609621764, "operatingIncome": 209305000, "operatingIncomeRatio": 0.221476226, "totalOtherIncomeExpensesNet": -10620000, "incomeBeforeTax": 174765000, "incomeBeforeTaxRatio": 0.1849277019, "incomeTaxExpense": 62443000, "netIncome": 112322000, "netIncomeRatio": 0.1188535996, "eps": 0.33, "epsdiluted": 0.32, "weightedAverageShsOut": 339688000, "weightedAverageShsOutDil": 350120000, "link": "https://www.sec.gov/Archives/edgar/data/1206264/000119312507042805/0001193125-07-042805-index.htm", "finalLink": "https://www.sec.gov/Archives/edgar/data/1206264/000119312507042805/d10k.htm", "calculatedOtherExpenses": 0, "calculatedOperatingExpenses": 251233000, "calculatedNetInterest": 23920000, "calculatedOtherIncome": -58460000, "calculatedIncomeNonControlling": 0, "calculatedEbitda": 236001000}, {"date": "2005-12-31", "symbol": "TPX", "reportedCurrency": "USD", "cik": "0001206264", "fillingDate": "2006-03-14", "acceptedDate": "2006-03-13 18:50:13", "calendarYear": "2005", "period": "FY", "revenue": 836732000, "costOfRevenue": 412790000, "grossProfit": 423942000, "grossProfitRatio": 0.5066640215, "researchAndDevelopmentExpenses": 2696000, "generalAndAdministrativeExpenses": 68204000, "sellingAndMarketingExpenses": 162188000, "sellingGeneralAndAdministrativeExpenses": 230392000, "otherExpenses": 230392000, "operatingExpenses": 233088000, "costAndExpenses": 645878000, "interestIncome": 0, "interestExpense": -20264000, "depreciationAndAmortization": 30035000, "ebitda": 225007000, "ebitdaratio": 0.2689116706, "operatingIncome": 190854000, "operatingIncomeRatio": 0.2280945392, "totalOtherIncomeExpensesNet": -4118000, "incomeBeforeTax": 166472000, "incomeBeforeTaxRatio": 0.198954982, "incomeTaxExpense": 67143000, "netIncome": 99329000, "netIncomeRatio": 0.1187106505, "eps": 0.25, "epsdiluted": 0.24, "weightedAverageShsOut": 392048000, "weightedAverageShsOutDil": 408576000, "link": "https://www.sec.gov/Archives/edgar/data/1206264/000119312506052513/0001193125-06-052513-index.htm", "finalLink": "https://www.sec.gov/Archives/edgar/data/1206264/000119312506052513/d10k.htm", "calculatedOtherExpenses": 0, "calculatedOperatingExpenses": 233088000, "calculatedNetInterest": 20264000, "calculatedOtherIncome": -44646000, "calculatedIncomeNonControlling": 0, "calculatedEbitda": 220889000}, {"date": "2004-12-31", "symbol": "TPX", "reportedCurrency": "USD", "cik": "0001206264", "fillingDate": "2005-03-08", "acceptedDate": "2005-03-08 17:18:48", "calendarYear": "2004", "period": "FY", "revenue": 684866000, "costOfRevenue": 323852000, "grossProfit": 361014000, "grossProfitRatio": 0.5271308548, "researchAndDevelopmentExpenses": 2283000, "generalAndAdministrativeExpenses": 68961000, "sellingAndMarketingExpenses": 138735000, "sellingGeneralAndAdministrativeExpenses": 207696000, "otherExpenses": 207696000, "operatingExpenses": 209979000, "costAndExpenses": 533831000, "interestIncome": 0, "interestExpense": -23550000, "depreciationAndAmortization": 32007000, "ebitda": 182959000, "ebitdaratio": 0.2671456898, "operatingIncome": 151035000, "operatingIncomeRatio": 0.2205321917, "totalOtherIncomeExpensesNet": -5298000, "incomeBeforeTax": 122187000, "incomeBeforeTaxRatio": 0.1784100831, "incomeTaxExpense": 47180000, "netIncome": 75007000, "netIncomeRatio": 0.1095206946, "eps": 0.19, "epsdiluted": 0.18, "weightedAverageShsOut": 390780000, "weightedAverageShsOutDil": 411504000, "link": "https://www.sec.gov/Archives/edgar/data/1206264/000119312505044732/0001193125-05-044732-index.htm", "finalLink": "https://www.sec.gov/Archives/edgar/data/1206264/000119312505044732/d10k.htm", "calculatedOtherExpenses": 0, "calculatedOperatingExpenses": 209979000, "calculatedNetInterest": 23550000, "calculatedOtherIncome": -52398000, "calculatedIncomeNonControlling": 0, "calculatedEbitda": 183042000}, {"date": "2003-12-31", "symbol": "TPX", "reportedCurrency": "USD", "cik": "0001206264", "fillingDate": "2004-03-30", "acceptedDate": "2004-03-30 16:02:38", "calendarYear": "2003", "period": "FY", "revenue": 479135000, "costOfRevenue": 223865000, "grossProfit": 255270000, "grossProfitRatio": 0.5327726006, "researchAndDevelopmentExpenses": 1495000, "generalAndAdministrativeExpenses": 50356000, "sellingAndMarketingExpenses": 106345000, "sellingGeneralAndAdministrativeExpenses": 156701000, "otherExpenses": 156701000, "operatingExpenses": 158196000, "costAndExpenses": 382061000, "interestIncome": 0, "interestExpense": -20539000, "depreciationAndAmortization": 22023000, "ebitda": 134430000, "ebitdaratio": 0.2805681071, "operatingIncome": 97074000, "operatingIncomeRatio": 0.2026026068, "totalOtherIncomeExpensesNet": -15333000, "incomeBeforeTax": 61202000, "incomeBeforeTaxRatio": 0.1277343546, "incomeTaxExpense": 23627000, "netIncome": 37575000, "netIncomeRatio": 0.078422574, "eps": 0.83, "epsdiluted": 0.0975, "weightedAverageShsOut": 31298780, "weightedAverageShsOutDil": 385384615, "link": "https://www.sec.gov/Archives/edgar/data/1206264/000119312504053868/0001193125-04-053868-index.htm", "finalLink": "https://www.sec.gov/Archives/edgar/data/1206264/000119312504053868/d10k.htm", "calculatedOtherExpenses": 0, "calculatedOperatingExpenses": 158196000, "calculatedNetInterest": 20539000, "calculatedOtherIncome": -56411000, "calculatedIncomeNonControlling": 0, "calculatedEbitda": 119097000}, {"date": "2002-12-31", "symbol": "TPX", "reportedCurrency": "USD", "cik": "0001206264", "fillingDate": "2002-12-31", "acceptedDate": "2002-12-30 19:00:00", "calendarYear": "2002", "period": "FY", "revenue": 297958000, "costOfRevenue": 148040000, "grossProfit": 149918000, "grossProfitRatio": 0.5031514509, "researchAndDevelopmentExpenses": 0, "generalAndAdministrativeExpenses": 0, "sellingAndMarketingExpenses": 0, "sellingGeneralAndAdministrativeExpenses": 0, "otherExpenses": 109343000, "operatingExpenses": 109343000, "costAndExpenses": 257383000, "interestIncome": 0, "interestExpense": 0, "depreciationAndAmortization": 1558000, "ebitda": 42133000, "ebitdaratio": 0.1414058357, "operatingIncome": 40575000, "operatingIncomeRatio": 0.1361769108, "totalOtherIncomeExpensesNet": -1558000, "incomeBeforeTax": 29770000, "incomeBeforeTaxRatio": 0.0999134106, "incomeTaxExpense": 22323000, "netIncome": 16694000, "netIncomeRatio": 0.0560280308, "eps": 0.53, "epsdiluted": -0.17, "weightedAverageShsOut": 31298780, "weightedAverageShsOutDil": 371285714, "link": "", "finalLink": "", "calculatedOtherExpenses": 109343000, "calculatedOperatingExpenses": 109343000, "calculatedNetInterest": 0, "calculatedOtherIncome": -10805000, "calculatedIncomeNonControlling": -9247000, "calculatedEbitda": 42133000}, {"date": "2001-12-31", "symbol": "TPX", "reportedCurrency": "USD", "cik": "0001206264", "fillingDate": "2001-12-31", "acceptedDate": "2001-12-30 19:00:00", "calendarYear": "2001", "period": "FY", "revenue": 221514000, "costOfRevenue": 107569000, "grossProfit": 113945000, "grossProfitRatio": 0.5143918669, "researchAndDevelopmentExpenses": 0, "generalAndAdministrativeExpenses": 0, "sellingAndMarketingExpenses": 0, "sellingGeneralAndAdministrativeExpenses": 0, "otherExpenses": 83574000, "operatingExpenses": 83574000, "costAndExpenses": 191143000, "interestIncome": 0, "interestExpense": 0, "depreciationAndAmortization": 0, "ebitda": 30371000, "ebitdaratio": 0.1371064583, "operatingIncome": 30371000, "operatingIncomeRatio": 0.1371064583, "totalOtherIncomeExpensesNet": -6871000, "incomeBeforeTax": 23500000, "incomeBeforeTaxRatio": 0.1060881028, "incomeTaxExpense": 11643000, "netIncome": 11857000, "netIncomeRatio": 0.0535270908, "eps": 0.38, "epsdiluted": 0.0319, "weightedAverageShsOut": 31298780, "weightedAverageShsOutDil": 371285714, "link": "", "finalLink": "", "calculatedOtherExpenses": 83574000, "calculatedOperatingExpenses": 83574000, "calculatedNetInterest": 0, "calculatedOtherIncome": -6871000, "calculatedIncomeNonControlling": 0, "calculatedEbitda": 30371000}, {"date": "2000-12-31", "symbol": "TPX", "reportedCurrency": "USD", "cik": "0001206264", "fillingDate": "2000-12-31", "acceptedDate": "2000-12-30 19:00:00", "calendarYear": "2000", "period": "FY", "revenue": 161969000, "costOfRevenue": 89450000, "grossProfit": 72519000, "grossProfitRatio": 0.4477338256, "researchAndDevelopmentExpenses": 0, "generalAndAdministrativeExpenses": 0, "sellingAndMarketingExpenses": 0, "sellingGeneralAndAdministrativeExpenses": 0, "otherExpenses": 50081000, "operatingExpenses": 50081000, "costAndExpenses": 139531000, "interestIncome": 0, "interestExpense": 0, "depreciationAndAmortization": 0, "ebitda": 22438000, "ebitdaratio": 0.1385326822, "operatingIncome": 22438000, "operatingIncomeRatio": 0.1385326822, "totalOtherIncomeExpensesNet": -3172000, "incomeBeforeTax": 19266000, "incomeBeforeTaxRatio": 0.1189486877, "incomeTaxExpense": 6688000, "netIncome": 12578000, "netIncomeRatio": 0.0776568356, "eps": 0.4, "epsdiluted": 0.0339, "weightedAverageShsOut": 31298780, "weightedAverageShsOutDil": 371285714, "link": "", "finalLink": "", "calculatedOtherExpenses": 50081000, "calculatedOperatingExpenses": 50081000, "calculatedNetInterest": 0, "calculatedOtherIncome": -3172000, "calculatedIncomeNonControlling": 0, "calculatedEbitda": 22438000}]}