{"originalCurrency": "USD", "convertedCurrency": "USD", "report": [{"date": "2023-12-31", "symbol": "TR", "reportedCurrency": "USD", "cik": "0000098677", "fillingDate": "2024-02-29", "acceptedDate": "2024-02-28 18:01:01", "calendarYear": "2023", "period": "FY", "revenue": 769365000, "costOfRevenue": 511940000, "grossProfit": 257425000, "grossProfitRatio": 0.3345941133, "researchAndDevelopmentExpenses": 0, "generalAndAdministrativeExpenses": 89547000, "sellingAndMarketingExpenses": 65465000, "sellingGeneralAndAdministrativeExpenses": 155012000, "otherExpenses": 506000, "operatingExpenses": 155012000, "costAndExpenses": 666952000, "interestIncome": 5211000, "interestExpense": 337000, "depreciationAndAmortization": 18243000, "ebitda": 120656000, "ebitdaratio": 0.156825434, "operatingIncome": 102413000, "operatingIncomeRatio": 0.1331136717, "totalOtherIncomeExpensesNet": 17481000, "incomeBeforeTax": 119894000, "incomeBeforeTaxRatio": 0.1558350068, "incomeTaxExpense": 28008000, "netIncome": 91912000, "netIncomeRatio": 0.1194647534, "eps": 1.28, "epsdiluted": 1.28, "weightedAverageShsOut": 71921810, "weightedAverageShsOutDil": 71921810, "link": "https://www.sec.gov/Archives/edgar/data/98677/000155837024002048/0001558370-24-002048-index.htm", "finalLink": "https://www.sec.gov/Archives/edgar/data/98677/000155837024002048/tr-20231231x10k.htm", "calculatedOtherExpenses": 0, "calculatedOperatingExpenses": 155012000, "calculatedNetInterest": 4874000, "calculatedOtherIncome": 12607000, "calculatedIncomeNonControlling": -26000, "calculatedEbitda": 120656000}, {"date": "2022-12-31", "symbol": "TR", "reportedCurrency": "USD", "cik": "0000098677", "fillingDate": "2023-03-01", "acceptedDate": "2023-03-01 10:55:58", "calendarYear": "2022", "period": "FY", "revenue": 681440000, "costOfRevenue": 454239000, "grossProfit": 227201000, "grossProfitRatio": 0.3334130664, "researchAndDevelopmentExpenses": 0, "generalAndAdministrativeExpenses": 54634000, "sellingAndMarketingExpenses": 67342000, "sellingGeneralAndAdministrativeExpenses": 121976000, "otherExpenses": 805000, "operatingExpenses": 121976000, "costAndExpenses": 576215000, "interestIncome": 2641000, "interestExpense": 104000, "depreciationAndAmortization": 21114000, "ebitda": 131869000, "ebitdaratio": 0.1935152031, "operatingIncome": 110755000, "operatingIncomeRatio": 0.1625308171, "totalOtherIncomeExpensesNet": -12614000, "incomeBeforeTax": 98141000, "incomeBeforeTaxRatio": 0.1440200164, "incomeTaxExpense": 22249000, "netIncome": 75937000, "netIncomeRatio": 0.1114360765, "eps": 1.04, "epsdiluted": 1.04, "weightedAverageShsOut": 73020688, "weightedAverageShsOutDil": 73020688, "link": "https://www.sec.gov/Archives/edgar/data/98677/000155837023002502/0001558370-23-002502-index.htm", "finalLink": "https://www.sec.gov/Archives/edgar/data/98677/000155837023002502/tr-20221231x10k.htm", "calculatedOtherExpenses": -5530000, "calculatedOperatingExpenses": 116446000, "calculatedNetInterest": 2537000, "calculatedOtherIncome": -15151000, "calculatedIncomeNonControlling": -45000, "calculatedEbitda": 131869000}, {"date": "2021-12-31", "symbol": "TR", "reportedCurrency": "USD", "cik": "0000098677", "fillingDate": "2022-03-01", "acceptedDate": "2022-03-01 10:00:45", "calendarYear": "2021", "period": "FY", "revenue": 566043000, "costOfRevenue": 371535000, "grossProfit": 194508000, "grossProfitRatio": 0.3436276043, "researchAndDevelopmentExpenses": 0, "generalAndAdministrativeExpenses": 76819000, "sellingAndMarketingExpenses": 55289000, "sellingGeneralAndAdministrativeExpenses": 132108000, "otherExpenses": 1028000, "operatingExpenses": 132108000, "costAndExpenses": 503643000, "interestIncome": 2740000, "interestExpense": 46000, "depreciationAndAmortization": 21338000, "ebitda": 88471000, "ebitdaratio": 0.1562973131, "operatingIncome": 67133000, "operatingIncomeRatio": 0.1186005303, "totalOtherIncomeExpensesNet": 18596000, "incomeBeforeTax": 85729000, "incomeBeforeTaxRatio": 0.1514531582, "incomeTaxExpense": 20421000, "netIncome": 65326000, "netIncomeRatio": 0.1154081934, "eps": 0.89, "epsdiluted": 0.89, "weightedAverageShsOut": 73683677, "weightedAverageShsOutDil": 73683677, "link": "https://www.sec.gov/Archives/edgar/data/98677/000155837022002480/0001558370-22-002480-index.htm", "finalLink": "https://www.sec.gov/Archives/edgar/data/98677/000155837022002480/tr-20211231x10k.htm", "calculatedOtherExpenses": -4733000, "calculatedOperatingExpenses": 127375000, "calculatedNetInterest": 2694000, "calculatedOtherIncome": 15902000, "calculatedIncomeNonControlling": -18000, "calculatedEbitda": 88471000}, {"date": "2020-12-31", "symbol": "TR", "reportedCurrency": "USD", "cik": "0000098677", "fillingDate": "2021-03-01", "acceptedDate": "2021-03-01 13:01:21", "calendarYear": "2020", "period": "FY", "revenue": 471063000, "costOfRevenue": 300702000, "grossProfit": 170361000, "grossProfitRatio": 0.3616522631, "researchAndDevelopmentExpenses": 0, "generalAndAdministrativeExpenses": 69524000, "sellingAndMarketingExpenses": 42593000, "sellingGeneralAndAdministrativeExpenses": 112117000, "otherExpenses": 1124000, "operatingExpenses": 112117000, "costAndExpenses": 412819000, "interestIncome": 4005000, "interestExpense": 164000, "depreciationAndAmortization": 23313000, "ebitda": 81557000, "ebitdaratio": 0.1731339545, "operatingIncome": 58244000, "operatingIncomeRatio": 0.1236437589, "totalOtherIncomeExpensesNet": 18018000, "incomeBeforeTax": 76262000, "incomeBeforeTaxRatio": 0.1618934198, "incomeTaxExpense": 17288000, "netIncome": 58995000, "netIncomeRatio": 0.1252380255, "eps": 0.79, "epsdiluted": 0.79, "weightedAverageShsOut": 74859846, "weightedAverageShsOutDil": 74859846, "link": "https://www.sec.gov/Archives/edgar/data/98677/000155837021002125/0001558370-21-002125-index.htm", "finalLink": "https://www.sec.gov/Archives/edgar/data/98677/000155837021002125/tr-20201231x10k.htm", "calculatedOtherExpenses": 0, "calculatedOperatingExpenses": 112117000, "calculatedNetInterest": 3841000, "calculatedOtherIncome": 14177000, "calculatedIncomeNonControlling": -21000, "calculatedEbitda": 81557000}, {"date": "2019-12-31", "symbol": "TR", "reportedCurrency": "USD", "cik": "0000098677", "fillingDate": "2020-02-28", "acceptedDate": "2020-02-28 16:02:40", "calendarYear": "2019", "period": "FY", "revenue": 523616000, "costOfRevenue": 330097000, "grossProfit": 193519000, "grossProfitRatio": 0.3695819074, "researchAndDevelopmentExpenses": 0, "generalAndAdministrativeExpenses": 78514000, "sellingAndMarketingExpenses": 49288000, "sellingGeneralAndAdministrativeExpenses": 127802000, "otherExpenses": 1228000, "operatingExpenses": 127802000, "costAndExpenses": 457899000, "interestIncome": 4423000, "interestExpense": 220000, "depreciationAndAmortization": 24430000, "ebitda": 93644000, "ebitdaratio": 0.1788409827, "operatingIncome": 69214000, "operatingIncomeRatio": 0.1321846544, "totalOtherIncomeExpensesNet": 16190000, "incomeBeforeTax": 85404000, "incomeBeforeTaxRatio": 0.1631042596, "incomeTaxExpense": 20565000, "netIncome": 64920000, "netIncomeRatio": 0.1239839883, "eps": 0.86, "epsdiluted": 0.86, "weightedAverageShsOut": 75902317, "weightedAverageShsOutDil": 75902317, "link": "https://www.sec.gov/Archives/edgar/data/98677/000155837020001773/0001558370-20-001773-index.htm", "finalLink": "https://www.sec.gov/Archives/edgar/data/98677/000155837020001773/tr-20191231x10k96d800.htm", "calculatedOtherExpenses": -3497000, "calculatedOperatingExpenses": 124305000, "calculatedNetInterest": 4203000, "calculatedOtherIncome": 11987000, "calculatedIncomeNonControlling": -81000, "calculatedEbitda": 93644000}, {"date": "2018-12-31", "symbol": "TR", "reportedCurrency": "USD", "cik": "0000098677", "fillingDate": "2019-03-01", "acceptedDate": "2019-03-01 11:02:06", "calendarYear": "2018", "period": "FY", "revenue": 518920000, "costOfRevenue": 330747000, "grossProfit": 188173000, "grossProfitRatio": 0.3626242966, "researchAndDevelopmentExpenses": 0, "generalAndAdministrativeExpenses": 68164000, "sellingAndMarketingExpenses": 49527000, "sellingGeneralAndAdministrativeExpenses": 117691000, "otherExpenses": 1132000, "operatingExpenses": 117691000, "costAndExpenses": 448438000, "interestIncome": 3535000, "interestExpense": 181000, "depreciationAndAmortization": 18669000, "ebitda": 93818000, "ebitdaratio": 0.1807947275, "operatingIncome": 70482000, "operatingIncomeRatio": 0.1358244045, "totalOtherIncomeExpensesNet": -630000, "incomeBeforeTax": 73206000, "incomeBeforeTaxRatio": 0.1410737686, "incomeTaxExpense": 16401000, "netIncome": 56893000, "netIncomeRatio": 0.1096373237, "eps": 0.76, "epsdiluted": 0.76, "weightedAverageShsOut": 74384112, "weightedAverageShsOutDil": 74384112, "link": "https://www.sec.gov/Archives/edgar/data/98677/000155837019001395/0001558370-19-001395-index.htm", "finalLink": "https://www.sec.gov/Archives/edgar/data/98677/000155837019001395/tr-20181231x10k.htm", "calculatedOtherExpenses": 0, "calculatedOperatingExpenses": 117691000, "calculatedNetInterest": 3354000, "calculatedOtherIncome": -630000, "calculatedIncomeNonControlling": -88000, "calculatedEbitda": 89151000}, {"date": "2017-12-31", "symbol": "TR", "reportedCurrency": "USD", "cik": "0000098677", "fillingDate": "2018-03-01", "acceptedDate": "2018-03-01 11:01:33", "calendarYear": "2017", "period": "FY", "revenue": 519289000, "costOfRevenue": 326896000, "grossProfit": 192393000, "grossProfitRatio": 0.3704931165, "researchAndDevelopmentExpenses": 0, "generalAndAdministrativeExpenses": 76895000, "sellingAndMarketingExpenses": 44082000, "sellingGeneralAndAdministrativeExpenses": 120977000, "otherExpenses": 202000, "operatingExpenses": 120977000, "costAndExpenses": 447873000, "interestIncome": 2851000, "interestExpense": 144000, "depreciationAndAmortization": 18991000, "ebitda": 93460000, "ebitdaratio": 0.179976853, "operatingIncome": 71416000, "operatingIncomeRatio": 0.1375265026, "totalOtherIncomeExpensesNet": 10438000, "incomeBeforeTax": 84561000, "incomeBeforeTaxRatio": 0.16283996, "incomeTaxExpense": 3907000, "netIncome": 80864000, "netIncomeRatio": 0.1557206103, "eps": 1.08, "epsdiluted": 1.08, "weightedAverageShsOut": 75366320, "weightedAverageShsOutDil": 75366320, "link": "https://www.sec.gov/Archives/edgar/data/98677/000155837018001364/0001558370-18-001364-index.htm", "finalLink": "https://www.sec.gov/Archives/edgar/data/98677/000155837018001364/tr-20171231x10k.htm", "calculatedOtherExpenses": 0, "calculatedOperatingExpenses": 120977000, "calculatedNetInterest": 2707000, "calculatedOtherIncome": 10438000, "calculatedIncomeNonControlling": -210000, "calculatedEbitda": 90407000}, {"date": "2016-12-31", "symbol": "TR", "reportedCurrency": "USD", "cik": "0000098677", "fillingDate": "2017-02-27", "acceptedDate": "2017-02-27 11:15:20", "calendarYear": "2016", "period": "FY", "revenue": 521100000, "costOfRevenue": 321309000, "grossProfit": 199791000, "grossProfitRatio": 0.383402418, "researchAndDevelopmentExpenses": 0, "generalAndAdministrativeExpenses": 66618000, "sellingAndMarketingExpenses": 40759000, "sellingGeneralAndAdministrativeExpenses": 107377000, "otherExpenses": 153000, "operatingExpenses": 107377000, "costAndExpenses": 428686000, "interestIncome": 2130000, "interestExpense": 105000, "depreciationAndAmortization": 19627000, "ebitda": 114324000, "ebitdaratio": 0.2193897524, "operatingIncome": 92414000, "operatingIncomeRatio": 0.1773440798, "totalOtherIncomeExpensesNet": 3473000, "incomeBeforeTax": 97912000, "incomeBeforeTaxRatio": 0.1878948378, "incomeTaxExpense": 30593000, "netIncome": 67510000, "netIncomeRatio": 0.1295528689, "eps": 0.88, "epsdiluted": 0.88, "weightedAverageShsOut": 76459921, "weightedAverageShsOutDil": 76459921, "link": "https://www.sec.gov/Archives/edgar/data/98677/000155837017001046/0001558370-17-001046-index.htm", "finalLink": "https://www.sec.gov/Archives/edgar/data/98677/000155837017001046/tr-20161231x10k.htm", "calculatedOtherExpenses": 0, "calculatedOperatingExpenses": 107377000, "calculatedNetInterest": 2025000, "calculatedOtherIncome": 3473000, "calculatedIncomeNonControlling": -191000, "calculatedEbitda": 112041000}, {"date": "2015-12-31", "symbol": "TR", "reportedCurrency": "USD", "cik": "0000098677", "fillingDate": "2016-02-26", "acceptedDate": "2016-02-26 06:16:48", "calendarYear": "2015", "period": "FY", "revenue": 540112000, "costOfRevenue": 340979000, "grossProfit": 199133000, "grossProfitRatio": 0.3686883461, "researchAndDevelopmentExpenses": 0, "generalAndAdministrativeExpenses": 65432000, "sellingAndMarketingExpenses": 42619000, "sellingGeneralAndAdministrativeExpenses": 108051000, "otherExpenses": 128000, "operatingExpenses": 108051000, "costAndExpenses": 449030000, "interestIncome": 1421000, "interestExpense": 76000, "depreciationAndAmortization": 20388000, "ebitda": 113019000, "ebitdaratio": 0.2092510442, "operatingIncome": 91082000, "operatingIncomeRatio": 0.1686353941, "totalOtherIncomeExpensesNet": 151000, "incomeBeforeTax": 92578000, "incomeBeforeTaxRatio": 0.17140519, "incomeTaxExpense": 26451000, "netIncome": 66089000, "netIncomeRatio": 0.1223616583, "eps": 0.85, "epsdiluted": 0.85, "weightedAverageShsOut": 77736386, "weightedAverageShsOutDil": 77736386, "link": "https://www.sec.gov/Archives/edgar/data/98677/000155837016003574/0001558370-16-003574-index.htm", "finalLink": "https://www.sec.gov/Archives/edgar/data/98677/000155837016003574/tr-20151231x10k.htm", "calculatedOtherExpenses": 0, "calculatedOperatingExpenses": 108051000, "calculatedNetInterest": 1345000, "calculatedOtherIncome": 151000, "calculatedIncomeNonControlling": 38000, "calculatedEbitda": 111470000}, {"date": "2014-12-31", "symbol": "TR", "reportedCurrency": "USD", "cik": "0000098677", "fillingDate": "2015-02-27", "acceptedDate": "2015-02-27 06:14:05", "calendarYear": "2014", "period": "FY", "revenue": 543525000, "costOfRevenue": 341880000, "grossProfit": 201645000, "grossProfitRatio": 0.3709948944, "researchAndDevelopmentExpenses": 0, "generalAndAdministrativeExpenses": 71197000, "sellingAndMarketingExpenses": 46525000, "sellingGeneralAndAdministrativeExpenses": 117722000, "otherExpenses": 27000, "operatingExpenses": 117722000, "costAndExpenses": 459602000, "interestIncome": 1582000, "interestExpense": 99000, "depreciationAndAmortization": 20758000, "ebitda": 106290000, "ebitdaratio": 0.1955567821, "operatingIncome": 83923000, "operatingIncomeRatio": 0.1544050412, "totalOtherIncomeExpensesNet": 5888000, "incomeBeforeTax": 91294000, "incomeBeforeTaxRatio": 0.1679665149, "incomeTaxExpense": 28434000, "netIncome": 63298000, "netIncomeRatio": 0.1164583046, "eps": 0.8, "epsdiluted": 0.8, "weightedAverageShsOut": 78924695, "weightedAverageShsOutDil": 78924695, "link": "https://www.sec.gov/Archives/edgar/data/98677/000155837015000212/0001558370-15-000212-index.htm", "finalLink": "https://www.sec.gov/Archives/edgar/data/98677/000155837015000212/tr-20141231x10k.htm", "calculatedOtherExpenses": 0, "calculatedOperatingExpenses": 117722000, "calculatedNetInterest": 1483000, "calculatedOtherIncome": 5888000, "calculatedIncomeNonControlling": -438000, "calculatedEbitda": 104681000}, {"date": "2013-12-31", "symbol": "TR", "reportedCurrency": "USD", "cik": "0000098677", "fillingDate": "2014-02-28", "acceptedDate": "2014-02-28 06:01:29", "calendarYear": "2013", "period": "FY", "revenue": 543383000, "costOfRevenue": 351897000, "grossProfit": 191486000, "grossProfitRatio": 0.352396008, "researchAndDevelopmentExpenses": 0, "generalAndAdministrativeExpenses": 73766000, "sellingAndMarketingExpenses": 45367000, "sellingGeneralAndAdministrativeExpenses": 119133000, "otherExpenses": 2921000, "operatingExpenses": 119133000, "costAndExpenses": 471030000, "interestIncome": 1445000, "interestExpense": 92000, "depreciationAndAmortization": 20050000, "ebitda": 95802000, "ebitdaratio": 0.176306583, "operatingIncome": 72353000, "operatingIncomeRatio": 0.133152859, "totalOtherIncomeExpensesNet": 10777000, "incomeBeforeTax": 84483000, "incomeBeforeTaxRatio": 0.1554759718, "incomeTaxExpense": 23634000, "netIncome": 60849000, "netIncomeRatio": 0.1119817882, "eps": 0.76, "epsdiluted": 0.76, "weightedAverageShsOut": 80053535, "weightedAverageShsOutDil": 80053535, "link": "https://www.sec.gov/Archives/edgar/data/98677/000110465914014392/0001104659-14-014392-index.htm", "finalLink": "https://www.sec.gov/Archives/edgar/data/98677/000110465914014392/a13-25823_210k.htm", "calculatedOtherExpenses": 0, "calculatedOperatingExpenses": 119133000, "calculatedNetInterest": 1353000, "calculatedOtherIncome": 10777000, "calculatedIncomeNonControlling": 0, "calculatedEbitda": 92403000}, {"date": "2012-12-31", "symbol": "TR", "reportedCurrency": "USD", "cik": "0000098677", "fillingDate": "2013-03-01", "acceptedDate": "2013-03-01 06:04:10", "calendarYear": "2012", "period": "FY", "revenue": 549870000, "costOfRevenue": 366549000, "grossProfit": 183321000, "grossProfitRatio": 0.3333897103, "researchAndDevelopmentExpenses": 0, "generalAndAdministrativeExpenses": 68770000, "sellingAndMarketingExpenses": 45072000, "sellingGeneralAndAdministrativeExpenses": 113842000, "otherExpenses": 264000, "operatingExpenses": 113842000, "costAndExpenses": 480391000, "interestIncome": 1369000, "interestExpense": 137000, "depreciationAndAmortization": 19925000, "ebitda": 90018000, "ebitdaratio": 0.1637077855, "operatingIncome": 69479000, "operatingIncomeRatio": 0.1263553203, "totalOtherIncomeExpensesNet": 3453000, "incomeBeforeTax": 74164000, "incomeBeforeTaxRatio": 0.134875516, "incomeTaxExpense": 22160000, "netIncome": 52004000, "netIncomeRatio": 0.0945750814, "eps": 0.64, "epsdiluted": 0.64, "weightedAverageShsOut": 81219521, "weightedAverageShsOutDil": 81219521, "link": "https://www.sec.gov/Archives/edgar/data/98677/000110465913016402/0001104659-13-016402-index.htm", "finalLink": "https://www.sec.gov/Archives/edgar/data/98677/000110465913016402/a12-28786_210k.htm", "calculatedOtherExpenses": 0, "calculatedOperatingExpenses": 113842000, "calculatedNetInterest": 1232000, "calculatedOtherIncome": 3453000, "calculatedIncomeNonControlling": 0, "calculatedEbitda": 89404000}, {"date": "2011-12-31", "symbol": "TR", "reportedCurrency": "USD", "cik": "0000098677", "fillingDate": "2012-02-29", "acceptedDate": "2012-02-29 12:14:46", "calendarYear": "2011", "period": "FY", "revenue": 532505000, "costOfRevenue": 366263000, "grossProfit": 166242000, "grossProfitRatio": 0.3121886179, "researchAndDevelopmentExpenses": 0, "generalAndAdministrativeExpenses": 0, "sellingAndMarketingExpenses": 0, "sellingGeneralAndAdministrativeExpenses": 108276000, "otherExpenses": 0, "operatingExpenses": 108276000, "costAndExpenses": 474539000, "interestIncome": 1087000, "interestExpense": 121000, "depreciationAndAmortization": 19229000, "ebitda": 78088000, "ebitdaratio": 0.1466427545, "operatingIncome": 57966000, "operatingIncomeRatio": 0.1088553159, "totalOtherIncomeExpensesNet": 1980000, "incomeBeforeTax": 60912000, "incomeBeforeTaxRatio": 0.1143876583, "incomeTaxExpense": 16974000, "netIncome": 43938000, "netIncomeRatio": 0.0825119013, "eps": 0.54, "epsdiluted": 0.54, "weightedAverageShsOut": 82445238, "weightedAverageShsOutDil": 82445238, "link": "https://www.sec.gov/Archives/edgar/data/98677/000110465912014416/0001104659-12-014416-index.htm", "finalLink": "https://www.sec.gov/Archives/edgar/data/98677/000110465912014416/a11-31190_210k.htm", "calculatedOtherExpenses": 0, "calculatedOperatingExpenses": 108276000, "calculatedNetInterest": 966000, "calculatedOtherIncome": 1980000, "calculatedIncomeNonControlling": 0, "calculatedEbitda": 77195000}, {"date": "2010-12-31", "symbol": "TR", "reportedCurrency": "USD", "cik": "0000098677", "fillingDate": "2011-03-01", "acceptedDate": "2011-03-01 15:28:33", "calendarYear": "2010", "period": "FY", "revenue": 521448000, "costOfRevenue": 349401000, "grossProfit": 172047000, "grossProfitRatio": 0.329940857, "researchAndDevelopmentExpenses": 0, "generalAndAdministrativeExpenses": 0, "sellingAndMarketingExpenses": 0, "sellingGeneralAndAdministrativeExpenses": 106316000, "otherExpenses": 0, "operatingExpenses": 106316000, "costAndExpenses": 455717000, "interestIncome": 879000, "interestExpense": 142000, "depreciationAndAmortization": 18279000, "ebitda": 84547000, "ebitdaratio": 0.1621388902, "operatingIncome": 65731000, "operatingIncomeRatio": 0.1260547552, "totalOtherIncomeExpensesNet": 7621000, "incomeBeforeTax": 74089000, "incomeBeforeTaxRatio": 0.1420831991, "incomeTaxExpense": 20375000, "netIncome": 53714000, "netIncomeRatio": 0.1030093125, "eps": 0.64, "epsdiluted": 0.64, "weightedAverageShsOut": 83604957, "weightedAverageShsOutDil": 83604957, "link": "https://www.sec.gov/Archives/edgar/data/98677/000110465911011443/0001104659-11-011443-index.htm", "finalLink": "https://www.sec.gov/Archives/edgar/data/98677/000110465911011443/a11-2325_210k.htm", "calculatedOtherExpenses": 0, "calculatedOperatingExpenses": 106316000, "calculatedNetInterest": 737000, "calculatedOtherIncome": 7621000, "calculatedIncomeNonControlling": 0, "calculatedEbitda": 84010000}, {"date": "2009-12-31", "symbol": "TR", "reportedCurrency": "USD", "cik": "0000098677", "fillingDate": "2010-03-01", "acceptedDate": "2010-03-01 14:53:52", "calendarYear": "2009", "period": "FY", "revenue": 499331000, "costOfRevenue": 319497000, "grossProfit": 179834000, "grossProfitRatio": 0.3601498805, "researchAndDevelopmentExpenses": 0, "generalAndAdministrativeExpenses": 0, "sellingAndMarketingExpenses": 0, "sellingGeneralAndAdministrativeExpenses": 103755000, "otherExpenses": 0, "operatingExpenses": 103755000, "costAndExpenses": 423252000, "interestIncome": 1439000, "interestExpense": 243000, "depreciationAndAmortization": 17862000, "ebitda": 95380000, "ebitdaratio": 0.1910155788, "operatingIncome": 62079000, "operatingIncomeRatio": 0.124324346, "totalOtherIncomeExpensesNet": -13096000, "incomeBeforeTax": 64179000, "incomeBeforeTaxRatio": 0.1285299731, "incomeTaxExpense": 10704000, "netIncome": 53475000, "netIncomeRatio": 0.1070932908, "eps": 0.63, "epsdiluted": 0.63, "weightedAverageShsOut": 84790199, "weightedAverageShsOutDil": 84790199, "link": "https://www.sec.gov/Archives/edgar/data/98677/000110465910010655/0001104659-10-010655-index.htm", "finalLink": "https://www.sec.gov/Archives/edgar/data/98677/000110465910010655/a09-36223_210k.htm", "calculatedOtherExpenses": 14000000, "calculatedOperatingExpenses": 117755000, "calculatedNetInterest": 1196000, "calculatedOtherIncome": 904000, "calculatedIncomeNonControlling": 0, "calculatedEbitda": 79941000}, {"date": "2008-12-31", "symbol": "TR", "reportedCurrency": "USD", "cik": "0000098677", "fillingDate": "2009-03-02", "acceptedDate": "2009-03-02 14:53:36", "calendarYear": "2008", "period": "FY", "revenue": 496016000, "costOfRevenue": 334235000, "grossProfit": 161781000, "grossProfitRatio": 0.3261608497, "researchAndDevelopmentExpenses": 0, "generalAndAdministrativeExpenses": 0, "sellingAndMarketingExpenses": 0, "sellingGeneralAndAdministrativeExpenses": 95254000, "otherExpenses": 0, "operatingExpenses": 95254000, "costAndExpenses": 429489000, "interestIncome": 3451000, "interestExpense": 378000, "depreciationAndAmortization": 17036000, "ebitda": 87014000, "ebitdaratio": 0.1754257927, "operatingIncome": 66527000, "operatingIncomeRatio": 0.1341226896, "totalOtherIncomeExpensesNet": -13691000, "incomeBeforeTax": 55909000, "incomeBeforeTaxRatio": 0.1127161221, "incomeTaxExpense": 17132000, "netIncome": 38777000, "netIncomeRatio": 0.0781769136, "eps": 0.45, "epsdiluted": 0.45, "weightedAverageShsOut": 85913583, "weightedAverageShsOutDil": 86171177, "link": "https://www.sec.gov/Archives/edgar/data/98677/000110465909013455/0001104659-09-013455-index.htm", "finalLink": "https://www.sec.gov/Archives/edgar/data/98677/000110465909013455/a09-5878_310k.htm", "calculatedOtherExpenses": 0, "calculatedOperatingExpenses": 95254000, "calculatedNetInterest": 3073000, "calculatedOtherIncome": -13691000, "calculatedIncomeNonControlling": 0, "calculatedEbitda": 83563000}, {"date": "2007-12-31", "symbol": "TR", "reportedCurrency": "USD", "cik": "0000098677", "fillingDate": "2008-02-29", "acceptedDate": "2008-02-28 19:27:43", "calendarYear": "2007", "period": "FY", "revenue": 497717000, "costOfRevenue": 329044000, "grossProfit": 168673000, "grossProfitRatio": 0.3388933872, "researchAndDevelopmentExpenses": 0, "generalAndAdministrativeExpenses": 0, "sellingAndMarketingExpenses": 0, "sellingGeneralAndAdministrativeExpenses": 97821000, "otherExpenses": 0, "operatingExpenses": 97821000, "costAndExpenses": 426865000, "interestIncome": 0, "interestExpense": 0, "depreciationAndAmortization": 16380000, "ebitda": 85877000, "ebitdaratio": 0.172541826, "operatingIncome": 70852000, "operatingIncomeRatio": 0.1423539883, "totalOtherIncomeExpensesNet": 1355000, "incomeBeforeTax": 77167000, "incomeBeforeTaxRatio": 0.1550419214, "incomeTaxExpense": 25542000, "netIncome": 51625000, "netIncomeRatio": 0.103723602, "eps": 0.58, "epsdiluted": 0.58, "weightedAverageShsOut": 88157586, "weightedAverageShsOutDil": 88157586, "link": "https://www.sec.gov/Archives/edgar/data/98677/000110465908013904/0001104659-08-013904-index.htm", "finalLink": "https://www.sec.gov/Archives/edgar/data/98677/000110465908013904/a08-5592_210k.htm", "calculatedOtherExpenses": 0, "calculatedOperatingExpenses": 97821000, "calculatedNetInterest": 0, "calculatedOtherIncome": 6315000, "calculatedIncomeNonControlling": 0, "calculatedEbitda": 87232000}, {"date": "2006-12-31", "symbol": "TR", "reportedCurrency": "USD", "cik": "0000098677", "fillingDate": "2007-02-28", "acceptedDate": "2007-02-28 15:57:27", "calendarYear": "2006", "period": "FY", "revenue": 495990000, "costOfRevenue": 310507000, "grossProfit": 185483000, "grossProfitRatio": 0.3739652009, "researchAndDevelopmentExpenses": 0, "generalAndAdministrativeExpenses": 0, "sellingAndMarketingExpenses": 0, "sellingGeneralAndAdministrativeExpenses": 99233000, "otherExpenses": 0, "operatingExpenses": 99233000, "costAndExpenses": 409740000, "interestIncome": 0, "interestExpense": 0, "depreciationAndAmortization": 16725000, "ebitda": 96399000, "ebitdaratio": 0.1943567411, "operatingIncome": 86250000, "operatingIncomeRatio": 0.173894635, "totalOtherIncomeExpensesNet": 6576000, "incomeBeforeTax": 94715000, "incomeBeforeTaxRatio": 0.1909615113, "incomeTaxExpense": 28796000, "netIncome": 65919000, "netIncomeRatio": 0.1329038892, "eps": 0.74, "epsdiluted": 0.74, "weightedAverageShsOut": 89542619, "weightedAverageShsOutDil": 90370557, "link": "https://www.sec.gov/Archives/edgar/data/98677/000110465907014891/0001104659-07-014891-index.htm", "finalLink": "https://www.sec.gov/Archives/edgar/data/98677/000110465907014891/a06-26566_210k.htm", "calculatedOtherExpenses": 0, "calculatedOperatingExpenses": 99233000, "calculatedNetInterest": 0, "calculatedOtherIncome": 8465000, "calculatedIncomeNonControlling": 0, "calculatedEbitda": 102975000}, {"date": "2005-12-31", "symbol": "TR", "reportedCurrency": "USD", "cik": "0000098677", "fillingDate": "2006-03-14", "acceptedDate": "2006-03-14 17:26:12", "calendarYear": "2005", "period": "FY", "revenue": 487739000, "costOfRevenue": 299156000, "grossProfit": 188583000, "grossProfitRatio": 0.3866473667, "researchAndDevelopmentExpenses": 0, "generalAndAdministrativeExpenses": 0, "sellingAndMarketingExpenses": 0, "sellingGeneralAndAdministrativeExpenses": 96936000, "otherExpenses": -17097000, "operatingExpenses": 79839000, "costAndExpenses": 378995000, "interestIncome": 0, "interestExpense": 0, "depreciationAndAmortization": 16367000, "ebitda": 103106000, "ebitdaratio": 0.211395849, "operatingIncome": 108744000, "operatingIncomeRatio": 0.2229553101, "totalOtherIncomeExpensesNet": 22005000, "incomeBeforeTax": 113652000, "incomeBeforeTaxRatio": 0.2330180691, "incomeTaxExpense": 36425000, "netIncome": 77227000, "netIncomeRatio": 0.1583367334, "eps": 0.85, "epsdiluted": 0.85, "weightedAverageShsOut": 91038205, "weightedAverageShsOutDil": 91407162, "link": "https://www.sec.gov/Archives/edgar/data/98677/000104746906003397/0001047469-06-003397-index.htm", "finalLink": "https://www.sec.gov/Archives/edgar/data/98677/000104746906003397/a2168353z10-k.htm", "calculatedOtherExpenses": -17097000, "calculatedOperatingExpenses": 79839000, "calculatedNetInterest": 0, "calculatedOtherIncome": 4908000, "calculatedIncomeNonControlling": 0, "calculatedEbitda": 125111000}, {"date": "2004-12-31", "symbol": "TR", "reportedCurrency": "USD", "cik": "0000098677", "fillingDate": "2005-03-16", "acceptedDate": "2005-03-16 12:22:57", "calendarYear": "2004", "period": "FY", "revenue": 420110000, "costOfRevenue": 244501000, "grossProfit": 175609000, "grossProfitRatio": 0.4180071886, "researchAndDevelopmentExpenses": 0, "generalAndAdministrativeExpenses": 0, "sellingAndMarketingExpenses": 0, "sellingGeneralAndAdministrativeExpenses": 85705000, "otherExpenses": 0, "operatingExpenses": 85705000, "costAndExpenses": 330206000, "interestIncome": 0, "interestExpense": 0, "depreciationAndAmortization": 13565000, "ebitda": 98685000, "ebitdaratio": 0.2349027636, "operatingIncome": 89904000, "operatingIncomeRatio": 0.214001095, "totalOtherIncomeExpensesNet": 4784000, "incomeBeforeTax": 94688000, "incomeBeforeTaxRatio": 0.2253885887, "incomeTaxExpense": 30514000, "netIncome": 64174000, "netIncomeRatio": 0.1527552308, "eps": 0.7, "epsdiluted": 0.7, "weightedAverageShsOut": 91796893, "weightedAverageShsOutDil": 92137336, "link": "https://www.sec.gov/Archives/edgar/data/98677/000104746905006676/0001047469-05-006676-index.htm", "finalLink": "https://www.sec.gov/Archives/edgar/data/98677/000104746905006676/a2153639z10-k.htm", "calculatedOtherExpenses": 0, "calculatedOperatingExpenses": 85705000, "calculatedNetInterest": 0, "calculatedOtherIncome": 4784000, "calculatedIncomeNonControlling": 0, "calculatedEbitda": 103469000}, {"date": "2003-12-31", "symbol": "TR", "reportedCurrency": "USD", "cik": "0000098677", "fillingDate": "2004-03-15", "acceptedDate": "2004-03-15 15:32:52", "calendarYear": "2003", "period": "FY", "revenue": 392656000, "costOfRevenue": 222547000, "grossProfit": 170109000, "grossProfitRatio": 0.4332265393, "researchAndDevelopmentExpenses": 0, "generalAndAdministrativeExpenses": 0, "sellingAndMarketingExpenses": 0, "sellingGeneralAndAdministrativeExpenses": 77756000, "otherExpenses": 0, "operatingExpenses": 77756000, "costAndExpenses": 300303000, "interestIncome": 0, "interestExpense": 0, "depreciationAndAmortization": 11379000, "ebitda": 98138000, "ebitdaratio": 0.2499337843, "operatingIncome": 92353000, "operatingIncomeRatio": 0.2352007864, "totalOtherIncomeExpensesNet": 5594000, "incomeBeforeTax": 97947000, "incomeBeforeTaxRatio": 0.2494473534, "incomeTaxExpense": 32933000, "netIncome": 65014000, "netIncomeRatio": 0.1655749562, "eps": 0.7, "epsdiluted": 0.7, "weightedAverageShsOut": 93527664, "weightedAverageShsOutDil": 94259642, "link": "https://www.sec.gov/Archives/edgar/data/98677/000104746904007970/0001047469-04-007970-index.htm", "finalLink": "https://www.sec.gov/Archives/edgar/data/98677/000104746904007970/a2130881z10-k.htm", "calculatedOtherExpenses": 0, "calculatedOperatingExpenses": 77756000, "calculatedNetInterest": 0, "calculatedOtherIncome": 5594000, "calculatedIncomeNonControlling": 0, "calculatedEbitda": 103732000}, {"date": "2002-12-31", "symbol": "TR", "reportedCurrency": "USD", "cik": "0000098677", "fillingDate": "2003-03-26", "acceptedDate": "2003-03-26 16:59:25", "calendarYear": "2002", "period": "FY", "revenue": 393185000, "costOfRevenue": 220765000, "grossProfit": 172420000, "grossProfitRatio": 0.4385213068, "researchAndDevelopmentExpenses": 0, "generalAndAdministrativeExpenses": 0, "sellingAndMarketingExpenses": 0, "sellingGeneralAndAdministrativeExpenses": 75751000, "otherExpenses": 87000000, "operatingExpenses": 162751000, "costAndExpenses": 383516000, "interestIncome": 0, "interestExpense": 0, "depreciationAndAmortization": 12354000, "ebitda": 18004000, "ebitdaratio": 0.0457901497, "operatingIncome": 9669000, "operatingIncomeRatio": 0.0245914773, "totalOtherIncomeExpensesNet": 4019000, "incomeBeforeTax": 100688000, "incomeBeforeTaxRatio": 0.2560830144, "incomeTaxExpense": 34300000, "netIncome": 66388000, "netIncomeRatio": 0.1688467261, "eps": 0.69, "epsdiluted": 0.69, "weightedAverageShsOut": 95903766, "weightedAverageShsOutDil": 96197902, "link": "https://www.sec.gov/Archives/edgar/data/98677/000104746903010353/0001047469-03-010353-index.htm", "finalLink": "https://www.sec.gov/Archives/edgar/data/98677/000104746903010353/a2106490z10-k.htm", "calculatedOtherExpenses": 87000000, "calculatedOperatingExpenses": 162751000, "calculatedNetInterest": 0, "calculatedOtherIncome": 91019000, "calculatedIncomeNonControlling": 0, "calculatedEbitda": 22023000}, {"date": "2001-12-31", "symbol": "TR", "reportedCurrency": "USD", "cik": "0000098677", "fillingDate": "2002-03-28", "acceptedDate": "2002-03-28 00:00:00", "calendarYear": "2001", "period": "FY", "revenue": 423496000, "costOfRevenue": 216657000, "grossProfit": 206839000, "grossProfitRatio": 0.4884083911, "researchAndDevelopmentExpenses": 0, "generalAndAdministrativeExpenses": 0, "sellingAndMarketingExpenses": 0, "sellingGeneralAndAdministrativeExpenses": 109117000, "otherExpenses": 3778000, "operatingExpenses": 112895000, "costAndExpenses": 329552000, "interestIncome": 0, "interestExpense": 0, "depreciationAndAmortization": 16700000, "ebitda": 103801000, "ebitdaratio": 0.2451050305, "operatingIncome": 93944000, "operatingIncomeRatio": 0.2218297221, "totalOtherIncomeExpensesNet": 6843000, "incomeBeforeTax": 100787000, "incomeBeforeTaxRatio": 0.2379880802, "incomeTaxExpense": 35100000, "netIncome": 65687000, "netIncomeRatio": 0.1551065417, "eps": 0.68, "epsdiluted": 0.68, "weightedAverageShsOut": 96255565, "weightedAverageShsOutDil": 96255565, "link": "https://www.sec.gov/Archives/edgar/data/98677/000091205702012066/0000912057-02-012066-index.htm", "finalLink": "https://www.sec.gov/Archives/edgar/data/98677/000091205702012066/a2074246z10-k.htm", "calculatedOtherExpenses": 3778000, "calculatedOperatingExpenses": 112895000, "calculatedNetInterest": 0, "calculatedOtherIncome": 6843000, "calculatedIncomeNonControlling": 0, "calculatedEbitda": 110644000}, {"date": "2000-12-31", "symbol": "TR", "reportedCurrency": "USD", "cik": "0000098677", "fillingDate": "2001-03-29", "acceptedDate": "2001-03-29 00:00:00", "calendarYear": "2000", "period": "FY", "revenue": 427054000, "costOfRevenue": 197206000, "grossProfit": 229848000, "grossProfitRatio": 0.5382176493, "researchAndDevelopmentExpenses": 0, "generalAndAdministrativeExpenses": 0, "sellingAndMarketingExpenses": 0, "sellingGeneralAndAdministrativeExpenses": 105805000, "otherExpenses": 13314000, "operatingExpenses": 119119000, "costAndExpenses": 316325000, "interestIncome": 0, "interestExpense": 0, "depreciationAndAmortization": 13314000, "ebitda": 116964000, "ebitdaratio": 0.2738857381, "operatingIncome": 110729000, "operatingIncomeRatio": 0.2592857109, "totalOtherIncomeExpensesNet": 7079000, "incomeBeforeTax": 117808000, "incomeBeforeTaxRatio": 0.275862069, "incomeTaxExpense": 42071000, "netIncome": 75737000, "netIncomeRatio": 0.1773475954, "eps": 0.78, "epsdiluted": 0.78, "weightedAverageShsOut": 96938166, "weightedAverageShsOutDil": 100961387, "link": "https://www.sec.gov/Archives/edgar/data/98677/000091205701008695/0000912057-01-008695-index.htm", "finalLink": "https://www.sec.gov/Archives/edgar/data/98677/000091205701008695/a2043218z10-k.txt", "calculatedOtherExpenses": 13314000, "calculatedOperatingExpenses": 119119000, "calculatedNetInterest": 0, "calculatedOtherIncome": 7079000, "calculatedIncomeNonControlling": 0, "calculatedEbitda": 124043000}, {"date": "1999-12-31", "symbol": "TR", "reportedCurrency": "USD", "cik": "0000098677", "fillingDate": "2000-03-29", "acceptedDate": "2000-03-29 00:00:00", "calendarYear": "1999", "period": "FY", "revenue": 396800000, "costOfRevenue": 185300000, "grossProfit": 211500000, "grossProfitRatio": 0.5330141129, "researchAndDevelopmentExpenses": 0, "generalAndAdministrativeExpenses": 0, "sellingAndMarketingExpenses": 0, "sellingGeneralAndAdministrativeExpenses": 97000000, "otherExpenses": 10000000, "operatingExpenses": 107000000, "costAndExpenses": 292300000, "interestIncome": 0, "interestExpense": 0, "depreciationAndAmortization": 10000000, "ebitda": 107600000, "ebitdaratio": 0.2711693548, "operatingIncome": 104500000, "operatingIncomeRatio": 0.2633568548, "totalOtherIncomeExpensesNet": 6900000, "incomeBeforeTax": 111400000, "incomeBeforeTaxRatio": 0.2807459677, "incomeTaxExpense": 40100000, "netIncome": 71300000, "netIncomeRatio": 0.1796875, "eps": 0.74, "epsdiluted": 0.74, "weightedAverageShsOut": 96431261, "weightedAverageShsOutDil": 96431261, "link": "https://www.sec.gov/Archives/edgar/data/98677/000091205700014470/0000912057-00-014470-index.htm", "finalLink": "https://www.sec.gov/Archives/edgar/data/98677/000091205700014470/0000912057-00-014470.txt", "calculatedOtherExpenses": 10000000, "calculatedOperatingExpenses": 107000000, "calculatedNetInterest": 0, "calculatedOtherIncome": 6900000, "calculatedIncomeNonControlling": 0, "calculatedEbitda": 114500000}, {"date": "1998-12-31", "symbol": "TR", "reportedCurrency": "USD", "cik": "0000098677", "fillingDate": "1999-03-30", "acceptedDate": "1999-03-30 00:00:00", "calendarYear": "1998", "period": "FY", "revenue": 388700000, "costOfRevenue": 177500000, "grossProfit": 211200000, "grossProfitRatio": 0.543349627, "researchAndDevelopmentExpenses": 0, "generalAndAdministrativeExpenses": 0, "sellingAndMarketingExpenses": 0, "sellingGeneralAndAdministrativeExpenses": 97100000, "otherExpenses": 12800000, "operatingExpenses": 109900000, "costAndExpenses": 287400000, "interestIncome": 0, "interestExpense": 0, "depreciationAndAmortization": 12800000, "ebitda": 109300000, "ebitdaratio": 0.2811937227, "operatingIncome": 101300000, "operatingIncomeRatio": 0.2606122974, "totalOtherIncomeExpensesNet": 4800000, "incomeBeforeTax": 106000000, "incomeBeforeTaxRatio": 0.2727038847, "incomeTaxExpense": 38500000, "netIncome": 67500000, "netIncomeRatio": 0.1736557757, "eps": 0.67, "epsdiluted": 0.67, "weightedAverageShsOut": 100608123, "weightedAverageShsOutDil": 100608123, "link": "https://www.sec.gov/Archives/edgar/data/98677/000104746999012411/0001047469-99-012411-index.htm", "finalLink": "https://www.sec.gov/Archives/edgar/data/98677/", "calculatedOtherExpenses": 12800000, "calculatedOperatingExpenses": 109900000, "calculatedNetInterest": 0, "calculatedOtherIncome": 4700000, "calculatedIncomeNonControlling": 0, "calculatedEbitda": 114100000}, {"date": "1997-12-31", "symbol": "TR", "reportedCurrency": "USD", "cik": "0000098677", "fillingDate": "1998-03-26", "acceptedDate": "1998-03-26 00:00:00", "calendarYear": "1997", "period": "FY", "revenue": 375600000, "costOfRevenue": 178200000, "grossProfit": 197400000, "grossProfitRatio": 0.5255591054, "researchAndDevelopmentExpenses": 0, "generalAndAdministrativeExpenses": 0, "sellingAndMarketingExpenses": 0, "sellingGeneralAndAdministrativeExpenses": 94500000, "otherExpenses": 12800000, "operatingExpenses": 107300000, "costAndExpenses": 285500000, "interestIncome": 0, "interestExpense": 0, "depreciationAndAmortization": 12800000, "ebitda": 97600000, "ebitdaratio": 0.2598509052, "operatingIncome": 90100000, "operatingIncomeRatio": 0.2398828541, "totalOtherIncomeExpensesNet": 5300000, "incomeBeforeTax": 95400000, "incomeBeforeTaxRatio": 0.2539936102, "incomeTaxExpense": 34700000, "netIncome": 60700000, "netIncomeRatio": 0.1616080937, "eps": 0.58, "epsdiluted": 0.58, "weightedAverageShsOut": 104587171, "weightedAverageShsOutDil": 104587171, "link": "https://www.sec.gov/Archives/edgar/data/98677/000104746998011745/0001047469-98-011745-index.html", "finalLink": "https://www.sec.gov/Archives/edgar/data/98677/", "calculatedOtherExpenses": 12800000, "calculatedOperatingExpenses": 107300000, "calculatedNetInterest": 0, "calculatedOtherIncome": 5300000, "calculatedIncomeNonControlling": 0, "calculatedEbitda": 102900000}, {"date": "1996-12-31", "symbol": "TR", "reportedCurrency": "USD", "cik": "0000098677", "fillingDate": "1997-03-31", "acceptedDate": "1997-03-31 00:00:00", "calendarYear": "1996", "period": "FY", "revenue": 340900000, "costOfRevenue": 169200000, "grossProfit": 171700000, "grossProfitRatio": 0.5036667644, "researchAndDevelopmentExpenses": 0, "generalAndAdministrativeExpenses": 0, "sellingAndMarketingExpenses": 0, "sellingGeneralAndAdministrativeExpenses": 88100000, "otherExpenses": 12100000, "operatingExpenses": 100200000, "costAndExpenses": 269400000, "interestIncome": 0, "interestExpense": 0, "depreciationAndAmortization": 12100000, "ebitda": 80000000, "ebitdaratio": 0.2346729246, "operatingIncome": 71500000, "operatingIncomeRatio": 0.2097389264, "totalOtherIncomeExpensesNet": 3600000, "incomeBeforeTax": 75100000, "incomeBeforeTaxRatio": 0.220299208, "incomeTaxExpense": 27900000, "netIncome": 47200000, "netIncomeRatio": 0.1384570255, "eps": 0.46, "epsdiluted": 0.46, "weightedAverageShsOut": 102197064, "weightedAverageShsOutDil": 102197064, "link": "https://www.sec.gov/Archives/edgar/data/98677/000091205797011186/0000912057-97-011186-index.html", "finalLink": "https://www.sec.gov/Archives/edgar/data/98677/", "calculatedOtherExpenses": 12100000, "calculatedOperatingExpenses": 100200000, "calculatedNetInterest": 0, "calculatedOtherIncome": 3600000, "calculatedIncomeNonControlling": 0, "calculatedEbitda": 83600000}, {"date": "1995-12-31", "symbol": "TR", "reportedCurrency": "USD", "cik": "0000098677", "fillingDate": "1996-03-28", "acceptedDate": "1996-03-28 00:00:00", "calendarYear": "1995", "period": "FY", "revenue": 312700000, "costOfRevenue": 156000000, "grossProfit": 156700000, "grossProfitRatio": 0.5011192837, "researchAndDevelopmentExpenses": 0, "generalAndAdministrativeExpenses": 0, "sellingAndMarketingExpenses": 0, "sellingGeneralAndAdministrativeExpenses": 84500000, "otherExpenses": 10700000, "operatingExpenses": 95200000, "costAndExpenses": 251200000, "interestIncome": 0, "interestExpense": 0, "depreciationAndAmortization": 10700000, "ebitda": 69600000, "ebitdaratio": 0.2225775504, "operatingIncome": 61500000, "operatingIncomeRatio": 0.1966741286, "totalOtherIncomeExpensesNet": 2600000, "incomeBeforeTax": 64100000, "incomeBeforeTaxRatio": 0.2049888072, "incomeTaxExpense": 23700000, "netIncome": 40400000, "netIncomeRatio": 0.1291973137, "eps": 0.4, "epsdiluted": 0.4, "weightedAverageShsOut": 102238336, "weightedAverageShsOutDil": 105289924, "link": "https://www.sec.gov/Archives/edgar/data/98677/000091205796005445/0000912057-96-005445-index.htm", "finalLink": "https://www.sec.gov/Archives/edgar/data/98677/0000912057-96-005445.txt", "calculatedOtherExpenses": 10700000, "calculatedOperatingExpenses": 95200000, "calculatedNetInterest": 0, "calculatedOtherIncome": 2600000, "calculatedIncomeNonControlling": 0, "calculatedEbitda": 72200000}, {"date": "1994-12-31", "symbol": "TR", "reportedCurrency": "USD", "cik": "0000098677", "fillingDate": "1995-03-27", "acceptedDate": "1995-03-27 00:00:00", "calendarYear": "1994", "period": "FY", "revenue": 296900000, "costOfRevenue": 145100000, "grossProfit": 151800000, "grossProfitRatio": 0.5112832604, "researchAndDevelopmentExpenses": 0, "generalAndAdministrativeExpenses": 0, "sellingAndMarketingExpenses": 0, "sellingGeneralAndAdministrativeExpenses": 78700000, "otherExpenses": 10500000, "operatingExpenses": 89200000, "costAndExpenses": 234300000, "interestIncome": 0, "interestExpense": 0, "depreciationAndAmortization": 10500000, "ebitda": 74600000, "ebitdaratio": 0.2512630515, "operatingIncome": 62600000, "operatingIncomeRatio": 0.2108454025, "totalOtherIncomeExpensesNet": -1500000, "incomeBeforeTax": 61200000, "incomeBeforeTaxRatio": 0.2061300101, "incomeTaxExpense": 23300000, "netIncome": 37900000, "netIncomeRatio": 0.1276524082, "eps": 0.37, "epsdiluted": 0.37, "weightedAverageShsOut": 102256090, "weightedAverageShsOutDil": 103238908, "link": "https://www.sec.gov/Archives/edgar/data/98677/000091205795001743/0000912057-95-001743-index.htm", "finalLink": "https://www.sec.gov/Archives/edgar/data/98677/0000912057-95-001743.txt", "calculatedOtherExpenses": 10500000, "calculatedOperatingExpenses": 89200000, "calculatedNetInterest": 0, "calculatedOtherIncome": -1400000, "calculatedIncomeNonControlling": 0, "calculatedEbitda": 73100000}, {"date": "1993-12-31", "symbol": "TR", "reportedCurrency": "USD", "cik": "0000098677", "fillingDate": "1994-03-30", "acceptedDate": "1994-03-30 00:00:00", "calendarYear": "1993", "period": "FY", "revenue": 259600000, "costOfRevenue": 125200000, "grossProfit": 134400000, "grossProfitRatio": 0.5177195686, "researchAndDevelopmentExpenses": 0, "generalAndAdministrativeExpenses": 0, "sellingAndMarketingExpenses": 0, "sellingGeneralAndAdministrativeExpenses": 70600000, "otherExpenses": 8800000, "operatingExpenses": 79400000, "costAndExpenses": 204600000, "interestIncome": 0, "interestExpense": 0, "depreciationAndAmortization": 8800000, "ebitda": 61100000, "ebitdaratio": 0.2353620955, "operatingIncome": 55000000, "operatingIncomeRatio": 0.2118644068, "totalOtherIncomeExpensesNet": 2700000, "incomeBeforeTax": 57700000, "incomeBeforeTaxRatio": 0.2222650231, "incomeTaxExpense": 22300000, "netIncome": 35400000, "netIncomeRatio": 0.1363636364, "eps": 0.36, "epsdiluted": 0.36, "weightedAverageShsOut": 98215005, "weightedAverageShsOutDil": 98215005, "link": "https://www.sec.gov/Archives/edgar/data/98677/000091205794001129/0000912057-94-001129-index.htm", "finalLink": "https://www.sec.gov/Archives/edgar/data/98677/", "calculatedOtherExpenses": 8800000, "calculatedOperatingExpenses": 79400000, "calculatedNetInterest": 0, "calculatedOtherIncome": 2700000, "calculatedIncomeNonControlling": 0, "calculatedEbitda": 63800000}, {"date": "1992-12-31", "symbol": "TR", "reportedCurrency": "USD", "cik": "0000098677", "fillingDate": "1992-12-31", "acceptedDate": "1992-12-30 19:00:00", "calendarYear": "1992", "period": "FY", "revenue": 245400000, "costOfRevenue": 121100000, "grossProfit": 124300000, "grossProfitRatio": 0.5065199674, "researchAndDevelopmentExpenses": 0, "generalAndAdministrativeExpenses": 0, "sellingAndMarketingExpenses": 0, "sellingGeneralAndAdministrativeExpenses": 69100000, "otherExpenses": 6100000, "operatingExpenses": 75200000, "costAndExpenses": 196300000, "interestIncome": 0, "interestExpense": 0, "depreciationAndAmortization": 6100000, "ebitda": 52500000, "ebitdaratio": 0.2139364303, "operatingIncome": 49100000, "operatingIncomeRatio": 0.2000814996, "totalOtherIncomeExpensesNet": 2700000, "incomeBeforeTax": 51900000, "incomeBeforeTaxRatio": 0.2114914425, "incomeTaxExpense": 19900000, "netIncome": 32000000, "netIncomeRatio": 0.130399348, "eps": 0.31, "epsdiluted": 0.31, "weightedAverageShsOut": 102099241, "weightedAverageShsOutDil": 102099241, "link": "", "finalLink": "", "calculatedOtherExpenses": 6100000, "calculatedOperatingExpenses": 75200000, "calculatedNetInterest": 0, "calculatedOtherIncome": 2800000, "calculatedIncomeNonControlling": 0, "calculatedEbitda": 55200000}, {"date": "1991-12-31", "symbol": "TR", "reportedCurrency": "USD", "cik": "0000098677", "fillingDate": "1991-12-31", "acceptedDate": "1991-12-30 19:00:00", "calendarYear": "1991", "period": "FY", "revenue": 207900000, "costOfRevenue": 102100000, "grossProfit": 105800000, "grossProfitRatio": 0.5088985089, "researchAndDevelopmentExpenses": 0, "generalAndAdministrativeExpenses": 0, "sellingAndMarketingExpenses": 0, "sellingGeneralAndAdministrativeExpenses": 58100000, "otherExpenses": 5200000, "operatingExpenses": 63300000, "costAndExpenses": 165400000, "interestIncome": 0, "interestExpense": 0, "depreciationAndAmortization": 5200000, "ebitda": 46000000, "ebitdaratio": 0.2212602213, "operatingIncome": 42500000, "operatingIncomeRatio": 0.2044252044, "totalOtherIncomeExpensesNet": 1700000, "incomeBeforeTax": 44100000, "incomeBeforeTaxRatio": 0.2121212121, "incomeTaxExpense": 17600000, "netIncome": 26500000, "netIncomeRatio": 0.1274651275, "eps": 0.27, "epsdiluted": 0.27, "weightedAverageShsOut": 97558878, "weightedAverageShsOutDil": 97558878, "link": "", "finalLink": "", "calculatedOtherExpenses": 5200000, "calculatedOperatingExpenses": 63300000, "calculatedNetInterest": 0, "calculatedOtherIncome": 1600000, "calculatedIncomeNonControlling": 0, "calculatedEbitda": 47700000}, {"date": "1990-12-31", "symbol": "TR", "reportedCurrency": "USD", "cik": "0000098677", "fillingDate": "1990-12-31", "acceptedDate": "1990-12-30 19:00:00", "calendarYear": "1990", "period": "FY", "revenue": 194300000, "costOfRevenue": 97500000, "grossProfit": 96800000, "grossProfitRatio": 0.4981986619, "researchAndDevelopmentExpenses": 0, "generalAndAdministrativeExpenses": 0, "sellingAndMarketingExpenses": 0, "sellingGeneralAndAdministrativeExpenses": 54300000, "otherExpenses": 5700000, "operatingExpenses": 60000000, "costAndExpenses": 157500000, "interestIncome": 0, "interestExpense": 0, "depreciationAndAmortization": 5700000, "ebitda": 42100000, "ebitdaratio": 0.2166752445, "operatingIncome": 36800000, "operatingIncomeRatio": 0.1893978384, "totalOtherIncomeExpensesNet": 400000, "incomeBeforeTax": 37200000, "incomeBeforeTaxRatio": 0.1914565106, "incomeTaxExpense": 14600000, "netIncome": 22600000, "netIncomeRatio": 0.1163149768, "eps": 0.0261, "epsdiluted": 0.0261, "weightedAverageShsOut": 94710184, "weightedAverageShsOutDil": 94710184, "link": "", "finalLink": "", "calculatedOtherExpenses": 5700000, "calculatedOperatingExpenses": 60000000, "calculatedNetInterest": 0, "calculatedOtherIncome": 400000, "calculatedIncomeNonControlling": 0, "calculatedEbitda": 42500000}, {"date": "1989-12-31", "symbol": "TR", "reportedCurrency": "USD", "cik": "0000098677", "fillingDate": "1989-12-31", "acceptedDate": "1989-12-30 19:00:00", "calendarYear": "1989", "period": "FY", "revenue": 179300000, "costOfRevenue": 88900000, "grossProfit": 90400000, "grossProfitRatio": 0.5041829336, "researchAndDevelopmentExpenses": 0, "generalAndAdministrativeExpenses": 0, "sellingAndMarketingExpenses": 0, "sellingGeneralAndAdministrativeExpenses": 51400000, "otherExpenses": 5100000, "operatingExpenses": 56500000, "costAndExpenses": 145400000, "interestIncome": 0, "interestExpense": 0, "depreciationAndAmortization": 5100000, "ebitda": 39700000, "ebitdaratio": 0.2214166202, "operatingIncome": 33900000, "operatingIncomeRatio": 0.1890686001, "totalOtherIncomeExpensesNet": -700000, "incomeBeforeTax": 33200000, "incomeBeforeTaxRatio": 0.1851645287, "incomeTaxExpense": 13000000, "netIncome": 20200000, "netIncomeRatio": 0.1126603458, "eps": 0.22, "epsdiluted": 0.22, "weightedAverageShsOut": 92071718, "weightedAverageShsOutDil": 92071718, "link": "", "finalLink": "", "calculatedOtherExpenses": 5100000, "calculatedOperatingExpenses": 56500000, "calculatedNetInterest": 0, "calculatedOtherIncome": -700000, "calculatedIncomeNonControlling": 0, "calculatedEbitda": 39000000}, {"date": "1988-12-31", "symbol": "TR", "reportedCurrency": "USD", "cik": "0000098677", "fillingDate": "1988-12-31", "acceptedDate": "1988-12-30 19:00:00", "calendarYear": "1988", "period": "FY", "revenue": 128600000, "costOfRevenue": 101200000, "grossProfit": 27400000, "grossProfitRatio": 0.2130637636, "researchAndDevelopmentExpenses": 0, "generalAndAdministrativeExpenses": 0, "sellingAndMarketingExpenses": 0, "sellingGeneralAndAdministrativeExpenses": 0, "otherExpenses": 3600000, "operatingExpenses": 3600000, "costAndExpenses": 104800000, "interestIncome": 0, "interestExpense": 0, "depreciationAndAmortization": 3600000, "ebitda": 25100000, "ebitdaratio": 0.1951788491, "operatingIncome": 23800000, "operatingIncomeRatio": 0.1850699844, "totalOtherIncomeExpensesNet": 2300000, "incomeBeforeTax": 25500000, "incomeBeforeTaxRatio": 0.1982892691, "incomeTaxExpense": 8900000, "netIncome": 16600000, "netIncomeRatio": 0.1290824261, "eps": 0.17, "epsdiluted": 0.17, "weightedAverageShsOut": 96297951, "weightedAverageShsOutDil": 96297951, "link": "", "finalLink": "", "calculatedOtherExpenses": 3600000, "calculatedOperatingExpenses": 3600000, "calculatedNetInterest": 0, "calculatedOtherIncome": 1700000, "calculatedIncomeNonControlling": 0, "calculatedEbitda": 27400000}, {"date": "1987-12-31", "symbol": "TR", "reportedCurrency": "USD", "cik": "0000098677", "fillingDate": "1987-12-31", "acceptedDate": "1987-12-30 19:00:00", "calendarYear": "1987", "period": "FY", "revenue": 114800000, "costOfRevenue": 54700000, "grossProfit": 60100000, "grossProfitRatio": 0.5235191638, "researchAndDevelopmentExpenses": 0, "generalAndAdministrativeExpenses": 0, "sellingAndMarketingExpenses": 0, "sellingGeneralAndAdministrativeExpenses": 33200000, "otherExpenses": 2400000, "operatingExpenses": 35600000, "costAndExpenses": 90300000, "interestIncome": 0, "interestExpense": 0, "depreciationAndAmortization": 2400000, "ebitda": 25400000, "ebitdaratio": 0.2212543554, "operatingIncome": 24500000, "operatingIncomeRatio": 0.2134146341, "totalOtherIncomeExpensesNet": 1500000, "incomeBeforeTax": 26000000, "incomeBeforeTaxRatio": 0.2264808362, "incomeTaxExpense": 11400000, "netIncome": 14600000, "netIncomeRatio": 0.1271777003, "eps": 0.15, "epsdiluted": 0.15, "weightedAverageShsOut": 59866853, "weightedAverageShsOutDil": 59866853, "link": "", "finalLink": "", "calculatedOtherExpenses": 2400000, "calculatedOperatingExpenses": 35600000, "calculatedNetInterest": 0, "calculatedOtherIncome": 1500000, "calculatedIncomeNonControlling": 0, "calculatedEbitda": 26900000}, {"date": "1986-12-31", "symbol": "TR", "reportedCurrency": "USD", "cik": "0000098677", "fillingDate": "1986-12-31", "acceptedDate": "1986-12-30 19:00:00", "calendarYear": "1986", "period": "FY", "revenue": 111400000, "costOfRevenue": 53700000, "grossProfit": 57700000, "grossProfitRatio": 0.5179533214, "researchAndDevelopmentExpenses": 0, "generalAndAdministrativeExpenses": 0, "sellingAndMarketingExpenses": 0, "sellingGeneralAndAdministrativeExpenses": 31400000, "otherExpenses": 2100000, "operatingExpenses": 33500000, "costAndExpenses": 87200000, "interestIncome": 0, "interestExpense": 0, "depreciationAndAmortization": 2100000, "ebitda": 24800000, "ebitdaratio": 0.2226211849, "operatingIncome": 24200000, "operatingIncomeRatio": 0.2172351885, "totalOtherIncomeExpensesNet": 1500000, "incomeBeforeTax": 25700000, "incomeBeforeTaxRatio": 0.2307001795, "incomeTaxExpense": 12900000, "netIncome": 12800000, "netIncomeRatio": 0.1149012567, "eps": 0.12, "epsdiluted": 0.12, "weightedAverageShsOut": 106537931, "weightedAverageShsOutDil": 106537931, "link": "", "finalLink": "", "calculatedOtherExpenses": 2100000, "calculatedOperatingExpenses": 33500000, "calculatedNetInterest": 0, "calculatedOtherIncome": 1500000, "calculatedIncomeNonControlling": 0, "calculatedEbitda": 26300000}, {"date": "1985-12-31", "symbol": "TR", "reportedCurrency": "USD", "cik": "0000098677", "fillingDate": "1985-12-31", "acceptedDate": "1985-12-30 19:00:00", "calendarYear": "1985", "period": "FY", "revenue": 106700000, "costOfRevenue": 53900000, "grossProfit": 52800000, "grossProfitRatio": 0.4948453608, "researchAndDevelopmentExpenses": 0, "generalAndAdministrativeExpenses": 0, "sellingAndMarketingExpenses": 0, "sellingGeneralAndAdministrativeExpenses": 29200000, "otherExpenses": 2400000, "operatingExpenses": 31600000, "costAndExpenses": 85500000, "interestIncome": 0, "interestExpense": 0, "depreciationAndAmortization": 2400000, "ebitda": 22300000, "ebitdaratio": 0.2089971884, "operatingIncome": 21200000, "operatingIncomeRatio": 0.19868791, "totalOtherIncomeExpensesNet": 1300000, "incomeBeforeTax": 22600000, "incomeBeforeTaxRatio": 0.2118088097, "incomeTaxExpense": 11700000, "netIncome": 10900000, "netIncomeRatio": 0.1021555764, "eps": 0.11, "epsdiluted": 0.11, "weightedAverageShsOut": 99364237, "weightedAverageShsOutDil": 99364237, "link": "", "finalLink": "", "calculatedOtherExpenses": 2400000, "calculatedOperatingExpenses": 31600000, "calculatedNetInterest": 0, "calculatedOtherIncome": 1400000, "calculatedIncomeNonControlling": 0, "calculatedEbitda": 23600000}]}