{"originalCurrency": "USD", "convertedCurrency": "USD", "report": [{"date": "2023-12-31", "symbol": "TRGP", "reportedCurrency": "USD", "cik": "0001389170", "fillingDate": "2024-02-15", "acceptedDate": "2024-02-15 16:01:08", "calendarYear": "2023", "period": "FY", "revenue": 15619200000, "costOfRevenue": 13083900000, "grossProfit": 2535300000, "grossProfitRatio": 0.162319453, "researchAndDevelopmentExpenses": 0, "generalAndAdministrativeExpenses": 348700000, "sellingAndMarketingExpenses": 0, "sellingGeneralAndAdministrativeExpenses": 348700000, "otherExpenses": 100000, "operatingExpenses": 348600000, "costAndExpenses": 13432500000, "interestIncome": 0, "interestExpense": 728900000, "depreciationAndAmortization": 1335500000, "ebitda": 3522200000, "ebitdaratio": 0.2255045073, "operatingIncome": 2186700000, "operatingIncomeRatio": 0.1400007683, "totalOtherIncomeExpensesNet": -244200000, "incomeBeforeTax": 1942500000, "incomeBeforeTaxRatio": 0.1243661647, "incomeTaxExpense": 363200000, "netIncome": 835800000, "netIncomeRatio": 0.0535110633, "eps": 3.72, "epsdiluted": 3.7, "weightedAverageShsOut": 224600000, "weightedAverageShsOutDil": 226000000, "link": "https://www.sec.gov/Archives/edgar/data/1389170/000095017024015841/0000950170-24-015841-index.htm", "finalLink": "https://www.sec.gov/Archives/edgar/data/1389170/000095017024015841/trgp-20231231.htm", "calculatedOtherExpenses": -100000, "calculatedOperatingExpenses": 348600000, "calculatedNetInterest": -728900000, "calculatedOtherIncome": 484700000, "calculatedIncomeNonControlling": 743500000, "calculatedEbitda": 3522200000}, {"date": "2022-12-31", "symbol": "TRGP", "reportedCurrency": "USD", "cik": "0001389170", "fillingDate": "2023-02-22", "acceptedDate": "2023-02-22 16:49:32", "calendarYear": "2022", "period": "FY", "revenue": 20929800000, "costOfRevenue": 17978100000, "grossProfit": 2951700000, "grossProfitRatio": 0.1410285813, "researchAndDevelopmentExpenses": 0, "generalAndAdministrativeExpenses": 309700000, "sellingAndMarketingExpenses": 0, "sellingGeneralAndAdministrativeExpenses": 309700000, "otherExpenses": 912800000, "operatingExpenses": 1222500000, "costAndExpenses": 19200600000, "interestIncome": 446100000, "interestExpense": 446100000, "depreciationAndAmortization": 1040600000, "ebitda": 2769600000, "ebitdaratio": 0.1323280681, "operatingIncome": 1729000000, "operatingIncomeRatio": 0.082609485, "totalOtherIncomeExpensesNet": -65800000, "incomeBeforeTax": 1663200000, "incomeBeforeTaxRatio": 0.0794656423, "incomeTaxExpense": 131800000, "netIncome": 896800000, "netIncomeRatio": 0.0428479966, "eps": 3.95, "epsdiluted": 3.88, "weightedAverageShsOut": 227300000, "weightedAverageShsOutDil": 231100000, "link": "https://www.sec.gov/Archives/edgar/data/1389170/000095017023003797/0000950170-23-003797-index.htm", "finalLink": "https://www.sec.gov/Archives/edgar/data/1389170/000095017023003797/trgp-20221231.htm", "calculatedOtherExpenses": 913000000, "calculatedOperatingExpenses": 1222700000, "calculatedNetInterest": 0, "calculatedOtherIncome": -65800000, "calculatedIncomeNonControlling": 634600000, "calculatedEbitda": 2769600000}, {"date": "2021-12-31", "symbol": "TRGP", "reportedCurrency": "USD", "cik": "0001389170", "fillingDate": "2022-02-24", "acceptedDate": "2022-02-24 11:57:41", "calendarYear": "2021", "period": "FY", "revenue": 16949800000, "costOfRevenue": 14600100000, "grossProfit": 2349700000, "grossProfitRatio": 0.1386270044, "researchAndDevelopmentExpenses": 0, "generalAndAdministrativeExpenses": 273200000, "sellingAndMarketingExpenses": 0, "sellingGeneralAndAdministrativeExpenses": 273200000, "otherExpenses": 747100000, "operatingExpenses": 1020300000, "costAndExpenses": 15620400000, "interestIncome": 387900000, "interestExpense": 387900000, "depreciationAndAmortization": 870600000, "ebitda": 2160100000, "ebitdaratio": 0.1274410318, "operatingIncome": 1289500000, "operatingIncomeRatio": 0.0760775938, "totalOtherIncomeExpensesNet": -852600000, "incomeBeforeTax": 436900000, "incomeBeforeTaxRatio": 0.0257761154, "incomeTaxExpense": 14800000, "netIncome": 422100000, "netIncomeRatio": 0.0249029487, "eps": 1.85, "epsdiluted": 1.85, "weightedAverageShsOut": 228600000, "weightedAverageShsOutDil": 228600000, "link": "https://www.sec.gov/Archives/edgar/data/1389170/000156459022006563/0001564590-22-006563-index.htm", "finalLink": "https://www.sec.gov/Archives/edgar/data/1389170/000156459022006563/trgp-10k_20211231.htm", "calculatedOtherExpenses": 787000000, "calculatedOperatingExpenses": 1060200000, "calculatedNetInterest": 0, "calculatedOtherIncome": -852600000, "calculatedIncomeNonControlling": 0, "calculatedEbitda": 2160100000}, {"date": "2020-12-31", "symbol": "TRGP", "reportedCurrency": "USD", "cik": "0001389170", "fillingDate": "2021-02-18", "acceptedDate": "2021-02-18 15:38:23", "calendarYear": "2020", "period": "FY", "revenue": 8260300000, "costOfRevenue": 5970200000, "grossProfit": 2290100000, "grossProfitRatio": 0.2772417467, "researchAndDevelopmentExpenses": 0, "generalAndAdministrativeExpenses": 254600000, "sellingAndMarketingExpenses": 0, "sellingGeneralAndAdministrativeExpenses": 254600000, "otherExpenses": 782400000, "operatingExpenses": 1037000000, "costAndExpenses": 7007200000, "interestIncome": 391300000, "interestExpense": -391300000, "depreciationAndAmortization": 865100000, "ebitda": 4674700000, "ebitdaratio": 0.5659237558, "operatingIncome": 3809600000, "operatingIncomeRatio": 0.4611939034, "totalOtherIncomeExpensesNet": -5382700000, "incomeBeforeTax": -1573100000, "incomeBeforeTaxRatio": -0.1904410251, "incomeTaxExpense": -248100000, "netIncome": -1325000000, "netIncomeRatio": -0.1604057964, "eps": -5.71, "epsdiluted": -5.71, "weightedAverageShsOut": 232200000, "weightedAverageShsOutDil": 232200000, "link": "https://www.sec.gov/Archives/edgar/data/1389170/000156459021006640/0001564590-21-006640-index.htm", "finalLink": "https://www.sec.gov/Archives/edgar/data/1389170/000156459021006640/trgp-10k_20201231.htm", "calculatedOtherExpenses": -1774100000, "calculatedOperatingExpenses": -1519500000, "calculatedNetInterest": 782600000, "calculatedOtherIncome": -6165300000, "calculatedIncomeNonControlling": 0, "calculatedEbitda": 4674700000}, {"date": "2019-12-31", "symbol": "TRGP", "reportedCurrency": "USD", "cik": "0001389170", "fillingDate": "2020-02-20", "acceptedDate": "2020-02-20 17:10:37", "calendarYear": "2019", "period": "FY", "revenue": 8671100000, "costOfRevenue": 7090100000, "grossProfit": 1581000000, "grossProfitRatio": 0.1823298082, "researchAndDevelopmentExpenses": 0, "generalAndAdministrativeExpenses": 280700000, "sellingAndMarketingExpenses": 0, "sellingGeneralAndAdministrativeExpenses": 280700000, "otherExpenses": 864200000, "operatingExpenses": 1144900000, "costAndExpenses": 8235000000, "interestIncome": 337800000, "interestExpense": 337800000, "depreciationAndAmortization": 971600000, "ebitda": 1590300000, "ebitdaratio": 0.1834023365, "operatingIncome": 618700000, "operatingIncomeRatio": 0.0713519623, "totalOtherIncomeExpensesNet": -665400000, "incomeBeforeTax": -46700000, "incomeBeforeTaxRatio": -0.0053857065, "incomeTaxExpense": -87900000, "netIncome": 41200000, "netIncomeRatio": 0.0047514156, "eps": 0.18, "epsdiluted": 0.18, "weightedAverageShsOut": 232500000, "weightedAverageShsOutDil": 232500000, "link": "https://www.sec.gov/Archives/edgar/data/1389170/000156459020005592/0001564590-20-005592-index.htm", "finalLink": "https://www.sec.gov/Archives/edgar/data/1389170/000156459020005592/trgp-10k_20191231.htm", "calculatedOtherExpenses": 681600000, "calculatedOperatingExpenses": 962300000, "calculatedNetInterest": 0, "calculatedOtherIncome": -665400000, "calculatedIncomeNonControlling": 0, "calculatedEbitda": 1590300000}, {"date": "2018-12-31", "symbol": "TRGP", "reportedCurrency": "USD", "cik": "0001389170", "fillingDate": "2019-03-01", "acceptedDate": "2019-03-01 13:01:11", "calendarYear": "2018", "period": "FY", "revenue": 10484000000, "costOfRevenue": 9054100000, "grossProfit": 1429900000, "grossProfitRatio": 0.1363887829, "researchAndDevelopmentExpenses": 0, "generalAndAdministrativeExpenses": 256900000, "sellingAndMarketingExpenses": 0, "sellingGeneralAndAdministrativeExpenses": 256900000, "otherExpenses": 100000, "operatingExpenses": 982500000, "costAndExpenses": 10036600000, "interestIncome": 0, "interestExpense": 185800000, "depreciationAndAmortization": 815900000, "ebitda": 1464400000, "ebitdaratio": 0.1396795116, "operatingIncome": 237500000, "operatingIncomeRatio": 0.0226535673, "totalOtherIncomeExpensesNet": -193700000, "incomeBeforeTax": 65900000, "incomeBeforeTaxRatio": 0.0062857688, "incomeTaxExpense": 5500000, "netIncome": 1600000, "netIncomeRatio": 0.0001526135, "eps": 0.0071, "epsdiluted": 0.0071, "weightedAverageShsOut": 224200000, "weightedAverageShsOutDil": 224200000, "link": "https://www.sec.gov/Archives/edgar/data/1389170/000156459019005727/0001564590-19-005727-index.htm", "finalLink": "https://www.sec.gov/Archives/edgar/data/1389170/000156459019005727/trgp-10k_20181231.htm", "calculatedOtherExpenses": 935500000, "calculatedOperatingExpenses": 1192400000, "calculatedNetInterest": -185800000, "calculatedOtherIncome": 14200000, "calculatedIncomeNonControlling": 58800000, "calculatedEbitda": 1053400000}, {"date": "2017-12-31", "symbol": "TRGP", "reportedCurrency": "USD", "cik": "0001389170", "fillingDate": "2018-02-16", "acceptedDate": "2018-02-16 16:20:34", "calendarYear": "2017", "period": "FY", "revenue": 8814900000, "costOfRevenue": 7715600000, "grossProfit": 1099300000, "grossProfitRatio": 0.124709299, "researchAndDevelopmentExpenses": 0, "generalAndAdministrativeExpenses": 203400000, "sellingAndMarketingExpenses": 0, "sellingGeneralAndAdministrativeExpenses": 203400000, "otherExpenses": -2600000, "operatingExpenses": 827800000, "costAndExpenses": 8543400000, "interestIncome": 0, "interestExpense": 233700000, "depreciationAndAmortization": 809500000, "ebitda": 1375300000, "ebitdaratio": 0.1560199208, "operatingIncome": -122400000, "operatingIncomeRatio": -0.0138855801, "totalOtherIncomeExpensesNet": -313900000, "incomeBeforeTax": -292900000, "incomeBeforeTaxRatio": -0.0332278302, "incomeTaxExpense": -397100000, "netIncome": 54000000, "netIncomeRatio": 0.0061259912, "eps": -0.31, "epsdiluted": -0.31, "weightedAverageShsOut": 204516129, "weightedAverageShsOutDil": 206900000, "link": "https://www.sec.gov/Archives/edgar/data/1389170/000156459018002330/0001564590-18-002330-index.htm", "finalLink": "https://www.sec.gov/Archives/edgar/data/1389170/000156459018002330/trgp-10k_20171231.htm", "calculatedOtherExpenses": 1018300000, "calculatedOperatingExpenses": 1221700000, "calculatedNetInterest": -233700000, "calculatedOtherIncome": 63200000, "calculatedIncomeNonControlling": 50200000, "calculatedEbitda": 687100000}, {"date": "2016-12-31", "symbol": "TRGP", "reportedCurrency": "USD", "cik": "0001389170", "fillingDate": "2017-02-21", "acceptedDate": "2017-02-17 19:01:59", "calendarYear": "2016", "period": "FY", "revenue": 6690900000, "costOfRevenue": 5680600000, "grossProfit": 1010300000, "grossProfitRatio": 0.1509961291, "researchAndDevelopmentExpenses": 0, "generalAndAdministrativeExpenses": 187200000, "sellingAndMarketingExpenses": 0, "sellingGeneralAndAdministrativeExpenses": 187200000, "otherExpenses": 1200000, "operatingExpenses": 747500000, "costAndExpenses": 6428100000, "interestIncome": 0, "interestExpense": 254200000, "depreciationAndAmortization": 757700000, "ebitda": 469800000, "ebitdaratio": 0.0702147693, "operatingIncome": 55800000, "operatingIncomeRatio": 0.0083396852, "totalOtherIncomeExpensesNet": -220100000, "incomeBeforeTax": -259700000, "incomeBeforeTaxRatio": -0.0388139114, "incomeTaxExpense": -100600000, "netIncome": -187300000, "netIncomeRatio": -0.0279932446, "eps": -1.01, "epsdiluted": -1.01, "weightedAverageShsOut": 184720525, "weightedAverageShsOutDil": 184720525, "link": "https://www.sec.gov/Archives/edgar/data/1389170/000156459017001810/0001564590-17-001810-index.htm", "finalLink": "https://www.sec.gov/Archives/edgar/data/1389170/000156459017001810/trgp-10k_20161231.htm", "calculatedOtherExpenses": 767300000, "calculatedOperatingExpenses": 954500000, "calculatedNetInterest": -254200000, "calculatedOtherIncome": -61300000, "calculatedIncomeNonControlling": 28200000, "calculatedEbitda": 813500000}, {"date": "2015-12-31", "symbol": "TRGP", "reportedCurrency": "USD", "cik": "0001389170", "fillingDate": "2016-02-29", "acceptedDate": "2016-02-29 17:38:18", "calendarYear": "2015", "period": "FY", "revenue": 6658600000, "costOfRevenue": 5550100000, "grossProfit": 1108500000, "grossProfitRatio": 0.1664764365, "researchAndDevelopmentExpenses": 0, "generalAndAdministrativeExpenses": 161700000, "sellingAndMarketingExpenses": 0, "sellingGeneralAndAdministrativeExpenses": 161700000, "otherExpenses": -36700000, "operatingExpenses": 659200000, "costAndExpenses": 6209300000, "interestIncome": 0, "interestExpense": 231900000, "depreciationAndAmortization": 677100000, "ebitda": 739300000, "ebitdaratio": 0.1110293455, "operatingIncome": 159300000, "operatingIncomeRatio": 0.023923948, "totalOtherIncomeExpensesNet": -329200000, "incomeBeforeTax": -111800000, "incomeBeforeTaxRatio": -0.0167903163, "incomeTaxExpense": 39600000, "netIncome": 58300000, "netIncomeRatio": 0.0087555943, "eps": 1.09, "epsdiluted": 1.09, "weightedAverageShsOut": 53500000, "weightedAverageShsOutDil": 53600000, "link": "https://www.sec.gov/Archives/edgar/data/1389170/000114036116055579/0001140361-16-055579-index.htm", "finalLink": "https://www.sec.gov/Archives/edgar/data/1389170/000114036116055579/form10k.htm", "calculatedOtherExpenses": 787500000, "calculatedOperatingExpenses": 949200000, "calculatedNetInterest": -231900000, "calculatedOtherIncome": -39200000, "calculatedIncomeNonControlling": -209700000, "calculatedEbitda": 836400000}, {"date": "2014-12-31", "symbol": "TRGP", "reportedCurrency": "USD", "cik": "0001389170", "fillingDate": "2015-02-17", "acceptedDate": "2015-02-13 17:43:32", "calendarYear": "2014", "period": "FY", "revenue": 8616500000, "costOfRevenue": 7397900000, "grossProfit": 1218600000, "grossProfitRatio": 0.1414263332, "researchAndDevelopmentExpenses": 0, "generalAndAdministrativeExpenses": 148000000, "sellingAndMarketingExpenses": 0, "sellingGeneralAndAdministrativeExpenses": 148000000, "otherExpenses": -8000000, "operatingExpenses": 578100000, "costAndExpenses": 7976000000, "interestIncome": 0, "interestExpense": 147100000, "depreciationAndAmortization": 351000000, "ebitda": 652900000, "ebitdaratio": 0.0757732258, "operatingIncome": 640500000, "operatingIncomeRatio": 0.0743341264, "totalOtherIncomeExpensesNet": -2400000, "incomeBeforeTax": 491000000, "incomeBeforeTaxRatio": 0.0569836941, "incomeTaxExpense": 68000000, "netIncome": 102300000, "netIncomeRatio": 0.0118725701, "eps": 2.44, "epsdiluted": 2.43, "weightedAverageShsOut": 42000000, "weightedAverageShsOutDil": 42100000, "link": "https://www.sec.gov/Archives/edgar/data/1389170/000114036115006704/0001140361-15-006704-index.htm", "finalLink": "https://www.sec.gov/Archives/edgar/data/1389170/000114036115006704/form10k.htm", "calculatedOtherExpenses": 430100000, "calculatedOperatingExpenses": 578100000, "calculatedNetInterest": -147100000, "calculatedOtherIncome": -2400000, "calculatedIncomeNonControlling": 320700000, "calculatedEbitda": 991500000}, {"date": "2013-12-31", "symbol": "TRGP", "reportedCurrency": "USD", "cik": "0001389170", "fillingDate": "2014-02-14", "acceptedDate": "2014-02-14 16:24:18", "calendarYear": "2013", "period": "FY", "revenue": 6556000000, "costOfRevenue": 5650400000, "grossProfit": 905600000, "grossProfitRatio": 0.1381330079, "researchAndDevelopmentExpenses": 0, "generalAndAdministrativeExpenses": 151500000, "sellingAndMarketingExpenses": 0, "sellingGeneralAndAdministrativeExpenses": 151500000, "otherExpenses": 15300000, "operatingExpenses": 537400000, "costAndExpenses": 6187800000, "interestIncome": 0, "interestExpense": 134100000, "depreciationAndAmortization": 271900000, "ebitda": 382900000, "ebitdaratio": 0.0584045149, "operatingIncome": 368200000, "operatingIncomeRatio": 0.0561622941, "totalOtherIncomeExpensesNet": 15400000, "incomeBeforeTax": 249500000, "incomeBeforeTaxRatio": 0.0380567419, "incomeTaxExpense": 48200000, "netIncome": 65100000, "netIncomeRatio": 0.0099298353, "eps": 1.56, "epsdiluted": 1.55, "weightedAverageShsOut": 41600000, "weightedAverageShsOutDil": 42100000, "link": "https://www.sec.gov/Archives/edgar/data/1389170/000114036114007923/0001140361-14-007923-index.htm", "finalLink": "https://www.sec.gov/Archives/edgar/data/1389170/000114036114007923/form10k.htm", "calculatedOtherExpenses": 385900000, "calculatedOperatingExpenses": 537400000, "calculatedNetInterest": -134100000, "calculatedOtherIncome": 15400000, "calculatedIncomeNonControlling": 136200000, "calculatedEbitda": 640100000}, {"date": "2012-12-31", "symbol": "TRGP", "reportedCurrency": "USD", "cik": "0001389170", "fillingDate": "2013-02-19", "acceptedDate": "2013-02-19 16:47:42", "calendarYear": "2012", "period": "FY", "revenue": 5885700000, "costOfRevenue": 5076600000, "grossProfit": 809100000, "grossProfitRatio": 0.1374687803, "researchAndDevelopmentExpenses": 0, "generalAndAdministrativeExpenses": 139800000, "sellingAndMarketingExpenses": 0, "sellingGeneralAndAdministrativeExpenses": 139800000, "otherExpenses": -8400000, "operatingExpenses": 472800000, "costAndExpenses": 5549400000, "interestIncome": 0, "interestExpense": 120800000, "depreciationAndAmortization": 197600000, "ebitda": 349100000, "ebitdaratio": 0.0593132508, "operatingIncome": 336300000, "operatingIncomeRatio": 0.0571384882, "totalOtherIncomeExpensesNet": -19300000, "incomeBeforeTax": 196200000, "incomeBeforeTaxRatio": 0.0333350324, "incomeTaxExpense": 36900000, "netIncome": 38100000, "netIncomeRatio": 0.0064733167, "eps": 0.93, "epsdiluted": 0.91, "weightedAverageShsOut": 41000000, "weightedAverageShsOutDil": 41800000, "link": "https://www.sec.gov/Archives/edgar/data/1389170/000114036113008128/0001140361-13-008128-index.htm", "finalLink": "https://www.sec.gov/Archives/edgar/data/1389170/000114036113008128/form10k.htm", "calculatedOtherExpenses": 333000000, "calculatedOperatingExpenses": 472800000, "calculatedNetInterest": -120800000, "calculatedOtherIncome": -19300000, "calculatedIncomeNonControlling": 121200000, "calculatedEbitda": 533900000}, {"date": "2011-12-31", "symbol": "TRGP", "reportedCurrency": "USD", "cik": "0001389170", "fillingDate": "2012-02-27", "acceptedDate": "2012-02-27 17:08:27", "calendarYear": "2011", "period": "FY", "revenue": 6994500000, "costOfRevenue": 6039000000, "grossProfit": 955500000, "grossProfitRatio": 0.1366073343, "researchAndDevelopmentExpenses": 0, "generalAndAdministrativeExpenses": 136100000, "sellingAndMarketingExpenses": 0, "sellingGeneralAndAdministrativeExpenses": 136100000, "otherExpenses": -1200000, "operatingExpenses": 604400000, "costAndExpenses": 6643400000, "interestIncome": 0, "interestExpense": 111700000, "depreciationAndAmortization": 181000000, "ebitda": 540900000, "ebitdaratio": 0.0773321896, "operatingIncome": 351100000, "operatingIncomeRatio": 0.050196583, "totalOtherIncomeExpensesNet": 2600000, "incomeBeforeTax": 242000000, "incomeBeforeTaxRatio": 0.0345986132, "incomeTaxExpense": 26600000, "netIncome": 30700000, "netIncomeRatio": 0.0043891629, "eps": 0.75, "epsdiluted": 0.74, "weightedAverageShsOut": 41000000, "weightedAverageShsOutDil": 41400000, "link": "https://www.sec.gov/Archives/edgar/data/1389170/000138917012000007/0001389170-12-000007-index.htm", "finalLink": "https://www.sec.gov/Archives/edgar/data/1389170/000138917012000007/form10-k.htm", "calculatedOtherExpenses": 468300000, "calculatedOperatingExpenses": 604400000, "calculatedNetInterest": -111700000, "calculatedOtherIncome": 2600000, "calculatedIncomeNonControlling": 184700000, "calculatedEbitda": 532100000}, {"date": "2010-12-31", "symbol": "TRGP", "reportedCurrency": "USD", "cik": "0001389170", "fillingDate": "2011-03-30", "acceptedDate": "2011-03-29 19:36:15", "calendarYear": "2010", "period": "FY", "revenue": 5469200000, "costOfRevenue": 4687700000, "grossProfit": 781500000, "grossProfitRatio": 0.1428910992, "researchAndDevelopmentExpenses": 0, "generalAndAdministrativeExpenses": 144400000, "sellingAndMarketingExpenses": 0, "sellingGeneralAndAdministrativeExpenses": 144400000, "otherExpenses": 500000, "operatingExpenses": 585400000, "costAndExpenses": 5273100000, "interestIncome": 0, "interestExpense": 110900000, "depreciationAndAmortization": 174700000, "ebitda": 387000000, "ebitdaratio": 0.0707598918, "operatingIncome": 196100000, "operatingIncomeRatio": 0.0358553353, "totalOtherIncomeExpensesNet": 600000, "incomeBeforeTax": 85800000, "incomeBeforeTaxRatio": 0.015687852, "incomeTaxExpense": 22500000, "netIncome": -15000000, "netIncomeRatio": -0.0027426315, "eps": -2.31, "epsdiluted": -2.31, "weightedAverageShsOut": 6500000, "weightedAverageShsOutDil": 6500000, "link": "https://www.sec.gov/Archives/edgar/data/1389170/000138917011000005/0001389170-11-000005-index.htm", "finalLink": "https://www.sec.gov/Archives/edgar/data/1389170/000138917011000005/form10-ka.htm", "calculatedOtherExpenses": 441000000, "calculatedOperatingExpenses": 585400000, "calculatedNetInterest": -110900000, "calculatedOtherIncome": 600000, "calculatedIncomeNonControlling": 78300000, "calculatedEbitda": 370800000}, {"date": "2009-12-31", "symbol": "TRGP", "reportedCurrency": "USD", "cik": "0001389170", "fillingDate": "2009-12-31", "acceptedDate": "2009-12-30 19:00:00", "calendarYear": "2009", "period": "FY", "revenue": 4536000000, "costOfRevenue": 3791100000, "grossProfit": 744900000, "grossProfitRatio": 0.1642195767, "researchAndDevelopmentExpenses": 0, "generalAndAdministrativeExpenses": 0, "sellingAndMarketingExpenses": 0, "sellingGeneralAndAdministrativeExpenses": 120400000, "otherExpenses": 407300000, "operatingExpenses": 527700000, "costAndExpenses": 4318800000, "interestIncome": 0, "interestExpense": 132100000, "depreciationAndAmortization": 168800000, "ebitda": 392500000, "ebitdaratio": 0.0865299824, "operatingIncome": 217200000, "operatingIncomeRatio": 0.0478835979, "totalOtherIncomeExpensesNet": 14700000, "incomeBeforeTax": 99800000, "incomeBeforeTaxRatio": 0.0220017637, "incomeTaxExpense": 20700000, "netIncome": 29300000, "netIncomeRatio": 0.0064594356, "eps": 0.75, "epsdiluted": 0.74, "weightedAverageShsOut": 42300000, "weightedAverageShsOutDil": 42300000, "link": "", "finalLink": "", "calculatedOtherExpenses": 407300000, "calculatedOperatingExpenses": 527700000, "calculatedNetInterest": -132100000, "calculatedOtherIncome": 14700000, "calculatedIncomeNonControlling": 49800000, "calculatedEbitda": 386000000}, {"date": "2008-12-31", "symbol": "TRGP", "reportedCurrency": "USD", "cik": "0001389170", "fillingDate": "2008-12-31", "acceptedDate": "2008-12-30 19:00:00", "calendarYear": "2008", "period": "FY", "revenue": 7998900000, "costOfRevenue": 7218500000, "grossProfit": 780400000, "grossProfitRatio": 0.097563415, "researchAndDevelopmentExpenses": 0, "generalAndAdministrativeExpenses": 96400000, "sellingAndMarketingExpenses": 0, "sellingGeneralAndAdministrativeExpenses": 96400000, "otherExpenses": 449500000, "operatingExpenses": 545900000, "costAndExpenses": 7764400000, "interestIncome": 0, "interestExpense": 141200000, "depreciationAndAmortization": 160900000, "ebitda": 409400000, "ebitdaratio": 0.0511820375, "operatingIncome": 234500000, "operatingIncomeRatio": 0.029316531, "totalOtherIncomeExpensesNet": 60400000, "incomeBeforeTax": 153700000, "incomeBeforeTaxRatio": 0.0192151421, "incomeTaxExpense": 19300000, "netIncome": 37300000, "netIncomeRatio": 0.0046631412, "eps": 8.67, "epsdiluted": 8.67, "weightedAverageShsOut": 42300000, "weightedAverageShsOutDil": 42300000, "link": "", "finalLink": "", "calculatedOtherExpenses": 449500000, "calculatedOperatingExpenses": 545900000, "calculatedNetInterest": -141200000, "calculatedOtherIncome": 60400000, "calculatedIncomeNonControlling": 97100000, "calculatedEbitda": 395400000}]}