{"originalCurrency": "USD", "convertedCurrency": "USD", "report": [{"date": "2023-12-31", "symbol": "TRN", "reportedCurrency": "USD", "cik": "0000099780", "fillingDate": "2024-02-22", "acceptedDate": "2024-02-22 15:11:22", "calendarYear": "2023", "period": "FY", "revenue": 2983300000, "costOfRevenue": 2456200000, "grossProfit": 527100000, "grossProfitRatio": 0.1766835384, "researchAndDevelopmentExpenses": 0, "generalAndAdministrativeExpenses": 201900000, "sellingAndMarketingExpenses": 0, "sellingGeneralAndAdministrativeExpenses": 201900000, "otherExpenses": -2500000, "operatingExpenses": 201900000, "costAndExpenses": 2658100000, "interestIncome": 0, "interestExpense": 265500000, "depreciationAndAmortization": 293200000, "ebitda": 615900000, "ebitdaratio": 0.2064492341, "operatingIncome": 417000000, "operatingIncomeRatio": 0.1397780981, "totalOtherIncomeExpensesNet": 89300000, "incomeBeforeTax": 149000000, "incomeBeforeTaxRatio": 0.0499446921, "incomeTaxExpense": 9000000, "netIncome": 106000000, "netIncomeRatio": 0.0355311233, "eps": 1.31, "epsdiluted": 1.27, "weightedAverageShsOut": 81200000, "weightedAverageShsOutDil": 83400000, "link": "https://www.sec.gov/Archives/edgar/data/99780/000009978024000017/0000099780-24-000017-index.htm", "finalLink": "https://www.sec.gov/Archives/edgar/data/99780/000009978024000017/trn-20231231.htm", "calculatedOtherExpenses": -91800000, "calculatedOperatingExpenses": 110100000, "calculatedNetInterest": -265500000, "calculatedOtherIncome": -2500000, "calculatedIncomeNonControlling": 34000000, "calculatedEbitda": 710200000}, {"date": "2022-12-31", "symbol": "TRN", "reportedCurrency": "USD", "cik": "0000099780", "fillingDate": "2023-02-21", "acceptedDate": "2023-02-21 14:46:21", "calendarYear": "2022", "period": "FY", "revenue": 1977300000, "costOfRevenue": 1609600000, "grossProfit": 367700000, "grossProfitRatio": 0.1859606534, "researchAndDevelopmentExpenses": 0, "generalAndAdministrativeExpenses": 185400000, "sellingAndMarketingExpenses": 0, "sellingGeneralAndAdministrativeExpenses": 185400000, "otherExpenses": 1600000, "operatingExpenses": 185400000, "costAndExpenses": 1795000000, "interestIncome": 207600000, "interestExpense": 207600000, "depreciationAndAmortization": 276400000, "ebitda": 183900000, "ebitdaratio": 0.0930056137, "operatingIncome": -92500000, "operatingIncomeRatio": -0.0467809639, "totalOtherIncomeExpensesNet": 219000000, "incomeBeforeTax": 126500000, "incomeBeforeTaxRatio": 0.0639761291, "incomeTaxExpense": 27600000, "netIncome": 98900000, "netIncomeRatio": 0.0500177009, "eps": 1.21, "epsdiluted": 1.17, "weightedAverageShsOut": 81900000, "weightedAverageShsOutDil": 84200000, "link": "https://www.sec.gov/Archives/edgar/data/99780/000009978023000013/0000099780-23-000013-index.htm", "finalLink": "https://www.sec.gov/Archives/edgar/data/99780/000009978023000013/trn-20221231.htm", "calculatedOtherExpenses": 274800000, "calculatedOperatingExpenses": 460200000, "calculatedNetInterest": 0, "calculatedOtherIncome": 219000000, "calculatedIncomeNonControlling": 0, "calculatedEbitda": 183900000}, {"date": "2021-12-31", "symbol": "TRN", "reportedCurrency": "USD", "cik": "0000099780", "fillingDate": "2022-02-17", "acceptedDate": "2022-02-17 15:04:15", "calendarYear": "2021", "period": "FY", "revenue": 1516000000, "costOfRevenue": 1161500000, "grossProfit": 354500000, "grossProfitRatio": 0.2338390501, "researchAndDevelopmentExpenses": 0, "generalAndAdministrativeExpenses": 179000000, "sellingAndMarketingExpenses": 0, "sellingGeneralAndAdministrativeExpenses": 179000000, "otherExpenses": 900000, "operatingExpenses": 179000000, "costAndExpenses": 1340500000, "interestIncome": 191400000, "interestExpense": 191400000, "depreciationAndAmortization": 265700000, "ebitda": 176400000, "ebitdaratio": 0.1163588391, "operatingIncome": -89300000, "operatingIncomeRatio": -0.0589050132, "totalOtherIncomeExpensesNet": 144500000, "incomeBeforeTax": 55200000, "incomeBeforeTaxRatio": 0.0364116095, "incomeTaxExpense": 15900000, "netIncome": 39300000, "netIncomeRatio": 0.0259234828, "eps": 0.39, "epsdiluted": 0.38, "weightedAverageShsOut": 101500000, "weightedAverageShsOutDil": 103800000, "link": "https://www.sec.gov/Archives/edgar/data/99780/000009978022000013/0000099780-22-000013-index.htm", "finalLink": "https://www.sec.gov/Archives/edgar/data/99780/000009978022000013/trn-20211231.htm", "calculatedOtherExpenses": 264800000, "calculatedOperatingExpenses": 443800000, "calculatedNetInterest": 0, "calculatedOtherIncome": 144500000, "calculatedIncomeNonControlling": 0, "calculatedEbitda": 176400000}, {"date": "2020-12-31", "symbol": "TRN", "reportedCurrency": "USD", "cik": "0000099780", "fillingDate": "2021-02-24", "acceptedDate": "2021-02-24 11:59:31", "calendarYear": "2020", "period": "FY", "revenue": 1999400000, "costOfRevenue": 1508400000, "grossProfit": 491000000, "grossProfitRatio": 0.2455736721, "researchAndDevelopmentExpenses": 0, "generalAndAdministrativeExpenses": 379900000, "sellingAndMarketingExpenses": 0, "sellingGeneralAndAdministrativeExpenses": 379900000, "otherExpenses": -2500000, "operatingExpenses": 379900000, "costAndExpenses": 1888300000, "interestIncome": 3200000, "interestExpense": 216000000, "depreciationAndAmortization": 266000000, "ebitda": 108600000, "ebitdaratio": 0.0543162949, "operatingIncome": -157400000, "operatingIncomeRatio": -0.0787236171, "totalOtherIncomeExpensesNet": -337100000, "incomeBeforeTax": -494500000, "incomeBeforeTaxRatio": -0.2473241973, "incomeTaxExpense": -268400000, "netIncome": -226100000, "netIncomeRatio": -0.1130839252, "eps": -1.95, "epsdiluted": -1.95, "weightedAverageShsOut": 115900000, "weightedAverageShsOutDil": 115900000, "link": "https://www.sec.gov/Archives/edgar/data/99780/000009978021000012/0000099780-21-000012-index.htm", "finalLink": "https://www.sec.gov/Archives/edgar/data/99780/000009978021000012/trn-20201231.htm", "calculatedOtherExpenses": 268500000, "calculatedOperatingExpenses": 648400000, "calculatedNetInterest": -212800000, "calculatedOtherIncome": -124300000, "calculatedIncomeNonControlling": 0, "calculatedEbitda": 108600000}, {"date": "2019-12-31", "symbol": "TRN", "reportedCurrency": "USD", "cik": "0000099780", "fillingDate": "2020-02-20", "acceptedDate": "2020-02-20 12:48:58", "calendarYear": "2019", "period": "FY", "revenue": 3005100000, "costOfRevenue": 2365700000, "grossProfit": 639400000, "grossProfitRatio": 0.2127716216, "researchAndDevelopmentExpenses": 0, "generalAndAdministrativeExpenses": 0, "sellingAndMarketingExpenses": 0, "sellingGeneralAndAdministrativeExpenses": 262800000, "otherExpenses": -1100000, "operatingExpenses": 262800000, "costAndExpenses": 2628500000, "interestIncome": 7300000, "interestExpense": 221800000, "depreciationAndAmortization": 204200000, "ebitda": 620500000, "ebitdaratio": 0.2064823134, "operatingIncome": 416300000, "operatingIncomeRatio": 0.1385311637, "totalOtherIncomeExpensesNet": -215600000, "incomeBeforeTax": 200700000, "incomeBeforeTaxRatio": 0.066786463, "incomeTaxExpense": 61500000, "netIncome": 137600000, "netIncomeRatio": 0.0457888257, "eps": 1.08, "epsdiluted": 1.07, "weightedAverageShsOut": 125600000, "weightedAverageShsOutDil": 127300000, "link": "https://www.sec.gov/Archives/edgar/data/99780/000009978020000025/0000099780-20-000025-index.htm", "finalLink": "https://www.sec.gov/Archives/edgar/data/99780/000009978020000025/trn1231201910k-q4.htm", "calculatedOtherExpenses": -39700000, "calculatedOperatingExpenses": 223100000, "calculatedNetInterest": -214500000, "calculatedOtherIncome": -1100000, "calculatedIncomeNonControlling": 1600000, "calculatedEbitda": 620500000}, {"date": "2018-12-31", "symbol": "TRN", "reportedCurrency": "USD", "cik": "0000099780", "fillingDate": "2019-02-21", "acceptedDate": "2019-02-21 12:57:48", "calendarYear": "2018", "period": "FY", "revenue": 2509100000, "costOfRevenue": 1938800000, "grossProfit": 570300000, "grossProfitRatio": 0.2272926547, "researchAndDevelopmentExpenses": 0, "generalAndAdministrativeExpenses": 0, "sellingAndMarketingExpenses": 0, "sellingGeneralAndAdministrativeExpenses": 296600000, "otherExpenses": 3900000, "operatingExpenses": 296600000, "costAndExpenses": 2235400000, "interestIncome": 11900000, "interestExpense": 179300000, "depreciationAndAmortization": 251900000, "ebitda": 484200000, "ebitdaratio": 0.1929775617, "operatingIncome": 315100000, "operatingIncomeRatio": 0.1255828783, "totalOtherIncomeExpensesNet": 45300000, "incomeBeforeTax": 151600000, "incomeBeforeTaxRatio": 0.0604200709, "incomeTaxExpense": 42600000, "netIncome": 159300000, "netIncomeRatio": 0.0634889004, "eps": 1.11, "epsdiluted": 1.09, "weightedAverageShsOut": 144000000, "weightedAverageShsOutDil": 146400000, "link": "https://www.sec.gov/Archives/edgar/data/99780/000009978019000019/0000099780-19-000019-index.htm", "finalLink": "https://www.sec.gov/Archives/edgar/data/99780/000009978019000019/trn1231201810k-q4.htm", "calculatedOtherExpenses": -41400000, "calculatedOperatingExpenses": 255200000, "calculatedNetInterest": -167400000, "calculatedOtherIncome": 3900000, "calculatedIncomeNonControlling": -50300000, "calculatedEbitda": 567000000}, {"date": "2017-12-31", "symbol": "TRN", "reportedCurrency": "USD", "cik": "0000099780", "fillingDate": "2018-02-22", "acceptedDate": "2018-02-22 12:26:07", "calendarYear": "2017", "period": "FY", "revenue": 3662800000, "costOfRevenue": 2745500000, "grossProfit": 917300000, "grossProfitRatio": 0.2504368243, "researchAndDevelopmentExpenses": 0, "generalAndAdministrativeExpenses": 0, "sellingAndMarketingExpenses": 0, "sellingGeneralAndAdministrativeExpenses": 454800000, "otherExpenses": -3700000, "operatingExpenses": 454800000, "costAndExpenses": 3200300000, "interestIncome": 10600000, "interestExpense": 184000000, "depreciationAndAmortization": 295400000, "ebitda": 671300000, "ebitdaratio": 0.1832750901, "operatingIncome": 549100000, "operatingIncomeRatio": 0.1499126351, "totalOtherIncomeExpensesNet": 82900000, "incomeBeforeTax": 372000000, "incomeBeforeTaxRatio": 0.1015616468, "incomeTaxExpense": -341600000, "netIncome": 702500000, "netIncomeRatio": 0.1917931637, "eps": 4.62, "epsdiluted": 4.52, "weightedAverageShsOut": 148600000, "weightedAverageShsOutDil": 152000000, "link": "https://www.sec.gov/Archives/edgar/data/99780/000009978018000027/0000099780-18-000027-index.htm", "finalLink": "https://www.sec.gov/Archives/edgar/data/99780/000009978018000027/trn1231201710k.htm", "calculatedOtherExpenses": -86600000, "calculatedOperatingExpenses": 368200000, "calculatedNetInterest": -173400000, "calculatedOtherIncome": -3700000, "calculatedIncomeNonControlling": 11100000, "calculatedEbitda": 844500000}, {"date": "2016-12-31", "symbol": "TRN", "reportedCurrency": "USD", "cik": "0000099780", "fillingDate": "2017-02-17", "acceptedDate": "2017-02-17 12:22:59", "calendarYear": "2016", "period": "FY", "revenue": 4588300000, "costOfRevenue": 3456100000, "grossProfit": 1132200000, "grossProfitRatio": 0.2467580585, "researchAndDevelopmentExpenses": 0, "generalAndAdministrativeExpenses": 0, "sellingAndMarketingExpenses": 0, "sellingGeneralAndAdministrativeExpenses": 407400000, "otherExpenses": 1100000, "operatingExpenses": 407400000, "costAndExpenses": 3863500000, "interestIncome": 5400000, "interestExpense": 181900000, "depreciationAndAmortization": 283000000, "ebitda": 990400000, "ebitdaratio": 0.2158533662, "operatingIncome": 742200000, "operatingIncomeRatio": 0.1617592572, "totalOtherIncomeExpensesNet": 18500000, "incomeBeforeTax": 566800000, "incomeBeforeTaxRatio": 0.1235315912, "incomeTaxExpense": 202100000, "netIncome": 343600000, "netIncomeRatio": 0.0748861234, "eps": 2.25, "epsdiluted": 2.25, "weightedAverageShsOut": 148400000, "weightedAverageShsOutDil": 148600000, "link": "https://www.sec.gov/Archives/edgar/data/99780/000009978017000014/0000099780-17-000014-index.htm", "finalLink": "https://www.sec.gov/Archives/edgar/data/99780/000009978017000014/trn1231201610k.htm", "calculatedOtherExpenses": -17400000, "calculatedOperatingExpenses": 390000000, "calculatedNetInterest": -176500000, "calculatedOtherIncome": 1100000, "calculatedIncomeNonControlling": 21100000, "calculatedEbitda": 1025200000}, {"date": "2015-12-31", "symbol": "TRN", "reportedCurrency": "USD", "cik": "0000099780", "fillingDate": "2016-02-19", "acceptedDate": "2016-02-19 12:26:59", "calendarYear": "2015", "period": "FY", "revenue": 6392700000, "costOfRevenue": 4656200000, "grossProfit": 1736500000, "grossProfitRatio": 0.2716379621, "researchAndDevelopmentExpenses": 0, "generalAndAdministrativeExpenses": 0, "sellingAndMarketingExpenses": 0, "sellingGeneralAndAdministrativeExpenses": 476400000, "otherExpenses": 5600000, "operatingExpenses": 476400000, "costAndExpenses": 5132600000, "interestIncome": 2200000, "interestExpense": 194700000, "depreciationAndAmortization": 266400000, "ebitda": 1347700000, "ebitdaratio": 0.21081859, "operatingIncome": 1438900000, "operatingIncomeRatio": 0.2250848624, "totalOtherIncomeExpensesNet": 184400000, "incomeBeforeTax": 1252000000, "incomeBeforeTaxRatio": 0.1958483896, "incomeTaxExpense": 426000000, "netIncome": 796500000, "netIncomeRatio": 0.1245952414, "eps": 5.14, "epsdiluted": 5.08, "weightedAverageShsOut": 150200000, "weightedAverageShsOutDil": 152200000, "link": "https://www.sec.gov/Archives/edgar/data/99780/000009978016000164/0000099780-16-000164-index.htm", "finalLink": "https://www.sec.gov/Archives/edgar/data/99780/000009978016000164/trn1231201510k.htm", "calculatedOtherExpenses": -178800000, "calculatedOperatingExpenses": 297600000, "calculatedNetInterest": -192500000, "calculatedOtherIncome": 5600000, "calculatedIncomeNonControlling": 29500000, "calculatedEbitda": 1705300000}, {"date": "2014-12-31", "symbol": "TRN", "reportedCurrency": "USD", "cik": "0000099780", "fillingDate": "2015-02-19", "acceptedDate": "2015-02-19 12:27:54", "calendarYear": "2014", "period": "FY", "revenue": 6170000000, "costOfRevenue": 4619800000, "grossProfit": 1550200000, "grossProfitRatio": 0.2512479741, "researchAndDevelopmentExpenses": 0, "generalAndAdministrativeExpenses": 0, "sellingAndMarketingExpenses": 0, "sellingGeneralAndAdministrativeExpenses": 403600000, "otherExpenses": 4600000, "operatingExpenses": 403600000, "costAndExpenses": 5023400000, "interestIncome": 1900000, "interestExpense": 193400000, "depreciationAndAmortization": 244600000, "ebitda": 1286800000, "ebitdaratio": 0.2085575365, "operatingIncome": 1251000000, "operatingIncomeRatio": 0.2027552674, "totalOtherIncomeExpensesNet": 109000000, "incomeBeforeTax": 1064100000, "incomeBeforeTaxRatio": 0.1724635332, "incomeTaxExpense": 354800000, "netIncome": 678200000, "netIncomeRatio": 0.1099189627, "eps": 4.35, "epsdiluted": 4.19, "weightedAverageShsOut": 151000000, "weightedAverageShsOutDil": 156700000, "link": "https://www.sec.gov/Archives/edgar/data/99780/000009978015000023/0000099780-15-000023-index.htm", "finalLink": "https://www.sec.gov/Archives/edgar/data/99780/000009978015000023/trn1231201410k.htm", "calculatedOtherExpenses": -104400000, "calculatedOperatingExpenses": 299200000, "calculatedNetInterest": -191500000, "calculatedOtherIncome": 4600000, "calculatedIncomeNonControlling": 31100000, "calculatedEbitda": 1495600000}, {"date": "2013-12-31", "symbol": "TRN", "reportedCurrency": "USD", "cik": "0000099780", "fillingDate": "2014-02-20", "acceptedDate": "2014-02-20 12:25:47", "calendarYear": "2013", "period": "FY", "revenue": 4365300000, "costOfRevenue": 3322300000, "grossProfit": 1043000000, "grossProfitRatio": 0.2389297414, "researchAndDevelopmentExpenses": 0, "generalAndAdministrativeExpenses": 0, "sellingAndMarketingExpenses": 0, "sellingGeneralAndAdministrativeExpenses": 291300000, "otherExpenses": 2800000, "operatingExpenses": 291300000, "costAndExpenses": 3613600000, "interestIncome": 2100000, "interestExpense": 187300000, "depreciationAndAmortization": 211500000, "ebitda": 968400000, "ebitdaratio": 0.2218404233, "operatingIncome": 772900000, "operatingIncomeRatio": 0.1770554143, "totalOtherIncomeExpensesNet": 24000000, "incomeBeforeTax": 590500000, "incomeBeforeTaxRatio": 0.1352713445, "incomeTaxExpense": 204400000, "netIncome": 375500000, "netIncomeRatio": 0.0860192885, "eps": 2.38, "epsdiluted": 2.38, "weightedAverageShsOut": 152800000, "weightedAverageShsOutDil": 152900000, "link": "https://www.sec.gov/Archives/edgar/data/99780/000009978014000019/0000099780-14-000019-index.htm", "finalLink": "https://www.sec.gov/Archives/edgar/data/99780/000009978014000019/trn1231201310k.htm", "calculatedOtherExpenses": -21200000, "calculatedOperatingExpenses": 270100000, "calculatedNetInterest": -185200000, "calculatedOtherIncome": 2800000, "calculatedIncomeNonControlling": 10600000, "calculatedEbitda": 984400000}, {"date": "2012-12-31", "symbol": "TRN", "reportedCurrency": "USD", "cik": "0000099780", "fillingDate": "2013-02-21", "acceptedDate": "2013-02-21 12:19:02", "calendarYear": "2012", "period": "FY", "revenue": 3811900000, "costOfRevenue": 3051500000, "grossProfit": 760400000, "grossProfitRatio": 0.199480574, "researchAndDevelopmentExpenses": 0, "generalAndAdministrativeExpenses": 0, "sellingAndMarketingExpenses": 0, "sellingGeneralAndAdministrativeExpenses": 224100000, "otherExpenses": 1600000, "operatingExpenses": 224100000, "costAndExpenses": 3275600000, "interestIncome": 1500000, "interestExpense": 194700000, "depreciationAndAmortization": 193700000, "ebitda": 733500000, "ebitdaratio": 0.1924237257, "operatingIncome": 574800000, "operatingIncomeRatio": 0.1507909441, "totalOtherIncomeExpensesNet": 42800000, "incomeBeforeTax": 385900000, "incomeBeforeTaxRatio": 0.1012356043, "incomeTaxExpense": 134000000, "netIncome": 255200000, "netIncomeRatio": 0.066948241, "eps": 1.6, "epsdiluted": 1.59, "weightedAverageShsOut": 154700000, "weightedAverageShsOutDil": 155100000, "link": "https://www.sec.gov/Archives/edgar/data/99780/000009978013000019/0000099780-13-000019-index.htm", "finalLink": "https://www.sec.gov/Archives/edgar/data/99780/000009978013000019/trn1231201210k-discops.htm", "calculatedOtherExpenses": -38500000, "calculatedOperatingExpenses": 185600000, "calculatedNetInterest": -193200000, "calculatedOtherIncome": 4300000, "calculatedIncomeNonControlling": -3300000, "calculatedEbitda": 768500000}, {"date": "2011-12-31", "symbol": "TRN", "reportedCurrency": "USD", "cik": "0000099780", "fillingDate": "2012-02-16", "acceptedDate": "2012-02-16 12:57:48", "calendarYear": "2011", "period": "FY", "revenue": 3075100000, "costOfRevenue": 2482900000, "grossProfit": 592200000, "grossProfitRatio": 0.1925791031, "researchAndDevelopmentExpenses": 0, "generalAndAdministrativeExpenses": 0, "sellingAndMarketingExpenses": 0, "sellingGeneralAndAdministrativeExpenses": 209100000, "otherExpenses": -42200000, "operatingExpenses": 166900000, "costAndExpenses": 2649800000, "interestIncome": 1500000, "interestExpense": 185300000, "depreciationAndAmortization": 192900000, "ebitda": 619700000, "ebitdaratio": 0.2015219017, "operatingIncome": 425300000, "operatingIncomeRatio": 0.1383044454, "totalOtherIncomeExpensesNet": -4000000, "incomeBeforeTax": 237500000, "incomeBeforeTaxRatio": 0.0772332607, "incomeTaxExpense": 91800000, "netIncome": 142200000, "netIncomeRatio": 0.0462423986, "eps": 0.89, "epsdiluted": 0.89, "weightedAverageShsOut": 155000000, "weightedAverageShsOutDil": 155600000, "link": "https://www.sec.gov/Archives/edgar/data/99780/000119312512064939/0001193125-12-064939-index.htm", "finalLink": "https://www.sec.gov/Archives/edgar/data/99780/000119312512064939/d261475d10k.htm", "calculatedOtherExpenses": -42200000, "calculatedOperatingExpenses": 166900000, "calculatedNetInterest": -183800000, "calculatedOtherIncome": -4000000, "calculatedIncomeNonControlling": 3500000, "calculatedEbitda": 618200000}, {"date": "2010-12-31", "symbol": "TRN", "reportedCurrency": "USD", "cik": "0000099780", "fillingDate": "2011-02-17", "acceptedDate": "2011-02-17 12:31:06", "calendarYear": "2010", "period": "FY", "revenue": 2189100000, "costOfRevenue": 1708700000, "grossProfit": 480400000, "grossProfitRatio": 0.2194509159, "researchAndDevelopmentExpenses": 0, "generalAndAdministrativeExpenses": 0, "sellingAndMarketingExpenses": 0, "sellingGeneralAndAdministrativeExpenses": 186100000, "otherExpenses": -9700000, "operatingExpenses": 176400000, "costAndExpenses": 1885100000, "interestIncome": 1400000, "interestExpense": 188900000, "depreciationAndAmortization": 189600000, "ebitda": 495000000, "ebitdaratio": 0.2261203234, "operatingIncome": 304000000, "operatingIncomeRatio": 0.1388698552, "totalOtherIncomeExpensesNet": -187500000, "incomeBeforeTax": 116500000, "incomeBeforeTaxRatio": 0.0532182175, "incomeTaxExpense": 40900000, "netIncome": 67400000, "netIncomeRatio": 0.0307889087, "eps": 0.43, "epsdiluted": 0.43, "weightedAverageShsOut": 153600000, "weightedAverageShsOutDil": 154000000, "link": "https://www.sec.gov/Archives/edgar/data/99780/000095012311015047/0000950123-11-015047-index.htm", "finalLink": "https://www.sec.gov/Archives/edgar/data/99780/000095012311015047/d78691e10vk.htm", "calculatedOtherExpenses": -9700000, "calculatedOperatingExpenses": 176400000, "calculatedNetInterest": -187500000, "calculatedOtherIncome": 0, "calculatedIncomeNonControlling": 8200000, "calculatedEbitda": 493600000}, {"date": "2009-12-31", "symbol": "TRN", "reportedCurrency": "USD", "cik": "0000099780", "fillingDate": "2010-02-18", "acceptedDate": "2010-02-18 12:30:36", "calendarYear": "2009", "period": "FY", "revenue": 2575200000, "costOfRevenue": 2095000000, "grossProfit": 480200000, "grossProfitRatio": 0.1864709537, "researchAndDevelopmentExpenses": 0, "generalAndAdministrativeExpenses": 0, "sellingAndMarketingExpenses": 0, "sellingGeneralAndAdministrativeExpenses": 185900000, "otherExpenses": 0, "operatingExpenses": 185900000, "costAndExpenses": 2280900000, "interestIncome": 1700000, "interestExpense": 123200000, "depreciationAndAmortization": 160800000, "ebitda": 456800000, "ebitdaratio": 0.1773842808, "operatingIncome": -30700000, "operatingIncomeRatio": -0.0119214042, "totalOtherIncomeExpensesNet": -319700000, "incomeBeforeTax": -146900000, "incomeBeforeTaxRatio": -0.0570441131, "incomeTaxExpense": -9400000, "netIncome": -137700000, "netIncomeRatio": -0.053471575, "eps": -0.9, "epsdiluted": -0.9, "weightedAverageShsOut": 152800000, "weightedAverageShsOutDil": 152800000, "link": "https://www.sec.gov/Archives/edgar/data/99780/000095012310014030/0000950123-10-014030-index.htm", "finalLink": "https://www.sec.gov/Archives/edgar/data/99780/000095012310014030/d71017e10vk.htm", "calculatedOtherExpenses": 325000000, "calculatedOperatingExpenses": 510900000, "calculatedNetInterest": -121500000, "calculatedOtherIncome": 5300000, "calculatedIncomeNonControlling": 200000, "calculatedEbitda": 130100000}, {"date": "2008-12-31", "symbol": "TRN", "reportedCurrency": "USD", "cik": "0000099780", "fillingDate": "2009-02-19", "acceptedDate": "2009-02-19 12:13:05", "calendarYear": "2008", "period": "FY", "revenue": 3882800000, "costOfRevenue": 3090800000, "grossProfit": 792000000, "grossProfitRatio": 0.2039765118, "researchAndDevelopmentExpenses": 0, "generalAndAdministrativeExpenses": 0, "sellingAndMarketingExpenses": 0, "sellingGeneralAndAdministrativeExpenses": 243000000, "otherExpenses": 0, "operatingExpenses": 3333800000, "costAndExpenses": 3333800000, "interestIncome": 5100000, "interestExpense": 100400000, "depreciationAndAmortization": 140300000, "ebitda": 558100000, "ebitdaratio": 0.1437364788, "operatingIncome": 549000000, "operatingIncomeRatio": 0.1413928093, "totalOtherIncomeExpensesNet": -9100000, "incomeBeforeTax": 462800000, "incomeBeforeTaxRatio": 0.1191923354, "incomeTaxExpense": 175500000, "netIncome": 285800000, "netIncomeRatio": 0.0736066756, "eps": 1.83, "epsdiluted": 1.8, "weightedAverageShsOut": 156800000, "weightedAverageShsOutDil": 159400000, "link": "https://www.sec.gov/Archives/edgar/data/99780/000095013409003276/0000950134-09-003276-index.htm", "finalLink": "https://www.sec.gov/Archives/edgar/data/99780/000095013409003276/d65573e10vk.htm", "calculatedOtherExpenses": 0, "calculatedOperatingExpenses": 243000000, "calculatedNetInterest": -95300000, "calculatedOtherIncome": 9100000, "calculatedIncomeNonControlling": 1500000, "calculatedEbitda": 689300000}, {"date": "2007-12-31", "symbol": "TRN", "reportedCurrency": "USD", "cik": "0000099780", "fillingDate": "2008-02-21", "acceptedDate": "2008-02-21 12:06:40", "calendarYear": "2007", "period": "FY", "revenue": 3832800000, "costOfRevenue": 3091100000, "grossProfit": 741700000, "grossProfitRatio": 0.1935138802, "researchAndDevelopmentExpenses": 0, "generalAndAdministrativeExpenses": 0, "sellingAndMarketingExpenses": 0, "sellingGeneralAndAdministrativeExpenses": 228900000, "otherExpenses": 0, "operatingExpenses": 228900000, "costAndExpenses": 3320000000, "interestIncome": -12200000, "interestExpense": 34800000, "depreciationAndAmortization": 118900000, "ebitda": 616200000, "ebitdaratio": 0.1607701941, "operatingIncome": 512800000, "operatingIncomeRatio": 0.1337925277, "totalOtherIncomeExpensesNet": 14400000, "incomeBeforeTax": 463200000, "incomeBeforeTaxRatio": 0.1208515967, "incomeTaxExpense": 169400000, "netIncome": 293100000, "netIncomeRatio": 0.0764715091, "eps": 1.86, "epsdiluted": 1.83, "weightedAverageShsOut": 157400000, "weightedAverageShsOutDil": 160800000, "link": "https://www.sec.gov/Archives/edgar/data/99780/000095013408003146/0000950134-08-003146-index.htm", "finalLink": "https://www.sec.gov/Archives/edgar/data/99780/000095013408003146/d53264e10vk.htm", "calculatedOtherExpenses": 0, "calculatedOperatingExpenses": 228900000, "calculatedNetInterest": -47000000, "calculatedOtherIncome": -2600000, "calculatedIncomeNonControlling": 700000, "calculatedEbitda": 631700000}, {"date": "2006-12-31", "symbol": "TRN", "reportedCurrency": "USD", "cik": "0000099780", "fillingDate": "2007-02-22", "acceptedDate": "2007-02-22 12:17:44", "calendarYear": "2006", "period": "FY", "revenue": 3218900000, "costOfRevenue": 2628200000, "grossProfit": 590700000, "grossProfitRatio": 0.1835098947, "researchAndDevelopmentExpenses": 0, "generalAndAdministrativeExpenses": 0, "sellingAndMarketingExpenses": 0, "sellingGeneralAndAdministrativeExpenses": 208100000, "otherExpenses": 0, "operatingExpenses": 208100000, "costAndExpenses": 2836300000, "interestIncome": -14800000, "interestExpense": 4300000, "depreciationAndAmortization": 87600000, "ebitda": 455000000, "ebitdaratio": 0.141352636, "operatingIncome": 382600000, "operatingIncomeRatio": 0.1188604803, "totalOtherIncomeExpensesNet": 15200000, "incomeBeforeTax": 348500000, "incomeBeforeTaxRatio": 0.1082667992, "incomeTaxExpense": 133000000, "netIncome": 230100000, "netIncomeRatio": 0.0714840473, "eps": 1.5, "epsdiluted": 1.45, "weightedAverageShsOut": 153800000, "weightedAverageShsOutDil": 158600000, "link": "https://www.sec.gov/Archives/edgar/data/99780/000095013407003858/0000950134-07-003858-index.htm", "finalLink": "https://www.sec.gov/Archives/edgar/data/99780/000095013407003858/d43759e10vk.htm", "calculatedOtherExpenses": 0, "calculatedOperatingExpenses": 208100000, "calculatedNetInterest": -19100000, "calculatedOtherIncome": -15000000, "calculatedIncomeNonControlling": -14600000, "calculatedEbitda": 470200000}, {"date": "2005-12-31", "symbol": "TRN", "reportedCurrency": "USD", "cik": "0000099780", "fillingDate": "2006-03-02", "acceptedDate": "2006-03-02 14:06:43", "calendarYear": "2005", "period": "FY", "revenue": 2902000000, "costOfRevenue": 2536000000, "grossProfit": 366000000, "grossProfitRatio": 0.1261199173, "researchAndDevelopmentExpenses": 0, "generalAndAdministrativeExpenses": 0, "sellingAndMarketingExpenses": 0, "sellingGeneralAndAdministrativeExpenses": 195600000, "otherExpenses": 0, "operatingExpenses": 195600000, "costAndExpenses": 2731600000, "interestIncome": -3300000, "interestExpense": 14700000, "depreciationAndAmortization": 88900000, "ebitda": 247200000, "ebitdaratio": 0.0851826327, "operatingIncome": 170400000, "operatingIncomeRatio": 0.0587181254, "totalOtherIncomeExpensesNet": 12100000, "incomeBeforeTax": 143600000, "incomeBeforeTaxRatio": 0.0494831151, "incomeTaxExpense": 57300000, "netIncome": 86300000, "netIncomeRatio": 0.0297381116, "eps": 0.59, "epsdiluted": 0.56, "weightedAverageShsOut": 142000000, "weightedAverageShsOutDil": 153400000, "link": "https://www.sec.gov/Archives/edgar/data/99780/000095013406004111/0000950134-06-004111-index.htm", "finalLink": "https://www.sec.gov/Archives/edgar/data/99780/000095013406004111/d33283e10vk.htm", "calculatedOtherExpenses": 0, "calculatedOperatingExpenses": 195600000, "calculatedNetInterest": -18000000, "calculatedOtherIncome": -8800000, "calculatedIncomeNonControlling": 0, "calculatedEbitda": 259300000}, {"date": "2004-12-31", "symbol": "TRN", "reportedCurrency": "USD", "cik": "0000099780", "fillingDate": "2005-03-09", "acceptedDate": "2005-03-09 15:30:44", "calendarYear": "2004", "period": "FY", "revenue": 2198100000, "costOfRevenue": 2015800000, "grossProfit": 182300000, "grossProfitRatio": 0.0829352623, "researchAndDevelopmentExpenses": 0, "generalAndAdministrativeExpenses": 0, "sellingAndMarketingExpenses": 0, "sellingGeneralAndAdministrativeExpenses": 168200000, "otherExpenses": 0, "operatingExpenses": 168200000, "costAndExpenses": 2184000000, "interestIncome": -10100000, "interestExpense": 25700000, "depreciationAndAmortization": 87200000, "ebitda": 97800000, "ebitdaratio": 0.0444929712, "operatingIncome": 14100000, "operatingIncomeRatio": 0.0064146308, "totalOtherIncomeExpensesNet": 3500000, "incomeBeforeTax": -15100000, "incomeBeforeTaxRatio": -0.0068695692, "incomeTaxExpense": -5800000, "netIncome": -9300000, "netIncomeRatio": -0.0042309267, "eps": -0.0666, "epsdiluted": -0.0666, "weightedAverageShsOut": 139600000, "weightedAverageShsOutDil": 139600000, "link": "https://www.sec.gov/Archives/edgar/data/99780/000095013405004498/0000950134-05-004498-index.htm", "finalLink": "https://www.sec.gov/Archives/edgar/data/99780/000095013405004498/d22977e10vk.htm", "calculatedOtherExpenses": 0, "calculatedOperatingExpenses": 168200000, "calculatedNetInterest": -35800000, "calculatedOtherIncome": 6600000, "calculatedIncomeNonControlling": 0, "calculatedEbitda": 101300000}, {"date": "2003-12-31", "symbol": "TRN", "reportedCurrency": "USD", "cik": "0000099780", "fillingDate": "2004-02-27", "acceptedDate": "2004-02-27 06:02:08", "calendarYear": "2003", "period": "FY", "revenue": 1432800000, "costOfRevenue": 1260400000, "grossProfit": 172400000, "grossProfitRatio": 0.1203238414, "researchAndDevelopmentExpenses": 0, "generalAndAdministrativeExpenses": 0, "sellingAndMarketingExpenses": 0, "sellingGeneralAndAdministrativeExpenses": 159000000, "otherExpenses": 0, "operatingExpenses": 159000000, "costAndExpenses": 1419400000, "interestIncome": -700000, "interestExpense": 21200000, "depreciationAndAmortization": 85600000, "ebitda": 92500000, "ebitdaratio": 0.0645589056, "operatingIncome": 13400000, "operatingIncomeRatio": 0.0093523171, "totalOtherIncomeExpensesNet": 6500000, "incomeBeforeTax": -14300000, "incomeBeforeTaxRatio": -0.0099804578, "incomeTaxExpense": -4300000, "netIncome": -10000000, "netIncomeRatio": -0.0069793412, "eps": -0.0731, "epsdiluted": -0.0731, "weightedAverageShsOut": 136800000, "weightedAverageShsOutDil": 136800000, "link": "https://www.sec.gov/Archives/edgar/data/99780/000095013404002621/0000950134-04-002621-index.htm", "finalLink": "https://www.sec.gov/Archives/edgar/data/99780/000095013404002621/d12904e10vk.htm", "calculatedOtherExpenses": 0, "calculatedOperatingExpenses": 159000000, "calculatedNetInterest": -21900000, "calculatedOtherIncome": -5800000, "calculatedIncomeNonControlling": 0, "calculatedEbitda": 99000000}, {"date": "2002-12-31", "symbol": "TRN", "reportedCurrency": "USD", "cik": "0000099780", "fillingDate": "2003-03-21", "acceptedDate": "2003-03-21 14:03:52", "calendarYear": "2002", "period": "FY", "revenue": 1487300000, "costOfRevenue": 1314000000, "grossProfit": 173300000, "grossProfitRatio": 0.1165198682, "researchAndDevelopmentExpenses": 0, "generalAndAdministrativeExpenses": 0, "sellingAndMarketingExpenses": 0, "sellingGeneralAndAdministrativeExpenses": 162600000, "otherExpenses": 0, "operatingExpenses": 162600000, "costAndExpenses": 1476600000, "interestIncome": 1200000, "interestExpense": 36300000, "depreciationAndAmortization": 90700000, "ebitda": 102600000, "ebitdaratio": 0.0689840651, "operatingIncome": 10700000, "operatingIncomeRatio": 0.0071942446, "totalOtherIncomeExpensesNet": -35100000, "incomeBeforeTax": -24400000, "incomeBeforeTaxRatio": -0.0164055671, "incomeTaxExpense": -4800000, "netIncome": -19600000, "netIncomeRatio": -0.0131782425, "eps": -0.14, "epsdiluted": -0.14, "weightedAverageShsOut": 136000000, "weightedAverageShsOutDil": 136000000, "link": "https://www.sec.gov/Archives/edgar/data/99780/000095013403004308/0000950134-03-004308-index.htm", "finalLink": "https://www.sec.gov/Archives/edgar/data/99780/000095013403004308/d04104e10vk.txt", "calculatedOtherExpenses": 0, "calculatedOperatingExpenses": 162600000, "calculatedNetInterest": -35100000, "calculatedOtherIncome": 0, "calculatedIncomeNonControlling": 0, "calculatedEbitda": 101400000}, {"date": "2001-03-31", "symbol": "TRN", "reportedCurrency": "USD", "cik": "0000099780", "fillingDate": "2001-06-18", "acceptedDate": "2001-06-18 00:00:00", "calendarYear": "2001", "period": "FY", "revenue": 1904300000, "costOfRevenue": 1667600000, "grossProfit": 236700000, "grossProfitRatio": 0.1242976422, "researchAndDevelopmentExpenses": 0, "generalAndAdministrativeExpenses": 0, "sellingAndMarketingExpenses": 0, "sellingGeneralAndAdministrativeExpenses": 213700000, "otherExpenses": 89100000, "operatingExpenses": 302800000, "costAndExpenses": 1970400000, "interestIncome": 0, "interestExpense": 78400000, "depreciationAndAmortization": 89100000, "ebitda": 51200000, "ebitdaratio": 0.02688652, "operatingIncome": -66100000, "operatingIncomeRatio": -0.0347109174, "totalOtherIncomeExpensesNet": -28200000, "incomeBeforeTax": -116300000, "incomeBeforeTaxRatio": -0.06107231, "incomeTaxExpense": -41900000, "netIncome": -74400000, "netIncomeRatio": -0.0390694743, "eps": -0.66, "epsdiluted": -0.66, "weightedAverageShsOut": 112443778, "weightedAverageShsOutDil": 112443778, "link": "https://www.sec.gov/Archives/edgar/data/99780/000095013401503278/0000950134-01-503278-index.htm", "finalLink": "https://www.sec.gov/Archives/edgar/data/99780/000095013401503278/d88339e10-k405.txt", "calculatedOtherExpenses": 89100000, "calculatedOperatingExpenses": 302800000, "calculatedNetInterest": -78400000, "calculatedOtherIncome": 28200000, "calculatedIncomeNonControlling": 0, "calculatedEbitda": 23000000}, {"date": "2000-03-31", "symbol": "TRN", "reportedCurrency": "USD", "cik": "0000099780", "fillingDate": "2000-06-07", "acceptedDate": "2000-06-07 00:00:00", "calendarYear": "2000", "period": "FY", "revenue": 2740600000, "costOfRevenue": 2197900000, "grossProfit": 542700000, "grossProfitRatio": 0.1980223309, "researchAndDevelopmentExpenses": 0, "generalAndAdministrativeExpenses": 0, "sellingAndMarketingExpenses": 0, "sellingGeneralAndAdministrativeExpenses": 183400000, "otherExpenses": 80300000, "operatingExpenses": 263700000, "costAndExpenses": 2461600000, "interestIncome": 0, "interestExpense": 13800000, "depreciationAndAmortization": 80300000, "ebitda": 357000000, "ebitdaratio": 0.130263446, "operatingIncome": 279000000, "operatingIncomeRatio": 0.101802525, "totalOtherIncomeExpensesNet": 2300000, "incomeBeforeTax": 262900000, "incomeBeforeTaxRatio": 0.095927899, "incomeTaxExpense": 97400000, "netIncome": 165500000, "netIncomeRatio": 0.0603882362, "eps": 1.39, "epsdiluted": 1.38, "weightedAverageShsOut": 119100000, "weightedAverageShsOutDil": 119700000, "link": "https://www.sec.gov/Archives/edgar/data/99780/000095012900002913/0000950129-00-002913-index.htm", "finalLink": "https://www.sec.gov/Archives/edgar/data/99780/000095012900002913/0000950129-00-002913-0001.txt", "calculatedOtherExpenses": 80300000, "calculatedOperatingExpenses": 263700000, "calculatedNetInterest": -13800000, "calculatedOtherIncome": -2300000, "calculatedIncomeNonControlling": 0, "calculatedEbitda": 359300000}, {"date": "1999-03-31", "symbol": "TRN", "reportedCurrency": "USD", "cik": "0000099780", "fillingDate": "1999-06-29", "acceptedDate": "1999-06-29 00:00:00", "calendarYear": "1999", "period": "FY", "revenue": 2926900000, "costOfRevenue": 2400800000, "grossProfit": 526100000, "grossProfitRatio": 0.1797464895, "researchAndDevelopmentExpenses": 0, "generalAndAdministrativeExpenses": 0, "sellingAndMarketingExpenses": 0, "sellingGeneralAndAdministrativeExpenses": 169200000, "otherExpenses": 72000000, "operatingExpenses": 241200000, "costAndExpenses": 2642000000, "interestIncome": 0, "interestExpense": -43400000, "depreciationAndAmortization": 72000000, "ebitda": 325000000, "ebitdaratio": 0.1110389832, "operatingIncome": 284900000, "operatingIncomeRatio": 0.097338481, "totalOtherIncomeExpensesNet": 31900000, "incomeBeforeTax": 296400000, "incomeBeforeTaxRatio": 0.1012675527, "incomeTaxExpense": 111100000, "netIncome": 185300000, "netIncomeRatio": 0.0633093034, "eps": 1.44, "epsdiluted": 1.42, "weightedAverageShsOut": 129000000, "weightedAverageShsOutDil": 130800000, "link": "https://www.sec.gov/Archives/edgar/data/99780/000095013499005753/0000950134-99-005753-index.html", "finalLink": "https://www.sec.gov/Archives/edgar/data/99780/000095013499005753/", "calculatedOtherExpenses": 72000000, "calculatedOperatingExpenses": 241200000, "calculatedNetInterest": 43400000, "calculatedOtherIncome": -31900000, "calculatedIncomeNonControlling": 0, "calculatedEbitda": 356900000}, {"date": "1998-03-31", "symbol": "TRN", "reportedCurrency": "USD", "cik": "0000099780", "fillingDate": "1998-06-25", "acceptedDate": "1998-06-25 00:00:00", "calendarYear": "1998", "period": "FY", "revenue": 2473000000, "costOfRevenue": 1975900000, "grossProfit": 497100000, "grossProfitRatio": 0.2010109179, "researchAndDevelopmentExpenses": 0, "generalAndAdministrativeExpenses": 0, "sellingAndMarketingExpenses": 0, "sellingGeneralAndAdministrativeExpenses": 163100000, "otherExpenses": 78100000, "operatingExpenses": 241200000, "costAndExpenses": 2217100000, "interestIncome": 0, "interestExpense": 159100000, "depreciationAndAmortization": 78100000, "ebitda": 403100000, "ebitdaratio": 0.1630004044, "operatingIncome": 255900000, "operatingIncomeRatio": 0.1034775576, "totalOtherIncomeExpensesNet": -69100000, "incomeBeforeTax": 165900000, "incomeBeforeTaxRatio": 0.0670845127, "incomeTaxExpense": 62200000, "netIncome": 103700000, "netIncomeRatio": 0.0419328751, "eps": 0.8, "epsdiluted": 0.79, "weightedAverageShsOut": 129300000, "weightedAverageShsOutDil": 131700000, "link": "https://www.sec.gov/Archives/edgar/data/99780/000095013498005493/0000950134-98-005493-index.html", "finalLink": "https://www.sec.gov/Archives/edgar/data/99780/", "calculatedOtherExpenses": 78100000, "calculatedOperatingExpenses": 241200000, "calculatedNetInterest": -159100000, "calculatedOtherIncome": 69100000, "calculatedIncomeNonControlling": 0, "calculatedEbitda": 334000000}, {"date": "1997-03-31", "symbol": "TRN", "reportedCurrency": "USD", "cik": "0000099780", "fillingDate": "1997-06-26", "acceptedDate": "1997-06-26 00:00:00", "calendarYear": "1997", "period": "FY", "revenue": 2234300000, "costOfRevenue": 1789800000, "grossProfit": 444500000, "grossProfitRatio": 0.1989437408, "researchAndDevelopmentExpenses": 0, "generalAndAdministrativeExpenses": 0, "sellingAndMarketingExpenses": 0, "sellingGeneralAndAdministrativeExpenses": 142500000, "otherExpenses": 87800000, "operatingExpenses": 230300000, "costAndExpenses": 2020100000, "interestIncome": 0, "interestExpense": 20600000, "depreciationAndAmortization": 87800000, "ebitda": 313500000, "ebitdaratio": 0.1403124021, "operatingIncome": 214200000, "operatingIncomeRatio": 0.0958689522, "totalOtherIncomeExpensesNet": -11500000, "incomeBeforeTax": 181300000, "incomeBeforeTaxRatio": 0.0811439825, "incomeTaxExpense": 67600000, "netIncome": 137500000, "netIncomeRatio": 0.0615405272, "eps": 1.07, "epsdiluted": 1.07, "weightedAverageShsOut": 128400000, "weightedAverageShsOutDil": 128400000, "link": "https://www.sec.gov/Archives/edgar/data/99780/000009978097000010/0000099780-97-000010-index.html", "finalLink": "https://www.sec.gov/Archives/edgar/data/99780/", "calculatedOtherExpenses": 87800000, "calculatedOperatingExpenses": 230300000, "calculatedNetInterest": -20600000, "calculatedOtherIncome": -12300000, "calculatedIncomeNonControlling": -23800000, "calculatedEbitda": 302000000}, {"date": "1996-03-31", "symbol": "TRN", "reportedCurrency": "USD", "cik": "0000099780", "fillingDate": "1996-06-28", "acceptedDate": "1996-06-28 00:00:00", "calendarYear": "1996", "period": "FY", "revenue": 2496000000, "costOfRevenue": 2067700000, "grossProfit": 428300000, "grossProfitRatio": 0.1715945513, "researchAndDevelopmentExpenses": 0, "generalAndAdministrativeExpenses": 0, "sellingAndMarketingExpenses": 0, "sellingGeneralAndAdministrativeExpenses": 133700000, "otherExpenses": 75900000, "operatingExpenses": 209600000, "costAndExpenses": 2277300000, "interestIncome": 0, "interestExpense": 30700000, "depreciationAndAmortization": 75900000, "ebitda": 292900000, "ebitdaratio": 0.1173477564, "operatingIncome": 218700000, "operatingIncomeRatio": 0.0876201923, "totalOtherIncomeExpensesNet": 1700000, "incomeBeforeTax": 186300000, "incomeBeforeTaxRatio": 0.0746394231, "incomeTaxExpense": 72500000, "netIncome": 113800000, "netIncomeRatio": 0.0455929487, "eps": 0.91, "epsdiluted": 0.91, "weightedAverageShsOut": 125451980, "weightedAverageShsOutDil": 125451980, "link": "https://www.sec.gov/Archives/edgar/data/99780/000009978096000004/0000099780-96-000004-index.html", "finalLink": "https://www.sec.gov/Archives/edgar/data/99780/", "calculatedOtherExpenses": 75900000, "calculatedOperatingExpenses": 209600000, "calculatedNetInterest": -30700000, "calculatedOtherIncome": -1700000, "calculatedIncomeNonControlling": 0, "calculatedEbitda": 294600000}, {"date": "1995-03-31", "symbol": "TRN", "reportedCurrency": "USD", "cik": "0000099780", "fillingDate": "1995-06-27", "acceptedDate": "1995-06-27 00:00:00", "calendarYear": "1995", "period": "FY", "revenue": 2314900000, "costOfRevenue": 1961100000, "grossProfit": 353800000, "grossProfitRatio": 0.1528359756, "researchAndDevelopmentExpenses": 0, "generalAndAdministrativeExpenses": 0, "sellingAndMarketingExpenses": 0, "sellingGeneralAndAdministrativeExpenses": 116600000, "otherExpenses": 58600000, "operatingExpenses": 175200000, "costAndExpenses": 2136300000, "interestIncome": 0, "interestExpense": 28900000, "depreciationAndAmortization": 58600000, "ebitda": 235000000, "ebitdaratio": 0.1015162642, "operatingIncome": 178600000, "operatingIncomeRatio": 0.0771523608, "totalOtherIncomeExpensesNet": 2200000, "incomeBeforeTax": 147500000, "incomeBeforeTaxRatio": 0.0637176552, "incomeTaxExpense": 58400000, "netIncome": 89100000, "netIncomeRatio": 0.0384897836, "eps": 0.73, "epsdiluted": 0.73, "weightedAverageShsOut": 121500000, "weightedAverageShsOutDil": 121500000, "link": "https://www.sec.gov/Archives/edgar/data/99780/000009978095000006/0000099780-95-000006-index.html", "finalLink": "https://www.sec.gov/Archives/edgar/data/99780/", "calculatedOtherExpenses": 58600000, "calculatedOperatingExpenses": 175200000, "calculatedNetInterest": -28900000, "calculatedOtherIncome": -2200000, "calculatedIncomeNonControlling": 0, "calculatedEbitda": 237200000}, {"date": "1994-03-31", "symbol": "TRN", "reportedCurrency": "USD", "cik": "0000099780", "fillingDate": "1994-06-28", "acceptedDate": "1994-06-28 00:00:00", "calendarYear": "1994", "period": "FY", "revenue": 1784900000, "costOfRevenue": 1484400000, "grossProfit": 300500000, "grossProfitRatio": 0.1683567707, "researchAndDevelopmentExpenses": 0, "generalAndAdministrativeExpenses": 0, "sellingAndMarketingExpenses": 0, "sellingGeneralAndAdministrativeExpenses": 103400000, "otherExpenses": 56800000, "operatingExpenses": 160200000, "costAndExpenses": 1644600000, "interestIncome": 0, "interestExpense": 15000000, "depreciationAndAmortization": 56800000, "ebitda": 193900000, "ebitdaratio": 0.1086335369, "operatingIncome": 140300000, "operatingIncomeRatio": 0.0786038434, "totalOtherIncomeExpensesNet": 3200000, "incomeBeforeTax": 114200000, "incomeBeforeTaxRatio": 0.0639811754, "incomeTaxExpense": 45900000, "netIncome": 76200000, "netIncomeRatio": 0.0426914673, "eps": 0.63, "epsdiluted": 0.63, "weightedAverageShsOut": 120900000, "weightedAverageShsOutDil": 120900000, "link": "https://www.sec.gov/Archives/edgar/data/99780/000009978094000009/0000099780-94-000009-index.html", "finalLink": "https://www.sec.gov/Archives/edgar/data/99780/", "calculatedOtherExpenses": 56800000, "calculatedOperatingExpenses": 160200000, "calculatedNetInterest": -15000000, "calculatedOtherIncome": -11100000, "calculatedIncomeNonControlling": -7900000, "calculatedEbitda": 197100000}, {"date": "1993-03-31", "symbol": "TRN", "reportedCurrency": "USD", "cik": "0000099780", "fillingDate": "1993-03-31", "acceptedDate": "1993-03-31 00:00:00", "calendarYear": "1993", "period": "FY", "revenue": 1540000000, "costOfRevenue": 1274400000, "grossProfit": 265600000, "grossProfitRatio": 0.1724675325, "researchAndDevelopmentExpenses": 0, "generalAndAdministrativeExpenses": 0, "sellingAndMarketingExpenses": 0, "sellingGeneralAndAdministrativeExpenses": 103600000, "otherExpenses": 59300000, "operatingExpenses": 162900000, "costAndExpenses": 1437300000, "interestIncome": 0, "interestExpense": 28600000, "depreciationAndAmortization": 59300000, "ebitda": 160000000, "ebitdaratio": 0.1038961039, "operatingIncome": 102700000, "operatingIncomeRatio": 0.0666883117, "totalOtherIncomeExpensesNet": 2000000, "incomeBeforeTax": 72100000, "incomeBeforeTaxRatio": 0.0468181818, "incomeTaxExpense": 27100000, "netIncome": 45000000, "netIncomeRatio": 0.0292207792, "eps": 0.42, "epsdiluted": 0.42, "weightedAverageShsOut": 106246090, "weightedAverageShsOutDil": 106246090, "link": null, "finalLink": null, "calculatedOtherExpenses": 59300000, "calculatedOperatingExpenses": 162900000, "calculatedNetInterest": -28600000, "calculatedOtherIncome": -2000000, "calculatedIncomeNonControlling": 0, "calculatedEbitda": 162000000}, {"date": "1992-03-31", "symbol": "TRN", "reportedCurrency": "USD", "cik": "0000099780", "fillingDate": "1992-03-31", "acceptedDate": "1992-03-31 00:00:00", "calendarYear": "1992", "period": "FY", "revenue": 1192300000, "costOfRevenue": 1002000000, "grossProfit": 190300000, "grossProfitRatio": 0.1596074813, "researchAndDevelopmentExpenses": 0, "generalAndAdministrativeExpenses": 0, "sellingAndMarketingExpenses": 0, "sellingGeneralAndAdministrativeExpenses": 77300000, "otherExpenses": 47400000, "operatingExpenses": 124700000, "costAndExpenses": 1126700000, "interestIncome": 0, "interestExpense": 25700000, "depreciationAndAmortization": 47400000, "ebitda": 109400000, "ebitdaratio": 0.0917554307, "operatingIncome": 65600000, "operatingIncomeRatio": 0.0550197098, "totalOtherIncomeExpensesNet": 3600000, "incomeBeforeTax": 36300000, "incomeBeforeTaxRatio": 0.0304453577, "incomeTaxExpense": 14200000, "netIncome": 22100000, "netIncomeRatio": 0.0185356035, "eps": 0.23, "epsdiluted": 0.23, "weightedAverageShsOut": 96038937, "weightedAverageShsOutDil": 96038937, "link": null, "finalLink": null, "calculatedOtherExpenses": 47400000, "calculatedOperatingExpenses": 124700000, "calculatedNetInterest": -25700000, "calculatedOtherIncome": -3600000, "calculatedIncomeNonControlling": 0, "calculatedEbitda": 113000000}, {"date": "1991-03-31", "symbol": "TRN", "reportedCurrency": "USD", "cik": "0000099780", "fillingDate": "1991-03-31", "acceptedDate": "1991-03-31 00:00:00", "calendarYear": "1991", "period": "FY", "revenue": 1262600000, "costOfRevenue": 1062700000, "grossProfit": 199900000, "grossProfitRatio": 0.1583240931, "researchAndDevelopmentExpenses": 0, "generalAndAdministrativeExpenses": 0, "sellingAndMarketingExpenses": 0, "sellingGeneralAndAdministrativeExpenses": 65700000, "otherExpenses": 45200000, "operatingExpenses": 110900000, "costAndExpenses": 1173600000, "interestIncome": 0, "interestExpense": 46600000, "depreciationAndAmortization": 45200000, "ebitda": 140100000, "ebitdaratio": 0.110961508, "operatingIncome": 89000000, "operatingIncomeRatio": 0.0704894662, "totalOtherIncomeExpensesNet": -5900000, "incomeBeforeTax": 48300000, "incomeBeforeTaxRatio": 0.0382543957, "incomeTaxExpense": 18200000, "netIncome": 30100000, "netIncomeRatio": 0.0238396959, "eps": 0.32, "epsdiluted": 0.32, "weightedAverageShsOut": 95005129, "weightedAverageShsOutDil": 95005129, "link": null, "finalLink": null, "calculatedOtherExpenses": 45200000, "calculatedOperatingExpenses": 110900000, "calculatedNetInterest": -46600000, "calculatedOtherIncome": 5900000, "calculatedIncomeNonControlling": 0, "calculatedEbitda": 134200000}, {"date": "1990-03-31", "symbol": "TRN", "reportedCurrency": "USD", "cik": "0000099780", "fillingDate": "1990-03-31", "acceptedDate": "1990-03-31 00:00:00", "calendarYear": "1990", "period": "FY", "revenue": 1310100000, "costOfRevenue": 1108400000, "grossProfit": 201700000, "grossProfitRatio": 0.1539577132, "researchAndDevelopmentExpenses": 0, "generalAndAdministrativeExpenses": 0, "sellingAndMarketingExpenses": 0, "sellingGeneralAndAdministrativeExpenses": 66700000, "otherExpenses": 34000000, "operatingExpenses": 100700000, "costAndExpenses": 1209100000, "interestIncome": 0, "interestExpense": 37700000, "depreciationAndAmortization": 34000000, "ebitda": 132000000, "ebitdaratio": 0.1007556675, "operatingIncome": 101000000, "operatingIncomeRatio": 0.0770933517, "totalOtherIncomeExpensesNet": 3000000, "incomeBeforeTax": 60300000, "incomeBeforeTaxRatio": 0.0460270208, "incomeTaxExpense": 22100000, "netIncome": 38200000, "netIncomeRatio": 0.0291580795, "eps": 0.46, "epsdiluted": 0.45, "weightedAverageShsOut": 83607831, "weightedAverageShsOutDil": 85479648, "link": null, "finalLink": null, "calculatedOtherExpenses": 34000000, "calculatedOperatingExpenses": 100700000, "calculatedNetInterest": -37700000, "calculatedOtherIncome": -3000000, "calculatedIncomeNonControlling": 0, "calculatedEbitda": 135000000}, {"date": "1989-03-31", "symbol": "TRN", "reportedCurrency": "USD", "cik": "0000099780", "fillingDate": "1989-03-31", "acceptedDate": "1989-03-31 00:00:00", "calendarYear": "1989", "period": "FY", "revenue": 1001300000, "costOfRevenue": 828400000, "grossProfit": 172900000, "grossProfitRatio": 0.1726755218, "researchAndDevelopmentExpenses": 0, "generalAndAdministrativeExpenses": 0, "sellingAndMarketingExpenses": 0, "sellingGeneralAndAdministrativeExpenses": 57400000, "otherExpenses": 30900000, "operatingExpenses": 88300000, "costAndExpenses": 916700000, "interestIncome": 0, "interestExpense": 36800000, "depreciationAndAmortization": 30900000, "ebitda": 114400000, "ebitdaratio": 0.1142514731, "operatingIncome": 84600000, "operatingIncomeRatio": 0.0844901628, "totalOtherIncomeExpensesNet": 1100000, "incomeBeforeTax": 46700000, "incomeBeforeTaxRatio": 0.0466393688, "incomeTaxExpense": 16400000, "netIncome": 30300000, "netIncomeRatio": 0.0302606611, "eps": 0.37, "epsdiluted": 0.36, "weightedAverageShsOut": 81850966, "weightedAverageShsOutDil": 84910816, "link": null, "finalLink": null, "calculatedOtherExpenses": 30900000, "calculatedOperatingExpenses": 88300000, "calculatedNetInterest": -36800000, "calculatedOtherIncome": -1100000, "calculatedIncomeNonControlling": 0, "calculatedEbitda": 115500000}, {"date": "1988-03-31", "symbol": "TRN", "reportedCurrency": "USD", "cik": "0000099780", "fillingDate": "1988-03-31", "acceptedDate": "1988-03-31 00:00:00", "calendarYear": "1988", "period": "FY", "revenue": 632900000, "costOfRevenue": 553900000, "grossProfit": 79000000, "grossProfitRatio": 0.1248222468, "researchAndDevelopmentExpenses": 0, "generalAndAdministrativeExpenses": 0, "sellingAndMarketingExpenses": 0, "sellingGeneralAndAdministrativeExpenses": 46400000, "otherExpenses": 15300000, "operatingExpenses": 61700000, "costAndExpenses": 615600000, "interestIncome": 0, "interestExpense": -24400000, "depreciationAndAmortization": 15300000, "ebitda": 11400000, "ebitdaratio": 0.0180123242, "operatingIncome": 17300000, "operatingIncomeRatio": 0.027334492, "totalOtherIncomeExpensesNet": 21200000, "incomeBeforeTax": 20500000, "incomeBeforeTaxRatio": 0.032390583, "incomeTaxExpense": 7500000, "netIncome": 13000000, "netIncomeRatio": 0.0205403697, "eps": 0.16, "epsdiluted": 0.16, "weightedAverageShsOut": 79552061, "weightedAverageShsOutDil": 79552061, "link": null, "finalLink": null, "calculatedOtherExpenses": 15300000, "calculatedOperatingExpenses": 61700000, "calculatedNetInterest": 24400000, "calculatedOtherIncome": -21200000, "calculatedIncomeNonControlling": 0, "calculatedEbitda": 32600000}, {"date": "1987-03-31", "symbol": "TRN", "reportedCurrency": "USD", "cik": "0000099780", "fillingDate": "1987-03-31", "acceptedDate": "1987-03-31 00:00:00", "calendarYear": "1987", "period": "FY", "revenue": 491100000, "costOfRevenue": 434400000, "grossProfit": 56700000, "grossProfitRatio": 0.1154551008, "researchAndDevelopmentExpenses": 0, "generalAndAdministrativeExpenses": 0, "sellingAndMarketingExpenses": 0, "sellingGeneralAndAdministrativeExpenses": 35100000, "otherExpenses": 12900000, "operatingExpenses": 48000000, "costAndExpenses": 482400000, "interestIncome": 0, "interestExpense": -15700000, "depreciationAndAmortization": 12900000, "ebitda": 7300000, "ebitdaratio": 0.0148645897, "operatingIncome": 8700000, "operatingIncomeRatio": 0.0177153329, "totalOtherIncomeExpensesNet": 14300000, "incomeBeforeTax": 10100000, "incomeBeforeTaxRatio": 0.0205660762, "incomeTaxExpense": 4400000, "netIncome": 5700000, "netIncomeRatio": 0.0116065974, "eps": 0.0767, "epsdiluted": 0.0767, "weightedAverageShsOut": 74310671, "weightedAverageShsOutDil": 74310671, "link": null, "finalLink": null, "calculatedOtherExpenses": 12900000, "calculatedOperatingExpenses": 48000000, "calculatedNetInterest": 15700000, "calculatedOtherIncome": -14300000, "calculatedIncomeNonControlling": 0, "calculatedEbitda": 21600000}, {"date": "1986-03-31", "symbol": "TRN", "reportedCurrency": "USD", "cik": "0000099780", "fillingDate": "1986-03-31", "acceptedDate": "1986-03-31 00:00:00", "calendarYear": "1986", "period": "FY", "revenue": 434300000, "costOfRevenue": 416800000, "grossProfit": 17500000, "grossProfitRatio": 0.0402947271, "researchAndDevelopmentExpenses": 0, "generalAndAdministrativeExpenses": 0, "sellingAndMarketingExpenses": 0, "sellingGeneralAndAdministrativeExpenses": 32000000, "otherExpenses": 13900000, "operatingExpenses": 45900000, "costAndExpenses": 462700000, "interestIncome": 0, "interestExpense": -73300000, "depreciationAndAmortization": 13900000, "ebitda": -58300000, "ebitdaratio": -0.1342390053, "operatingIncome": -28400000, "operatingIncomeRatio": -0.0653925858, "totalOtherIncomeExpensesNet": 43800000, "incomeBeforeTax": 1100000, "incomeBeforeTaxRatio": 0.0025328114, "incomeTaxExpense": 200000, "netIncome": 900000, "netIncomeRatio": 0.0020723003, "eps": 0.01, "epsdiluted": 0.01, "weightedAverageShsOut": 89955022, "weightedAverageShsOutDil": 89955022, "link": null, "finalLink": null, "calculatedOtherExpenses": 13900000, "calculatedOperatingExpenses": 45900000, "calculatedNetInterest": 73300000, "calculatedOtherIncome": -43800000, "calculatedIncomeNonControlling": 0, "calculatedEbitda": -14500000}]}