{"originalCurrency": "USD", "convertedCurrency": "USD", "report": [{"date": "2023-12-31", "symbol": "TRNO", "reportedCurrency": "USD", "cik": "0001476150", "fillingDate": "2024-02-07", "acceptedDate": "2024-02-07 16:01:03", "calendarYear": "2023", "period": "FY", "revenue": 323590000, "costOfRevenue": 79085000, "grossProfit": 244505000, "grossProfitRatio": 0.7556012238, "researchAndDevelopmentExpenses": 0, "generalAndAdministrativeExpenses": 37935000, "sellingAndMarketingExpenses": 0, "sellingGeneralAndAdministrativeExpenses": 37935000, "otherExpenses": 41150000, "operatingExpenses": 111154000, "costAndExpenses": 190239000, "interestIncome": 4964000, "interestExpense": 24796000, "depreciationAndAmortization": 59297000, "ebitda": 211534000, "ebitdaratio": 0.6537099416, "operatingIncome": 152237000, "operatingIncomeRatio": 0.4704626225, "totalOtherIncomeExpensesNet": 37938000, "incomeBeforeTax": 151457000, "incomeBeforeTaxRatio": 0.4680521648, "incomeTaxExpense": 38718000, "netIncome": 151457000, "netIncomeRatio": 0.4680521648, "eps": 1.81, "epsdiluted": 1.81, "weightedAverageShsOut": 83169028, "weightedAverageShsOutDil": 83371099, "link": "https://www.sec.gov/Archives/edgar/data/1476150/000147615024000004/0001476150-24-000004-index.htm", "finalLink": "https://www.sec.gov/Archives/edgar/data/1476150/000147615024000004/trno-20231231.htm", "calculatedOtherExpenses": 54333000, "calculatedOperatingExpenses": 92268000, "calculatedNetInterest": -19832000, "calculatedOtherIncome": 19052000, "calculatedIncomeNonControlling": -38718000, "calculatedEbitda": 211534000}, {"date": "2022-12-31", "symbol": "TRNO", "reportedCurrency": "USD", "cik": "0001476150", "fillingDate": "2023-02-08", "acceptedDate": "2023-02-08 16:01:31", "calendarYear": "2022", "period": "FY", "revenue": 276212000, "costOfRevenue": 68903000, "grossProfit": 207309000, "grossProfitRatio": 0.7505430611, "researchAndDevelopmentExpenses": 0, "generalAndAdministrativeExpenses": 31192000, "sellingAndMarketingExpenses": 0, "sellingGeneralAndAdministrativeExpenses": 31192000, "otherExpenses": 65763000, "operatingExpenses": 96955000, "costAndExpenses": 165858000, "interestIncome": 809000, "interestExpense": 23850000, "depreciationAndAmortization": 49492000, "ebitda": 176926000, "ebitdaratio": 0.6405442197, "operatingIncome": 127434000, "operatingIncomeRatio": 0.461363011, "totalOtherIncomeExpensesNet": 70580000, "incomeBeforeTax": 198014000, "incomeBeforeTaxRatio": 0.7168913733, "incomeTaxExpense": 23850000, "netIncome": 198014000, "netIncomeRatio": 0.7168913733, "eps": 2.61, "epsdiluted": 2.61, "weightedAverageShsOut": 75498107, "weightedAverageShsOutDil": 75586480, "link": "https://www.sec.gov/Archives/edgar/data/1476150/000147615023000004/0001476150-23-000004-index.htm", "finalLink": "https://www.sec.gov/Archives/edgar/data/1476150/000147615023000004/trno-20221231.htm", "calculatedOtherExpenses": 48683000, "calculatedOperatingExpenses": 79875000, "calculatedNetInterest": -23041000, "calculatedOtherIncome": 93621000, "calculatedIncomeNonControlling": -23850000, "calculatedEbitda": 176926000}, {"date": "2021-12-31", "symbol": "TRNO", "reportedCurrency": "USD", "cik": "0001476150", "fillingDate": "2022-02-09", "acceptedDate": "2022-02-09 16:01:19", "calendarYear": "2021", "period": "FY", "revenue": 221930000, "costOfRevenue": 56248000, "grossProfit": 165682000, "grossProfitRatio": 0.7465507142, "researchAndDevelopmentExpenses": 0, "generalAndAdministrativeExpenses": 26964000, "sellingAndMarketingExpenses": 0, "sellingGeneralAndAdministrativeExpenses": 26964000, "otherExpenses": 50687000, "operatingExpenses": 77651000, "costAndExpenses": 133899000, "interestIncome": 822000, "interestExpense": 18054000, "depreciationAndAmortization": 43001000, "ebitda": 139540000, "ebitdaratio": 0.6287568152, "operatingIncome": 96539000, "operatingIncomeRatio": 0.4349975217, "totalOtherIncomeExpensesNet": -9285000, "incomeBeforeTax": 87254000, "incomeBeforeTaxRatio": 0.3931600054, "incomeTaxExpense": 25740000, "netIncome": 61514000, "netIncomeRatio": 0.2771774884, "eps": 0.87, "epsdiluted": 0.87, "weightedAverageShsOut": 70534202, "weightedAverageShsOutDil": 70793670, "link": "https://www.sec.gov/Archives/edgar/data/1476150/000147615022000006/0001476150-22-000006-index.htm", "finalLink": "https://www.sec.gov/Archives/edgar/data/1476150/000147615022000006/trno-20211231.htm", "calculatedOtherExpenses": 42179000, "calculatedOperatingExpenses": 69143000, "calculatedNetInterest": -17232000, "calculatedOtherIncome": 7947000, "calculatedIncomeNonControlling": 0, "calculatedEbitda": 139540000}, {"date": "2020-12-31", "symbol": "TRNO", "reportedCurrency": "USD", "cik": "0001476150", "fillingDate": "2021-02-10", "acceptedDate": "2021-02-10 16:01:03", "calendarYear": "2020", "period": "FY", "revenue": 186884000, "costOfRevenue": 49096000, "grossProfit": 137788000, "grossProfitRatio": 0.7372915819, "researchAndDevelopmentExpenses": 0, "generalAndAdministrativeExpenses": 23489000, "sellingAndMarketingExpenses": 0, "sellingGeneralAndAdministrativeExpenses": 23489000, "otherExpenses": 45875000, "operatingExpenses": 69364000, "costAndExpenses": 118460000, "interestIncome": 873000, "interestExpense": 15997000, "depreciationAndAmortization": 40455000, "ebitda": 115172000, "ebitdaratio": 0.6162753366, "operatingIncome": 74717000, "operatingIncomeRatio": 0.3998041566, "totalOtherIncomeExpensesNet": 5078000, "incomeBeforeTax": 79795000, "incomeBeforeTaxRatio": 0.4269760921, "incomeTaxExpense": 21417000, "netIncome": 58378000, "netIncomeRatio": 0.3123755913, "eps": 0.86, "epsdiluted": 0.86, "weightedAverageShsOut": 67762927, "weightedAverageShsOutDil": 68170066, "link": "https://www.sec.gov/Archives/edgar/data/1476150/000147615021000004/0001476150-21-000004-index.htm", "finalLink": "https://www.sec.gov/Archives/edgar/data/1476150/000147615021000004/trno-20201231.htm", "calculatedOtherExpenses": 39582000, "calculatedOperatingExpenses": 63071000, "calculatedNetInterest": -15124000, "calculatedOtherIncome": 20202000, "calculatedIncomeNonControlling": 0, "calculatedEbitda": 115172000}, {"date": "2019-12-31", "symbol": "TRNO", "reportedCurrency": "USD", "cik": "0001476150", "fillingDate": "2020-02-06", "acceptedDate": "2020-02-06 16:04:28", "calendarYear": "2019", "period": "FY", "revenue": 171022000, "costOfRevenue": 44201000, "grossProfit": 126821000, "grossProfitRatio": 0.741547871, "researchAndDevelopmentExpenses": 0, "generalAndAdministrativeExpenses": 23924000, "sellingAndMarketingExpenses": 0, "sellingGeneralAndAdministrativeExpenses": 23924000, "otherExpenses": 44015000, "operatingExpenses": 67939000, "costAndExpenses": 112140000, "interestIncome": 3815000, "interestExpense": 16338000, "depreciationAndAmortization": 39333000, "ebitda": 106712000, "ebitdaratio": 0.6239665072, "operatingIncome": 67379000, "operatingIncomeRatio": 0.3939785525, "totalOtherIncomeExpensesNet": -11863000, "incomeBeforeTax": 55516000, "incomeBeforeTaxRatio": 0.3246132077, "incomeTaxExpense": 21020000, "netIncome": 34496000, "netIncomeRatio": 0.2017050438, "eps": 0.54, "epsdiluted": 0.53, "weightedAverageShsOut": 64428405, "weightedAverageShsOutDil": 64722976, "link": "https://www.sec.gov/Archives/edgar/data/1476150/000147615020000003/0001476150-20-000003-index.htm", "finalLink": "https://www.sec.gov/Archives/edgar/data/1476150/000147615020000003/trno-20191231.htm", "calculatedOtherExpenses": 35518000, "calculatedOperatingExpenses": 59442000, "calculatedNetInterest": -12523000, "calculatedOtherIncome": 660000, "calculatedIncomeNonControlling": 0, "calculatedEbitda": 106712000}, {"date": "2018-12-31", "symbol": "TRNO", "reportedCurrency": "USD", "cik": "0001476150", "fillingDate": "2019-02-06", "acceptedDate": "2019-02-06 16:04:41", "calendarYear": "2018", "period": "FY", "revenue": 151657000, "costOfRevenue": 39988000, "grossProfit": 111669000, "grossProfitRatio": 0.7363260516, "researchAndDevelopmentExpenses": 0, "generalAndAdministrativeExpenses": 21503000, "sellingAndMarketingExpenses": 0, "sellingGeneralAndAdministrativeExpenses": 21503000, "otherExpenses": 40816000, "operatingExpenses": 62319000, "costAndExpenses": 102307000, "interestIncome": 3664000, "interestExpense": 18211000, "depreciationAndAmortization": 37122000, "ebitda": 93830000, "ebitdaratio": 0.6186987742, "operatingIncome": 81500000, "operatingIncomeRatio": 0.537396889, "totalOtherIncomeExpensesNet": 28486000, "incomeBeforeTax": 63289000, "incomeBeforeTaxRatio": 0.4173167081, "incomeTaxExpense": 18211000, "netIncome": 63289000, "netIncomeRatio": 0.4173167081, "eps": 1.1, "epsdiluted": 1.1, "weightedAverageShsOut": 57486399, "weightedAverageShsOutDil": 57486399, "link": "https://www.sec.gov/Archives/edgar/data/1476150/000162828019001026/0001628280-19-001026-index.htm", "finalLink": "https://www.sec.gov/Archives/edgar/data/1476150/000162828019001026/trnoq410-k2018.htm", "calculatedOtherExpenses": 8666000, "calculatedOperatingExpenses": 30169000, "calculatedNetInterest": -14547000, "calculatedOtherIncome": -3664000, "calculatedIncomeNonControlling": -18211000, "calculatedEbitda": 118622000}, {"date": "2017-12-31", "symbol": "TRNO", "reportedCurrency": "USD", "cik": "0001476150", "fillingDate": "2018-02-07", "acceptedDate": "2018-02-07 16:07:40", "calendarYear": "2017", "period": "FY", "revenue": 132484000, "costOfRevenue": 35874000, "grossProfit": 96610000, "grossProfitRatio": 0.7292201322, "researchAndDevelopmentExpenses": 0, "generalAndAdministrativeExpenses": 19681000, "sellingAndMarketingExpenses": 0, "sellingGeneralAndAdministrativeExpenses": 19681000, "otherExpenses": 37870000, "operatingExpenses": 57551000, "costAndExpenses": 93425000, "interestIncome": 169000, "interestExpense": 16777000, "depreciationAndAmortization": 35709000, "ebitda": 77098000, "ebitdaratio": 0.5819419704, "operatingIncome": 69872000, "operatingIncomeRatio": 0.527399535, "totalOtherIncomeExpensesNet": 30644000, "incomeBeforeTax": 53095000, "incomeBeforeTaxRatio": 0.4007653754, "incomeTaxExpense": 16777000, "netIncome": 53095000, "netIncomeRatio": 0.4007653754, "eps": 0.95, "epsdiluted": 0.95, "weightedAverageShsOut": 51357719, "weightedAverageShsOutDil": 51357719, "link": "https://www.sec.gov/Archives/edgar/data/1476150/000119312518034704/0001193125-18-034704-index.htm", "finalLink": "https://www.sec.gov/Archives/edgar/data/1476150/000119312518034704/d514538d10k.htm", "calculatedOtherExpenses": 7057000, "calculatedOperatingExpenses": 26738000, "calculatedNetInterest": -16608000, "calculatedOtherIncome": -169000, "calculatedIncomeNonControlling": -16777000, "calculatedEbitda": 105581000}, {"date": "2016-12-31", "symbol": "TRNO", "reportedCurrency": "USD", "cik": "0001476150", "fillingDate": "2017-02-08", "acceptedDate": "2017-02-08 16:10:37", "calendarYear": "2016", "period": "FY", "revenue": 108418000, "costOfRevenue": 30325000, "grossProfit": 78093000, "grossProfitRatio": 0.7202955229, "researchAndDevelopmentExpenses": 0, "generalAndAdministrativeExpenses": 19319000, "sellingAndMarketingExpenses": 0, "sellingGeneralAndAdministrativeExpenses": 19319000, "otherExpenses": 34399000, "operatingExpenses": 53718000, "costAndExpenses": 84043000, "interestIncome": 24000, "interestExpense": 13053000, "depreciationAndAmortization": 33061000, "ebitda": 58798000, "ebitdaratio": 0.5423269199, "operatingIncome": 28171000, "operatingIncomeRatio": 0.2598369274, "totalOtherIncomeExpensesNet": 3772000, "incomeBeforeTax": 15118000, "incomeBeforeTaxRatio": 0.1394417901, "incomeTaxExpense": 13053000, "netIncome": 15118000, "netIncomeRatio": 0.1394417901, "eps": 0.26, "epsdiluted": 0.26, "weightedAverageShsOut": 44725936, "weightedAverageShsOutDil": 44725936, "link": "https://www.sec.gov/Archives/edgar/data/1476150/000119312517034620/0001193125-17-034620-index.htm", "finalLink": "https://www.sec.gov/Archives/edgar/data/1476150/000119312517034620/d283895d10k.htm", "calculatedOtherExpenses": 30603000, "calculatedOperatingExpenses": 49922000, "calculatedNetInterest": -13029000, "calculatedOtherIncome": -24000, "calculatedIncomeNonControlling": -13053000, "calculatedEbitda": 61232000}, {"date": "2015-12-31", "symbol": "TRNO", "reportedCurrency": "USD", "cik": "0001476150", "fillingDate": "2016-02-10", "acceptedDate": "2016-02-10 06:39:36", "calendarYear": "2015", "period": "FY", "revenue": 95895000, "costOfRevenue": 26655000, "grossProfit": 69240000, "grossProfitRatio": 0.722039731, "researchAndDevelopmentExpenses": 0, "generalAndAdministrativeExpenses": 14846000, "sellingAndMarketingExpenses": 0, "sellingGeneralAndAdministrativeExpenses": 14846000, "otherExpenses": 36026000, "operatingExpenses": 50872000, "costAndExpenses": 77527000, "interestIncome": 18000, "interestExpense": 9639000, "depreciationAndAmortization": 34101000, "ebitda": 54412000, "ebitdaratio": 0.5674122738, "operatingIncome": 24240000, "operatingIncomeRatio": 0.2527764743, "totalOtherIncomeExpensesNet": 5854000, "incomeBeforeTax": 14601000, "incomeBeforeTaxRatio": 0.1522602847, "incomeTaxExpense": 9639000, "netIncome": 14601000, "netIncomeRatio": 0.1522602847, "eps": 0.26, "epsdiluted": 0.26, "weightedAverageShsOut": 42861276, "weightedAverageShsOutDil": 42861276, "link": "https://www.sec.gov/Archives/edgar/data/1476150/000119312516456255/0001193125-16-456255-index.htm", "finalLink": "https://www.sec.gov/Archives/edgar/data/1476150/000119312516456255/d113449d10k.htm", "calculatedOtherExpenses": 30154000, "calculatedOperatingExpenses": 45000000, "calculatedNetInterest": -9621000, "calculatedOtherIncome": -18000, "calculatedIncomeNonControlling": -9639000, "calculatedEbitda": 58341000}, {"date": "2014-12-31", "symbol": "TRNO", "reportedCurrency": "USD", "cik": "0001476150", "fillingDate": "2015-02-11", "acceptedDate": "2015-02-11 07:01:44", "calendarYear": "2014", "period": "FY", "revenue": 68875000, "costOfRevenue": 19161000, "grossProfit": 49714000, "grossProfitRatio": 0.721800363, "researchAndDevelopmentExpenses": 0, "generalAndAdministrativeExpenses": 9496000, "sellingAndMarketingExpenses": 0, "sellingGeneralAndAdministrativeExpenses": 9496000, "otherExpenses": 19170000, "operatingExpenses": 28666000, "costAndExpenses": 47827000, "interestIncome": 1000, "interestExpense": 6591000, "depreciationAndAmortization": 18071000, "ebitda": 40219000, "ebitdaratio": 0.5839419238, "operatingIncome": 17309000, "operatingIncomeRatio": 0.2513103448, "totalOtherIncomeExpensesNet": -3740000, "incomeBeforeTax": 10718000, "incomeBeforeTaxRatio": 0.155615245, "incomeTaxExpense": 6591000, "netIncome": 10718000, "netIncomeRatio": 0.155615245, "eps": 0.23, "epsdiluted": 0.23, "weightedAverageShsOut": 30433017, "weightedAverageShsOutDil": 30433017, "link": "https://www.sec.gov/Archives/edgar/data/1476150/000119312515042751/0001193125-15-042751-index.htm", "finalLink": "https://www.sec.gov/Archives/edgar/data/1476150/000119312515042751/d854283d10k.htm", "calculatedOtherExpenses": 22909000, "calculatedOperatingExpenses": 32405000, "calculatedNetInterest": -6590000, "calculatedOtherIncome": -1000, "calculatedIncomeNonControlling": -6591000, "calculatedEbitda": 35380000}, {"date": "2013-12-31", "symbol": "TRNO", "reportedCurrency": "USD", "cik": "0001476150", "fillingDate": "2014-02-19", "acceptedDate": "2014-02-19 06:14:28", "calendarYear": "2013", "period": "FY", "revenue": 45529000, "costOfRevenue": 12771000, "grossProfit": 32758000, "grossProfitRatio": 0.7194974632, "researchAndDevelopmentExpenses": 0, "generalAndAdministrativeExpenses": 8423000, "sellingAndMarketingExpenses": 0, "sellingGeneralAndAdministrativeExpenses": 8423000, "otherExpenses": 12481000, "operatingExpenses": 20904000, "costAndExpenses": 33675000, "interestIncome": 109000, "interestExpense": 6214000, "depreciationAndAmortization": 11617000, "ebitda": 24444000, "ebitdaratio": 0.5368885765, "operatingIncome": 12855000, "operatingIncomeRatio": 0.2823475148, "totalOtherIncomeExpensesNet": -3298000, "incomeBeforeTax": 2451000, "incomeBeforeTaxRatio": 0.0538338202, "incomeTaxExpense": -4190000, "netIncome": 6641000, "netIncomeRatio": 0.1458630763, "eps": 0.15, "epsdiluted": 0.15, "weightedAverageShsOut": 21011276, "weightedAverageShsOutDil": 21011276, "link": "https://www.sec.gov/Archives/edgar/data/1476150/000119312514057907/0001193125-14-057907-index.htm", "finalLink": "https://www.sec.gov/Archives/edgar/data/1476150/000119312514057907/d658550d10k.htm", "calculatedOtherExpenses": 11480000, "calculatedOperatingExpenses": 19903000, "calculatedNetInterest": -6105000, "calculatedOtherIncome": -4299000, "calculatedIncomeNonControlling": 0, "calculatedEbitda": 24472000}, {"date": "2012-12-31", "symbol": "TRNO", "reportedCurrency": "USD", "cik": "0001476150", "fillingDate": "2013-02-15", "acceptedDate": "2013-02-15 06:10:58", "calendarYear": "2012", "period": "FY", "revenue": 31173000, "costOfRevenue": 8986000, "grossProfit": 22187000, "grossProfitRatio": 0.7117377217, "researchAndDevelopmentExpenses": 0, "generalAndAdministrativeExpenses": 6403000, "sellingAndMarketingExpenses": 0, "sellingGeneralAndAdministrativeExpenses": 6403000, "otherExpenses": 9133000, "operatingExpenses": 15536000, "costAndExpenses": 24522000, "interestIncome": 37000, "interestExpense": 5472000, "depreciationAndAmortization": 9532000, "ebitda": 16220000, "ebitdaratio": 0.5203220736, "operatingIncome": 9537000, "operatingIncomeRatio": 0.3059378308, "totalOtherIncomeExpensesNet": -2238000, "incomeBeforeTax": -1022000, "incomeBeforeTaxRatio": -0.0327847817, "incomeTaxExpense": -5087000, "netIncome": 4065000, "netIncomeRatio": 0.1304013088, "eps": 0.19, "epsdiluted": 0.19, "weightedAverageShsOut": 13135440, "weightedAverageShsOutDil": 13135440, "link": "https://www.sec.gov/Archives/edgar/data/1476150/000119312513061413/0001193125-13-061413-index.htm", "finalLink": "https://www.sec.gov/Archives/edgar/data/1476150/000119312513061413/d475396d10k.htm", "calculatedOtherExpenses": 6247000, "calculatedOperatingExpenses": 12650000, "calculatedNetInterest": -5435000, "calculatedOtherIncome": -5124000, "calculatedIncomeNonControlling": 0, "calculatedEbitda": 19069000}, {"date": "2011-12-31", "symbol": "TRNO", "reportedCurrency": "USD", "cik": "0001476150", "fillingDate": "2012-02-22", "acceptedDate": "2012-02-22 06:05:41", "calendarYear": "2011", "period": "FY", "revenue": 17502000, "costOfRevenue": 6330000, "grossProfit": 11172000, "grossProfitRatio": 0.6383270483, "researchAndDevelopmentExpenses": 0, "generalAndAdministrativeExpenses": 5407000, "sellingAndMarketingExpenses": 0, "sellingGeneralAndAdministrativeExpenses": 5407000, "otherExpenses": 4899000, "operatingExpenses": 10306000, "costAndExpenses": 16636000, "interestIncome": 0, "interestExpense": 2612000, "depreciationAndAmortization": 5405000, "ebitda": 8254000, "ebitdaratio": 0.4716032453, "operatingIncome": -1117000, "operatingIncomeRatio": -0.0638212776, "totalOtherIncomeExpensesNet": -1983000, "incomeBeforeTax": -3729000, "incomeBeforeTaxRatio": -0.2130613644, "incomeTaxExpense": 3729000, "netIncome": -3729000, "netIncomeRatio": -0.2130613644, "eps": -0.41, "epsdiluted": -0.41, "weightedAverageShsOut": 9161805, "weightedAverageShsOutDil": 9161805, "link": "https://www.sec.gov/Archives/edgar/data/1476150/000119312512071345/0001193125-12-071345-index.htm", "finalLink": "https://www.sec.gov/Archives/edgar/data/1476150/000119312512071345/d295071d10k.htm", "calculatedOtherExpenses": 6882000, "calculatedOperatingExpenses": 12289000, "calculatedNetInterest": -2612000, "calculatedOtherIncome": 0, "calculatedIncomeNonControlling": -3729000, "calculatedEbitda": 4288000}, {"date": "2010-12-31", "symbol": "TRNO", "reportedCurrency": "USD", "cik": "0001476150", "fillingDate": "2011-02-24", "acceptedDate": "2011-02-24 16:50:41", "calendarYear": "2010", "period": "FY", "revenue": 4031000, "costOfRevenue": 1287000, "grossProfit": 2744000, "grossProfitRatio": 0.680724386, "researchAndDevelopmentExpenses": 0, "generalAndAdministrativeExpenses": 0, "sellingAndMarketingExpenses": 0, "sellingGeneralAndAdministrativeExpenses": 4122000, "otherExpenses": 1263000, "operatingExpenses": 5385000, "costAndExpenses": 6672000, "interestIncome": 64000, "interestExpense": 524000, "depreciationAndAmortization": 1551000, "ebitda": 1199000, "ebitdaratio": 0.2974448028, "operatingIncome": -4866000, "operatingIncomeRatio": -1.2071446291, "totalOtherIncomeExpensesNet": -2289000, "incomeBeforeTax": -5390000, "incomeBeforeTaxRatio": -1.3371371868, "incomeTaxExpense": 5390000, "netIncome": -5390000, "netIncomeRatio": -1.3371371868, "eps": -0.59, "epsdiluted": -0.59, "weightedAverageShsOut": 9112000, "weightedAverageShsOutDil": 9112000, "link": "https://www.sec.gov/Archives/edgar/data/1476150/000095012311017913/0000950123-11-017913-index.htm", "finalLink": "https://www.sec.gov/Archives/edgar/data/1476150/000095012311017913/f58082e10vk.htm", "calculatedOtherExpenses": 3488000, "calculatedOperatingExpenses": 7610000, "calculatedNetInterest": -460000, "calculatedOtherIncome": -64000, "calculatedIncomeNonControlling": -5390000, "calculatedEbitda": -3315000}]}