{"originalCurrency": "USD", "convertedCurrency": "USD", "report": [{"date": "2023-12-31", "symbol": "TROW", "reportedCurrency": "USD", "cik": "0001113169", "fillingDate": "2024-02-16", "acceptedDate": "2024-02-16 15:42:47", "calendarYear": "2023", "period": "FY", "revenue": 6460500000, "costOfRevenue": 1002200000, "grossProfit": 5458300000, "grossProfitRatio": 0.8448726879, "researchAndDevelopmentExpenses": 0, "generalAndAdministrativeExpenses": 972200000, "sellingAndMarketingExpenses": 114200000, "sellingGeneralAndAdministrativeExpenses": 1086400000, "otherExpenses": -2896900000, "operatingExpenses": 3420300000, "costAndExpenses": 4422500000, "interestIncome": 45900000, "interestExpense": 4190700000, "depreciationAndAmortization": 254800000, "ebitda": 1986200000, "ebitdaratio": 0.3074375048, "operatingIncome": 2038000000, "operatingIncomeRatio": 0.3154554601, "totalOtherIncomeExpensesNet": 504100000, "incomeBeforeTax": 2490300000, "incomeBeforeTaxRatio": 0.3854655212, "incomeTaxExpense": 654600000, "netIncome": 1788700000, "netIncomeRatio": 0.2768671155, "eps": 7.78, "epsdiluted": 7.76, "weightedAverageShsOut": 224100000, "weightedAverageShsOutDil": 224800000, "link": "https://www.sec.gov/Archives/edgar/data/1113169/000111316924000007/0001113169-24-000007-index.htm", "finalLink": "https://www.sec.gov/Archives/edgar/data/1113169/000111316924000007/trow-20231231.htm", "calculatedOtherExpenses": 2333900000, "calculatedOperatingExpenses": 3420300000, "calculatedNetInterest": -4144800000, "calculatedOtherIncome": 4597100000, "calculatedIncomeNonControlling": 47000000, "calculatedEbitda": 2292800000}, {"date": "2022-12-31", "symbol": "TROW", "reportedCurrency": "USD", "cik": "0001113169", "fillingDate": "2023-02-15", "acceptedDate": "2023-02-15 13:25:14", "calendarYear": "2022", "period": "FY", "revenue": 6488400000, "costOfRevenue": 1347100000, "grossProfit": 5141300000, "grossProfitRatio": 0.7923833303, "researchAndDevelopmentExpenses": 0, "generalAndAdministrativeExpenses": 972700000, "sellingAndMarketingExpenses": 97300000, "sellingGeneralAndAdministrativeExpenses": 1070000000, "otherExpenses": -17300000, "operatingExpenses": 2941300000, "costAndExpenses": 4288399999, "interestIncome": 15400000, "interestExpense": 317200000, "depreciationAndAmortization": 334200000, "ebitda": 3026500000, "ebitdaratio": 0.4664478146, "operatingIncome": 2373700000, "operatingIncomeRatio": 0.3658374946, "totalOtherIncomeExpensesNet": -425500000, "incomeBeforeTax": 1948200000, "incomeBeforeTaxRatio": 0.3002589236, "incomeTaxExpense": 498600000, "netIncome": 1557900000, "netIncomeRatio": 0.2401054189, "eps": 6.73, "epsdiluted": 6.7, "weightedAverageShsOut": 226000000, "weightedAverageShsOutDil": 227100000, "link": "https://www.sec.gov/Archives/edgar/data/1113169/000111316923000007/0001113169-23-000007-index.htm", "finalLink": "https://www.sec.gov/Archives/edgar/data/1113169/000111316923000007/trow-20221231.htm", "calculatedOtherExpenses": 1697600000, "calculatedOperatingExpenses": 2767600000, "calculatedNetInterest": -301800000, "calculatedOtherIncome": -123700000, "calculatedIncomeNonControlling": -108300000, "calculatedEbitda": 2707900000}, {"date": "2021-12-31", "symbol": "TROW", "reportedCurrency": "USD", "cik": "0001113169", "fillingDate": "2022-02-24", "acceptedDate": "2022-02-24 16:51:18", "calendarYear": "2021", "period": "FY", "revenue": 7671900000, "costOfRevenue": 1198600000, "grossProfit": 6473300000, "grossProfitRatio": 0.8437675152, "researchAndDevelopmentExpenses": 0, "generalAndAdministrativeExpenses": 868500000, "sellingAndMarketingExpenses": 100200000, "sellingGeneralAndAdministrativeExpenses": 968700000, "otherExpenses": -5900000, "operatingExpenses": 2644700000, "costAndExpenses": 3843300000, "interestIncome": 133900000, "interestExpense": 0, "depreciationAndAmortization": 204800000, "ebitda": 3419500000, "ebitdaratio": 0.4457174885, "operatingIncome": 3710000000, "operatingIncomeRatio": 0.4835829456, "totalOtherIncomeExpensesNet": 284600000, "incomeBeforeTax": 3994600000, "incomeBeforeTaxRatio": 0.5206793623, "incomeTaxExpense": 896100000, "netIncome": 3082900000, "netIncomeRatio": 0.4018430897, "eps": 13.25, "epsdiluted": 13.12, "weightedAverageShsOut": 226600000, "weightedAverageShsOutDil": 228800000, "link": "https://www.sec.gov/Archives/edgar/data/1113169/000111316922000005/0001113169-22-000005-index.htm", "finalLink": "https://www.sec.gov/Archives/edgar/data/1113169/000111316922000005/trow-20211231.htm", "calculatedOtherExpenses": 1794600000, "calculatedOperatingExpenses": 2763300000, "calculatedNetInterest": 133900000, "calculatedOtherIncome": 150700000, "calculatedIncomeNonControlling": 15600000, "calculatedEbitda": 3914800000}, {"date": "2020-12-31", "symbol": "TROW", "reportedCurrency": "USD", "cik": "0001113169", "fillingDate": "2021-02-11", "acceptedDate": "2021-02-11 13:56:00", "calendarYear": "2020", "period": "FY", "revenue": 6206700000, "costOfRevenue": 939700000, "grossProfit": 5267000000, "grossProfitRatio": 0.8485990945, "researchAndDevelopmentExpenses": 0, "generalAndAdministrativeExpenses": 760900000, "sellingAndMarketingExpenses": 83700000, "sellingGeneralAndAdministrativeExpenses": 844600000, "otherExpenses": -2000000, "operatingExpenses": 2330500000, "costAndExpenses": 3270200000, "interestIncome": 279600000, "interestExpense": 0, "depreciationAndAmortization": 189600000, "ebitda": 2247200000, "ebitdaratio": 0.3620603541, "operatingIncome": 2057600000, "operatingIncomeRatio": 0.3315127201, "totalOtherIncomeExpensesNet": 1184600000, "incomeBeforeTax": 3242200000, "incomeBeforeTaxRatio": 0.5223709862, "incomeTaxExpense": 718900000, "netIncome": 2372700000, "netIncomeRatio": 0.3822804389, "eps": 10.08, "epsdiluted": 9.98, "weightedAverageShsOut": 228800000, "weightedAverageShsOutDil": 231200000, "link": "https://www.sec.gov/Archives/edgar/data/1113169/000111316921000006/0001113169-21-000006-index.htm", "finalLink": "https://www.sec.gov/Archives/edgar/data/1113169/000111316921000006/trow-20201231.htm", "calculatedOtherExpenses": 2364800000, "calculatedOperatingExpenses": 3209400000, "calculatedNetInterest": 279600000, "calculatedOtherIncome": 905000000, "calculatedIncomeNonControlling": 150600000, "calculatedEbitda": 2247200000}, {"date": "2019-12-31", "symbol": "TROW", "reportedCurrency": "USD", "cik": "0001113169", "fillingDate": "2020-02-13", "acceptedDate": "2020-02-13 14:02:52", "calendarYear": "2019", "period": "FY", "revenue": 5617900000, "costOfRevenue": 928400000, "grossProfit": 4689500000, "grossProfitRatio": 0.8347425194, "researchAndDevelopmentExpenses": 0, "generalAndAdministrativeExpenses": 749200000, "sellingAndMarketingExpenses": 96800000, "sellingGeneralAndAdministrativeExpenses": 846000000, "otherExpenses": 7000000, "operatingExpenses": 2133500000, "costAndExpenses": 3061900000, "interestIncome": 294300000, "interestExpense": 0, "depreciationAndAmortization": 190800000, "ebitda": 1853700000, "ebitdaratio": 0.3299631535, "operatingIncome": 1662900000, "operatingIncomeRatio": 0.2960002848, "totalOtherIncomeExpensesNet": 1264400000, "incomeBeforeTax": 2927300000, "incomeBeforeTaxRatio": 0.5210665907, "incomeTaxExpense": 678400000, "netIncome": 2131300000, "netIncomeRatio": 0.3793766354, "eps": 8.82, "epsdiluted": 8.7, "weightedAverageShsOut": 235400000, "weightedAverageShsOutDil": 238600000, "link": "https://www.sec.gov/Archives/edgar/data/1113169/000111316920000008/0001113169-20-000008-index.htm", "finalLink": "https://www.sec.gov/Archives/edgar/data/1113169/000111316920000008/a201910k.htm", "calculatedOtherExpenses": 2180600000, "calculatedOperatingExpenses": 3026600000, "calculatedNetInterest": 294300000, "calculatedOtherIncome": 970100000, "calculatedIncomeNonControlling": 117600000, "calculatedEbitda": 1853700000}, {"date": "2018-12-31", "symbol": "TROW", "reportedCurrency": "USD", "cik": "0001113169", "fillingDate": "2019-02-13", "acceptedDate": "2019-02-13 14:48:37", "calendarYear": "2018", "period": "FY", "revenue": 5372600000, "costOfRevenue": 2246900000, "grossProfit": 3125700000, "grossProfitRatio": 0.5817853553, "researchAndDevelopmentExpenses": 0, "generalAndAdministrativeExpenses": 679900000, "sellingAndMarketingExpenses": 99600000, "sellingGeneralAndAdministrativeExpenses": 779500000, "otherExpenses": -3100000, "operatingExpenses": 2177200000, "costAndExpenses": 3071000000, "interestIncome": 14600000, "interestExpense": 0, "depreciationAndAmortization": 159500000, "ebitda": 2304700000, "ebitdaratio": 0.4289729368, "operatingIncome": 2361400000, "operatingIncomeRatio": 0.4395264862, "totalOtherIncomeExpensesNet": 38400000, "incomeBeforeTax": 2384600000, "incomeBeforeTaxRatio": 0.4438446934, "incomeTaxExpense": 615900000, "netIncome": 1837500000, "netIncomeRatio": 0.342013178, "eps": 7.59, "epsdiluted": 7.44, "weightedAverageShsOut": 242200000, "weightedAverageShsOutDil": 246900000, "link": "https://www.sec.gov/Archives/edgar/data/1113169/000111316919000011/0001113169-19-000011-index.htm", "finalLink": "https://www.sec.gov/Archives/edgar/data/1113169/000111316919000011/a201810k.htm", "calculatedOtherExpenses": -15200000, "calculatedOperatingExpenses": 764300000, "calculatedNetInterest": 14600000, "calculatedOtherIncome": 8600000, "calculatedIncomeNonControlling": -68800000, "calculatedEbitda": 2520900000}, {"date": "2017-12-31", "symbol": "TROW", "reportedCurrency": "USD", "cik": "0001113169", "fillingDate": "2018-02-16", "acceptedDate": "2018-02-16 16:47:10", "calendarYear": "2017", "period": "FY", "revenue": 4793000000, "costOfRevenue": 1811900000, "grossProfit": 2981100000, "grossProfitRatio": 0.8323323121573686, "researchAndDevelopmentExpenses": 0, "generalAndAdministrativeExpenses": 194900000, "sellingAndMarketingExpenses": 92000000, "sellingGeneralAndAdministrativeExpenses": 286900000, "otherExpenses": 4100000, "operatingExpenses": 1919400000, "costAndExpenses": 2751300000, "interestIncome": 218400000, "interestExpense": 0, "depreciationAndAmortization": 143600000, "ebitda": 1760200000, "ebitdaratio": 0.3672438974, "operatingIncome": 2108800000, "operatingIncomeRatio": 0.4399749635, "totalOtherIncomeExpensesNet": 446300000, "incomeBeforeTax": 2505100000, "incomeBeforeTaxRatio": 0.522658043, "incomeTaxExpense": 923900000, "netIncome": 1497800000, "netIncomeRatio": 0.312497392, "eps": 6.07, "epsdiluted": 5.97, "weightedAverageShsOut": 241200000, "weightedAverageShsOutDil": 245100000, "link": "https://www.sec.gov/Archives/edgar/data/1113169/000111316918000009/0001113169-18-000009-index.htm", "finalLink": "https://www.sec.gov/Archives/edgar/data/1113169/000111316918000009/a201710k.htm", "calculatedOtherExpenses": 585400000, "calculatedOperatingExpenses": 872300000, "calculatedNetInterest": 218400000, "calculatedOtherIncome": 177900000, "calculatedIncomeNonControlling": 83400000, "calculatedEbitda": 2252400000}, {"date": "2016-12-31", "symbol": "TROW", "reportedCurrency": "USD", "cik": "0001113169", "fillingDate": "2017-02-07", "acceptedDate": "2017-02-07 17:12:27", "calendarYear": "2016", "period": "FY", "revenue": 4222900000, "costOfRevenue": 1635700000, "grossProfit": 2587200000, "grossProfitRatio": 0.8425303139618777, "researchAndDevelopmentExpenses": 0, "generalAndAdministrativeExpenses": 172800000, "sellingAndMarketingExpenses": 79900000, "sellingGeneralAndAdministrativeExpenses": 252700000, "otherExpenses": -2000000, "operatingExpenses": 1746700000, "costAndExpenses": 2423300000, "interestIncome": 137000000, "interestExpense": 0, "depreciationAndAmortization": 133400000, "ebitda": 1770100000, "ebitdaratio": 0.4191669232, "operatingIncome": 1733400000, "operatingIncomeRatio": 0.410476213, "totalOtherIncomeExpensesNet": 160900000, "incomeBeforeTax": 1960500000, "incomeBeforeTaxRatio": 0.4642544223, "incomeTaxExpense": 706500000, "netIncome": 1215000000, "netIncomeRatio": 0.2877169717, "eps": 4.85, "epsdiluted": 4.75, "weightedAverageShsOut": 245500000, "weightedAverageShsOutDil": 250300000, "link": "https://www.sec.gov/Archives/edgar/data/1113169/000111316917000014/0001113169-17-000014-index.htm", "finalLink": "https://www.sec.gov/Archives/edgar/data/1113169/000111316917000014/a201610k.htm", "calculatedOtherExpenses": 601100000, "calculatedOperatingExpenses": 853800000, "calculatedNetInterest": 137000000, "calculatedOtherIncome": 90100000, "calculatedIncomeNonControlling": 39000000, "calculatedEbitda": 1866800000}, {"date": "2015-12-31", "symbol": "TROW", "reportedCurrency": "USD", "cik": "0001113169", "fillingDate": "2016-02-05", "acceptedDate": "2016-02-05 14:50:52", "calendarYear": "2015", "period": "FY", "revenue": 4200600000, "costOfRevenue": 1595100000, "grossProfit": 2605500000, "grossProfitRatio": 0.8544805057460458, "researchAndDevelopmentExpenses": 0, "generalAndAdministrativeExpenses": 159200000, "sellingAndMarketingExpenses": 79700000, "sellingGeneralAndAdministrativeExpenses": 238900000, "otherExpenses": 467700000, "operatingExpenses": 1682500000, "costAndExpenses": 2301700000, "interestIncome": 19000000, "interestExpense": 0, "depreciationAndAmortization": 126300000, "ebitda": 1921700000, "ebitdaratio": 0.4574822644, "operatingIncome": 1898900000, "operatingIncomeRatio": 0.4520544684, "totalOtherIncomeExpensesNet": 103500000, "incomeBeforeTax": 2002400000, "incomeBeforeTaxRatio": 0.4766938056, "incomeTaxExpense": 779400000, "netIncome": 1223000000, "netIncomeRatio": 0.2911488835, "eps": 4.74, "epsdiluted": 4.63, "weightedAverageShsOut": 254600000, "weightedAverageShsOutDil": 260900000, "link": "https://www.sec.gov/Archives/edgar/data/1113169/000111316916000033/0001113169-16-000033-index.htm", "finalLink": "https://www.sec.gov/Archives/edgar/data/1113169/000111316916000033/a201510k.htm", "calculatedOtherExpenses": 467700000, "calculatedOperatingExpenses": 706600000, "calculatedNetInterest": 19000000, "calculatedOtherIncome": 84500000, "calculatedIncomeNonControlling": 0, "calculatedEbitda": 2025200000}, {"date": "2014-12-31", "symbol": "TROW", "reportedCurrency": "USD", "cik": "0001113169", "fillingDate": "2015-02-05", "acceptedDate": "2015-02-05 16:22:07", "calendarYear": "2014", "period": "FY", "revenue": 3982100000, "costOfRevenue": 1473200000, "grossProfit": 2508900000, "grossProfitRatio": 0.6300444489, "researchAndDevelopmentExpenses": 0, "generalAndAdministrativeExpenses": 143900000, "sellingAndMarketingExpenses": 76000000, "sellingGeneralAndAdministrativeExpenses": 219900000, "otherExpenses": 398100000, "operatingExpenses": 618000000, "costAndExpenses": 2091200000, "interestIncome": 0, "interestExpense": 0, "depreciationAndAmortization": 111700000, "ebitda": 1890400000, "ebitdaratio": 0.4747243917, "operatingIncome": 1890900000, "operatingIncomeRatio": 0.4748499535, "totalOtherIncomeExpensesNet": 112200000, "incomeBeforeTax": 2003100000, "incomeBeforeTaxRatio": 0.5030260415, "incomeTaxExpense": 773500000, "netIncome": 1229600000, "netIncomeRatio": 0.3087817985, "eps": 4.68, "epsdiluted": 4.55, "weightedAverageShsOut": 259600000, "weightedAverageShsOutDil": 267400000, "link": "https://www.sec.gov/Archives/edgar/data/1113169/000111316915000007/0001113169-15-000007-index.htm", "finalLink": "https://www.sec.gov/Archives/edgar/data/1113169/000111316915000007/a201410k.htm", "calculatedOtherExpenses": 398100000, "calculatedOperatingExpenses": 618000000, "calculatedNetInterest": 0, "calculatedOtherIncome": 112200000, "calculatedIncomeNonControlling": 0, "calculatedEbitda": 2002600000}, {"date": "2013-12-31", "symbol": "TROW", "reportedCurrency": "USD", "cik": "0001113169", "fillingDate": "2014-02-04", "acceptedDate": "2014-02-04 13:27:03", "calendarYear": "2013", "period": "FY", "revenue": 3484200000, "costOfRevenue": 1274100000, "grossProfit": 2210100000, "grossProfitRatio": 0.6343206475, "researchAndDevelopmentExpenses": 0, "generalAndAdministrativeExpenses": 135800000, "sellingAndMarketingExpenses": 88700000, "sellingGeneralAndAdministrativeExpenses": 224500000, "otherExpenses": 348200000, "operatingExpenses": 572700000, "costAndExpenses": 1846800000, "interestIncome": 0, "interestExpense": 0, "depreciationAndAmortization": 91000000, "ebitda": 1665400000, "ebitdaratio": 0.4779863383, "operatingIncome": 1637400000, "operatingIncomeRatio": 0.4699500603, "totalOtherIncomeExpensesNet": 63000000, "incomeBeforeTax": 1700400000, "incomeBeforeTaxRatio": 0.4880316859, "incomeTaxExpense": 652700000, "netIncome": 1047700000, "netIncomeRatio": 0.3007003042, "eps": 4.02, "epsdiluted": 3.9, "weightedAverageShsOut": 258300000, "weightedAverageShsOutDil": 266300000, "link": "https://www.sec.gov/Archives/edgar/data/1113169/000111316914000007/0001113169-14-000007-index.htm", "finalLink": "https://www.sec.gov/Archives/edgar/data/1113169/000111316914000007/a201310k.htm", "calculatedOtherExpenses": 348200000, "calculatedOperatingExpenses": 572700000, "calculatedNetInterest": 0, "calculatedOtherIncome": 63000000, "calculatedIncomeNonControlling": 0, "calculatedEbitda": 1728400000}, {"date": "2012-12-31", "symbol": "TROW", "reportedCurrency": "USD", "cik": "0001113169", "fillingDate": "2013-02-05", "acceptedDate": "2013-02-05 13:03:18", "calendarYear": "2012", "period": "FY", "revenue": 3022500000, "costOfRevenue": 1143700000, "grossProfit": 1878800000, "grossProfitRatio": 0.6216046319, "researchAndDevelopmentExpenses": 0, "generalAndAdministrativeExpenses": 124700000, "sellingAndMarketingExpenses": 89800000, "sellingGeneralAndAdministrativeExpenses": 214500000, "otherExpenses": 300000000, "operatingExpenses": 514500000, "costAndExpenses": 1658200000, "interestIncome": 0, "interestExpense": 0, "depreciationAndAmortization": 81300000, "ebitda": 1374800000, "ebitdaratio": 0.4548552523, "operatingIncome": 1364300000, "operatingIncomeRatio": 0.4513813069, "totalOtherIncomeExpensesNet": 70800000, "incomeBeforeTax": 1435100000, "incomeBeforeTaxRatio": 0.4748056245, "incomeTaxExpense": 551500000, "netIncome": 883600000, "netIncomeRatio": 0.2923407775, "eps": 3.47, "epsdiluted": 3.36, "weightedAverageShsOut": 253400000, "weightedAverageShsOutDil": 261000000, "link": "https://www.sec.gov/Archives/edgar/data/1113169/000111316913000010/0001113169-13-000010-index.htm", "finalLink": "https://www.sec.gov/Archives/edgar/data/1113169/000111316913000010/a201210k.htm", "calculatedOtherExpenses": 300000000, "calculatedOperatingExpenses": 514500000, "calculatedNetInterest": 0, "calculatedOtherIncome": 70800000, "calculatedIncomeNonControlling": 0, "calculatedEbitda": 1445600000}, {"date": "2011-12-31", "symbol": "TROW", "reportedCurrency": "USD", "cik": "0001113169", "fillingDate": "2012-02-03", "acceptedDate": "2012-02-03 15:45:45", "calendarYear": "2011", "period": "FY", "revenue": 2747100000, "costOfRevenue": 189600000, "grossProfit": 2557500000, "grossProfitRatio": 0.9309817626, "researchAndDevelopmentExpenses": 0, "generalAndAdministrativeExpenses": 969800000, "sellingAndMarketingExpenses": 90800000, "sellingGeneralAndAdministrativeExpenses": 1060600000, "otherExpenses": 270000000, "operatingExpenses": 1330600000, "costAndExpenses": 1520200000, "interestIncome": 23700000, "interestExpense": 23700000, "depreciationAndAmortization": 72000000, "ebitda": 1298900000, "ebitdaratio": 0.4728258891, "operatingIncome": 1226900000, "operatingIncomeRatio": 0.4466164319, "totalOtherIncomeExpensesNet": 23700000, "incomeBeforeTax": 1250600000, "incomeBeforeTaxRatio": 0.4552437116, "incomeTaxExpense": 477400000, "netIncome": 773200000, "netIncomeRatio": 0.2814604492, "eps": 3.01, "epsdiluted": 2.92, "weightedAverageShsOut": 255600000, "weightedAverageShsOutDil": 263300000, "link": "https://www.sec.gov/Archives/edgar/data/1113169/000119312512038736/0001193125-12-038736-index.htm", "finalLink": "https://www.sec.gov/Archives/edgar/data/1113169/000119312512038736/d292752d10k.htm", "calculatedOtherExpenses": 270000000, "calculatedOperatingExpenses": 1330600000, "calculatedNetInterest": 0, "calculatedOtherIncome": 23700000, "calculatedIncomeNonControlling": 0, "calculatedEbitda": 1298900000}, {"date": "2010-12-31", "symbol": "TROW", "reportedCurrency": "USD", "cik": "0001113169", "fillingDate": "2011-02-08", "acceptedDate": "2011-02-08 17:02:16", "calendarYear": "2010", "period": "FY", "revenue": 2367200000, "costOfRevenue": 109100000, "grossProfit": 2258100000, "grossProfitRatio": 0.9539117945, "researchAndDevelopmentExpenses": 0, "generalAndAdministrativeExpenses": 860400000, "sellingAndMarketingExpenses": 86900000, "sellingGeneralAndAdministrativeExpenses": 947300000, "otherExpenses": 274300000, "operatingExpenses": 1221600000, "costAndExpenses": 1330700000, "interestIncome": 0, "interestExpense": 3500000, "depreciationAndAmortization": 62600000, "ebitda": 1102600000, "ebitdaratio": 0.4657823589, "operatingIncome": 1036500000, "operatingIncomeRatio": 0.437859074, "totalOtherIncomeExpensesNet": 33500000, "incomeBeforeTax": 1070000000, "incomeBeforeTaxRatio": 0.4520108145, "incomeTaxExpense": 397800000, "netIncome": 672200000, "netIncomeRatio": 0.2839641771, "eps": 2.6, "epsdiluted": 2.53, "weightedAverageShsOut": 257200000, "weightedAverageShsOutDil": 265100000, "link": "https://www.sec.gov/Archives/edgar/data/1113169/000095012311010348/0000950123-11-010348-index.htm", "finalLink": "https://www.sec.gov/Archives/edgar/data/1113169/000095012311010348/w81368e10vk.htm", "calculatedOtherExpenses": 274300000, "calculatedOperatingExpenses": 1221600000, "calculatedNetInterest": -3500000, "calculatedOtherIncome": 37000000, "calculatedIncomeNonControlling": 0, "calculatedEbitda": 1099100000}, {"date": "2009-12-31", "symbol": "TROW", "reportedCurrency": "USD", "cik": "0001113169", "fillingDate": "2010-02-05", "acceptedDate": "2010-02-05 07:27:34", "calendarYear": "2009", "period": "FY", "revenue": 1867400000, "costOfRevenue": 102400000, "grossProfit": 1765000000, "grossProfitRatio": 0.9451643997, "researchAndDevelopmentExpenses": 0, "generalAndAdministrativeExpenses": 773400000, "sellingAndMarketingExpenses": 73200000, "sellingGeneralAndAdministrativeExpenses": 846600000, "otherExpenses": 216800000, "operatingExpenses": 1063400000, "costAndExpenses": 1165800000, "interestIncome": 0, "interestExpense": 4500000, "depreciationAndAmortization": 65200000, "ebitda": 771300000, "ebitdaratio": 0.4130341651, "operatingIncome": 701600000, "operatingIncomeRatio": 0.3757095427, "totalOtherIncomeExpensesNet": -12700000, "incomeBeforeTax": 688900000, "incomeBeforeTaxRatio": 0.368908643, "incomeTaxExpense": 255300000, "netIncome": 433600000, "netIncomeRatio": 0.232194495, "eps": 1.69, "epsdiluted": 1.65, "weightedAverageShsOut": 255900000, "weightedAverageShsOutDil": 262300000, "link": "https://www.sec.gov/Archives/edgar/data/1113169/000095012310009025/0000950123-10-009025-index.htm", "finalLink": "https://www.sec.gov/Archives/edgar/data/1113169/000095012310009025/w77056e10vk.htm", "calculatedOtherExpenses": 216800000, "calculatedOperatingExpenses": 1063400000, "calculatedNetInterest": -4500000, "calculatedOtherIncome": -8200000, "calculatedIncomeNonControlling": 0, "calculatedEbitda": 766800000}, {"date": "2008-12-31", "symbol": "TROW", "reportedCurrency": "USD", "cik": "0001113169", "fillingDate": "2009-02-06", "acceptedDate": "2009-02-06 15:12:37", "calendarYear": "2008", "period": "FY", "revenue": 2116300000, "costOfRevenue": 101800000, "grossProfit": 2014500000, "grossProfitRatio": 0.951897179, "researchAndDevelopmentExpenses": 0, "generalAndAdministrativeExpenses": 815600000, "sellingAndMarketingExpenses": 104100000, "sellingGeneralAndAdministrativeExpenses": 104100000, "otherExpenses": 246300000, "operatingExpenses": 1267800000, "costAndExpenses": 1267800000, "interestIncome": 0, "interestExpense": 5000000, "depreciationAndAmortization": 61700000, "ebitda": 910200000, "ebitdaratio": 0.4300902519, "operatingIncome": 848500000, "operatingIncomeRatio": 0.4009355951, "totalOtherIncomeExpensesNet": -52300000, "incomeBeforeTax": 796200000, "incomeBeforeTaxRatio": 0.3762226527, "incomeTaxExpense": 305400000, "netIncome": 490800000, "netIncomeRatio": 0.2319141899, "eps": 1.89, "epsdiluted": 1.82, "weightedAverageShsOut": 259300000, "weightedAverageShsOutDil": 269670330, "link": "https://www.sec.gov/Archives/edgar/data/1113169/000095013309000237/0000950133-09-000237-index.htm", "finalLink": "https://www.sec.gov/Archives/edgar/data/1113169/000095013309000237/w72586e10vk.htm", "calculatedOtherExpenses": 1061900000, "calculatedOperatingExpenses": 1166000000, "calculatedNetInterest": -5000000, "calculatedOtherIncome": -47300000, "calculatedIncomeNonControlling": 0, "calculatedEbitda": 910200000}, {"date": "2007-12-31", "symbol": "TROW", "reportedCurrency": "USD", "cik": "0001113169", "fillingDate": "2008-02-07", "acceptedDate": "2008-02-07 10:57:39", "calendarYear": "2007", "period": "FY", "revenue": 2228300000, "costOfRevenue": 225900000, "grossProfit": 2002400000, "grossProfitRatio": 0.8986222681, "researchAndDevelopmentExpenses": 0, "generalAndAdministrativeExpenses": 305400000, "sellingAndMarketingExpenses": 107900000, "sellingGeneralAndAdministrativeExpenses": 107900000, "otherExpenses": 1124000000, "operatingExpenses": 1231900000, "costAndExpenses": 1231900000, "interestIncome": 0, "interestExpense": 4300000, "depreciationAndAmortization": 53400000, "ebitda": 969400000, "ebitdaratio": 0.4350401651, "operatingIncome": 996400000, "operatingIncomeRatio": 0.4471570255, "totalOtherIncomeExpensesNet": 80400000, "incomeBeforeTax": 1076800000, "incomeBeforeTaxRatio": 0.4832383431, "incomeTaxExpense": 406200000, "netIncome": 670600000, "netIncomeRatio": 0.3009469102, "eps": 2.53, "epsdiluted": 2.4, "weightedAverageShsOut": 264800000, "weightedAverageShsOutDil": 279200000, "link": "https://www.sec.gov/Archives/edgar/data/1113169/000095013308000389/0000950133-08-000389-index.htm", "finalLink": "https://www.sec.gov/Archives/edgar/data/1113169/000095013308000389/w47962e10vk.htm", "calculatedOtherExpenses": 898100000, "calculatedOperatingExpenses": 1006000000, "calculatedNetInterest": -4300000, "calculatedOtherIncome": 84700000, "calculatedIncomeNonControlling": 0, "calculatedEbitda": 1049800000}, {"date": "2006-12-31", "symbol": "TROW", "reportedCurrency": "USD", "cik": "0001113169", "fillingDate": "2007-02-08", "acceptedDate": "2007-02-08 10:47:55", "calendarYear": "2006", "period": "FY", "revenue": 1815000000, "costOfRevenue": 206400000, "grossProfit": 1608600000, "grossProfitRatio": 0.8862809917, "researchAndDevelopmentExpenses": 0, "generalAndAdministrativeExpenses": 0, "sellingAndMarketingExpenses": 97300000, "sellingGeneralAndAdministrativeExpenses": 97300000, "otherExpenses": 930800000, "operatingExpenses": 1028100000, "costAndExpenses": 1028100000, "interestIncome": 0, "interestExpense": 3600000, "depreciationAndAmortization": 46500000, "ebitda": 762000000, "ebitdaratio": 0.4198347107, "operatingIncome": 786900000, "operatingIncomeRatio": 0.433553719, "totalOtherIncomeExpensesNet": 71400000, "incomeBeforeTax": 858300000, "incomeBeforeTaxRatio": 0.472892562, "incomeTaxExpense": 328700000, "netIncome": 529600000, "netIncomeRatio": 0.2917906336, "eps": 2.01, "epsdiluted": 1.9, "weightedAverageShsOut": 263482587, "weightedAverageShsOutDil": 278736842, "link": "https://www.sec.gov/Archives/edgar/data/1113169/000095013307000416/0000950133-07-000416-index.htm", "finalLink": "https://www.sec.gov/Archives/edgar/data/1113169/000095013307000416/w29775e10vk.htm", "calculatedOtherExpenses": 724400000, "calculatedOperatingExpenses": 821700000, "calculatedNetInterest": -3600000, "calculatedOtherIncome": 75000000, "calculatedIncomeNonControlling": 0, "calculatedEbitda": 833400000}, {"date": "2005-12-31", "symbol": "TROW", "reportedCurrency": "USD", "cik": "0001113169", "fillingDate": "2006-02-16", "acceptedDate": "2006-02-16 09:27:55", "calendarYear": "2005", "period": "FY", "revenue": 1512164000, "costOfRevenue": 179579000, "grossProfit": 1332585000, "grossProfitRatio": 0.8812437011, "researchAndDevelopmentExpenses": 0, "generalAndAdministrativeExpenses": 0, "sellingAndMarketingExpenses": 86125000, "sellingGeneralAndAdministrativeExpenses": 86125000, "otherExpenses": 771011000, "operatingExpenses": 857136000, "costAndExpenses": 857136000, "interestIncome": 0, "interestExpense": 3300000, "depreciationAndAmortization": 42272000, "ebitda": 672937000, "ebitdaratio": 0.4450158845, "operatingIncome": 655028000, "operatingIncomeRatio": 0.4331725924, "totalOtherIncomeExpensesNet": 24363000, "incomeBeforeTax": 679391000, "incomeBeforeTaxRatio": 0.4492839401, "incomeTaxExpense": 248462000, "netIncome": 430929000, "netIncomeRatio": 0.2849750424, "eps": 1.65, "epsdiluted": 1.58, "weightedAverageShsOut": 261212121, "weightedAverageShsOutDil": 272784810, "link": "https://www.sec.gov/Archives/edgar/data/1113169/000095013306000779/0000950133-06-000779-index.htm", "finalLink": "https://www.sec.gov/Archives/edgar/data/1113169/000095013306000779/w17533e10vk.htm", "calculatedOtherExpenses": 591432000, "calculatedOperatingExpenses": 677557000, "calculatedNetInterest": -3300000, "calculatedOtherIncome": 27663000, "calculatedIncomeNonControlling": 0, "calculatedEbitda": 697300000}, {"date": "2004-12-31", "symbol": "TROW", "reportedCurrency": "USD", "cik": "0001113169", "fillingDate": "2005-03-01", "acceptedDate": "2005-03-01 16:28:34", "calendarYear": "2004", "period": "FY", "revenue": 1277049000, "costOfRevenue": 143277000, "grossProfit": 1133772000, "grossProfitRatio": 0.8878061844, "researchAndDevelopmentExpenses": 0, "generalAndAdministrativeExpenses": 0, "sellingAndMarketingExpenses": 74268000, "sellingGeneralAndAdministrativeExpenses": 74268000, "otherExpenses": 677502000, "operatingExpenses": 751770000, "costAndExpenses": 751770000, "interestIncome": 0, "interestExpense": 3288000, "depreciationAndAmortization": 40018000, "ebitda": 556793000, "ebitdaratio": 0.435999715, "operatingIncome": 525279000, "operatingIncomeRatio": 0.4113225099, "totalOtherIncomeExpensesNet": 8504000, "incomeBeforeTax": 533783000, "incomeBeforeTaxRatio": 0.4179816123, "incomeTaxExpense": 196523000, "netIncome": 337260000, "netIncomeRatio": 0.2640932337, "eps": 1.33, "epsdiluted": 1.25, "weightedAverageShsOut": 254535849, "weightedAverageShsOutDil": 268733068, "link": "https://www.sec.gov/Archives/edgar/data/1113169/000095013305000815/0000950133-05-000815-index.htm", "finalLink": "https://www.sec.gov/Archives/edgar/data/1113169/000095013305000815/w05557e10vk.htm", "calculatedOtherExpenses": 534225000, "calculatedOperatingExpenses": 608493000, "calculatedNetInterest": -3288000, "calculatedOtherIncome": 11792000, "calculatedIncomeNonControlling": 0, "calculatedEbitda": 565297000}, {"date": "2003-12-31", "symbol": "TROW", "reportedCurrency": "USD", "cik": "0001113169", "fillingDate": "2004-03-01", "acceptedDate": "2004-03-01 10:42:48", "calendarYear": "2003", "period": "FY", "revenue": 998855000, "costOfRevenue": 143277000, "grossProfit": 855578000, "grossProfitRatio": 0.8565587598, "researchAndDevelopmentExpenses": 0, "generalAndAdministrativeExpenses": 0, "sellingAndMarketingExpenses": 59005000, "sellingGeneralAndAdministrativeExpenses": 59005000, "otherExpenses": 571522000, "operatingExpenses": 630527000, "costAndExpenses": 630527000, "interestIncome": 0, "interestExpense": 3288000, "depreciationAndAmortization": 45289000, "ebitda": 413141000, "ebitdaratio": 0.4136145887, "operatingIncome": 365040000, "operatingIncomeRatio": 0.3654584499, "totalOtherIncomeExpensesNet": 476000, "incomeBeforeTax": 365516000, "incomeBeforeTaxRatio": 0.3659349956, "incomeTaxExpense": 138029000, "netIncome": 227487000, "netIncomeRatio": 0.2277477712, "eps": 0.92, "epsdiluted": 0.88, "weightedAverageShsOut": 246739130, "weightedAverageShsOutDil": 257954545, "link": "https://www.sec.gov/Archives/edgar/data/1113169/000095013304000683/0000950133-04-000683-index.htm", "finalLink": "https://www.sec.gov/Archives/edgar/data/1113169/000095013304000683/w94682e10vk.htm", "calculatedOtherExpenses": 431533000, "calculatedOperatingExpenses": 490538000, "calculatedNetInterest": -3288000, "calculatedOtherIncome": 3764000, "calculatedIncomeNonControlling": 0, "calculatedEbitda": 410329000}, {"date": "2002-12-31", "symbol": "TROW", "reportedCurrency": "USD", "cik": "0001113169", "fillingDate": "2003-03-06", "acceptedDate": "2003-03-06 09:00:59", "calendarYear": "2002", "period": "FY", "revenue": 925829000, "costOfRevenue": 0, "grossProfit": 925829000, "grossProfitRatio": 1, "researchAndDevelopmentExpenses": 0, "generalAndAdministrativeExpenses": 0, "sellingAndMarketingExpenses": 59056000, "sellingGeneralAndAdministrativeExpenses": 59056000, "otherExpenses": 543935000, "operatingExpenses": 602991000, "costAndExpenses": 602991000, "interestIncome": 0, "interestExpense": 0, "depreciationAndAmortization": 50578000, "ebitda": 381996000, "ebitdaratio": 0.4125988708, "operatingIncome": 320511000, "operatingIncomeRatio": 0.346188119, "totalOtherIncomeExpensesNet": -8580000, "incomeBeforeTax": 309604000, "incomeBeforeTaxRatio": 0.3344073258, "incomeTaxExpense": 115350000, "netIncome": 194254000, "netIncomeRatio": 0.2098162836, "eps": 0.79, "epsdiluted": 0.76, "weightedAverageShsOut": 245569620, "weightedAverageShsOutDil": 255263158, "link": "https://www.sec.gov/Archives/edgar/data/1113169/000095013303000699/0000950133-03-000699-index.htm", "finalLink": "https://www.sec.gov/Archives/edgar/data/1113169/000095013303000699/w83905e10vk.txt", "calculatedOtherExpenses": 546262000, "calculatedOperatingExpenses": 605318000, "calculatedNetInterest": 0, "calculatedOtherIncome": -10907000, "calculatedIncomeNonControlling": 0, "calculatedEbitda": 371089000}, {"date": "2001-12-31", "symbol": "TROW", "reportedCurrency": "USD", "cik": "0001113169", "fillingDate": "2002-03-14", "acceptedDate": "2002-03-14 00:00:00", "calendarYear": "2001", "period": "FY", "revenue": 1027496000, "costOfRevenue": 0, "grossProfit": 1027496000, "grossProfitRatio": 1, "researchAndDevelopmentExpenses": 0, "generalAndAdministrativeExpenses": 0, "sellingAndMarketingExpenses": 64638000, "sellingGeneralAndAdministrativeExpenses": 64638000, "otherExpenses": 619577000, "operatingExpenses": 684215000, "costAndExpenses": 684215000, "interestIncome": 0, "interestExpense": 0, "depreciationAndAmortization": 80488000, "ebitda": 390975000, "ebitdaratio": 0.3805124302, "operatingIncome": 343281000, "operatingIncomeRatio": 0.3340947313, "totalOtherIncomeExpensesNet": 32794000, "incomeBeforeTax": 330589000, "incomeBeforeTaxRatio": 0.3217423717, "incomeTaxExpense": 135078000, "netIncome": 195868000, "netIncomeRatio": 0.1906265329, "eps": 0.8, "epsdiluted": 0.76, "weightedAverageShsOut": 246540881, "weightedAverageShsOutDil": 257894737, "link": "https://www.sec.gov/Archives/edgar/data/1113169/000095013302000917/0000950133-02-000917-index.htm", "finalLink": "https://www.sec.gov/Archives/edgar/data/1113169/000095013302000917/w58422e10-k.txt", "calculatedOtherExpenses": 619577000, "calculatedOperatingExpenses": 684215000, "calculatedNetInterest": 0, "calculatedOtherIncome": -12692000, "calculatedIncomeNonControlling": -357000, "calculatedEbitda": 423769000}, {"date": "2000-12-31", "symbol": "TROW", "reportedCurrency": "USD", "cik": "0001113169", "fillingDate": "2001-03-26", "acceptedDate": "2001-03-26 00:00:00", "calendarYear": "2000", "period": "FY", "revenue": 1212327000, "costOfRevenue": 0, "grossProfit": 1212327000, "grossProfitRatio": 1, "researchAndDevelopmentExpenses": 0, "generalAndAdministrativeExpenses": 0, "sellingAndMarketingExpenses": 88215000, "sellingGeneralAndAdministrativeExpenses": 88215000, "otherExpenses": 656199000, "operatingExpenses": 744414000, "costAndExpenses": 744414000, "interestIncome": 0, "interestExpense": 0, "depreciationAndAmortization": 53692000, "ebitda": 521605000, "ebitdaratio": 0.4302510791, "operatingIncome": 467913000, "operatingIncomeRatio": 0.3859626982, "totalOtherIncomeExpensesNet": -9721000, "incomeBeforeTax": 458192000, "incomeBeforeTaxRatio": 0.3779442345, "incomeTaxExpense": 174818000, "netIncome": 269029000, "netIncomeRatio": 0.22191125, "eps": 1.11, "epsdiluted": 1.04, "weightedAverageShsOut": 242342342, "weightedAverageShsOutDil": 258653846, "link": "https://www.sec.gov/Archives/edgar/data/1113169/000111316901000003/0001113169-01-000003-index.htm", "finalLink": "https://www.sec.gov/Archives/edgar/data/1113169/000111316901000003/0001113169-01-000003-0001.txt", "calculatedOtherExpenses": 656199000, "calculatedOperatingExpenses": 744414000, "calculatedNetInterest": 0, "calculatedOtherIncome": -9721000, "calculatedIncomeNonControlling": 14345000, "calculatedEbitda": 521605000}, {"date": "1999-12-31", "symbol": "TROW", "reportedCurrency": "USD", "cik": "0001113169", "fillingDate": "1999-12-31", "acceptedDate": "1999-12-30 19:00:00", "calendarYear": "1999", "period": "FY", "revenue": 1036400000, "costOfRevenue": 0, "grossProfit": 1036400000, "grossProfitRatio": 1, "researchAndDevelopmentExpenses": 0, "generalAndAdministrativeExpenses": 329400000, "sellingAndMarketingExpenses": 74100000, "sellingGeneralAndAdministrativeExpenses": 403500000, "otherExpenses": -621600000, "operatingExpenses": -218100000, "costAndExpenses": -218100000, "interestIncome": 0, "interestExpense": 0, "depreciationAndAmortization": 32600000, "ebitda": 1287100000, "ebitdaratio": 1.2418950212, "operatingIncome": 1254500000, "operatingIncomeRatio": 1.2104399846, "totalOtherIncomeExpensesNet": -859900000, "incomeBeforeTax": 394600000, "incomeBeforeTaxRatio": 0.3807410266, "incomeTaxExpense": 155200000, "netIncome": 239400000, "netIncomeRatio": 0.230991895, "eps": 1, "epsdiluted": 0.93, "weightedAverageShsOut": 240607035, "weightedAverageShsOutDil": 258815135, "link": "", "finalLink": "", "calculatedOtherExpenses": -621600000, "calculatedOperatingExpenses": -218100000, "calculatedNetInterest": 0, "calculatedOtherIncome": -859900000, "calculatedIncomeNonControlling": 0, "calculatedEbitda": 1287100000}, {"date": "1998-12-31", "symbol": "TROW", "reportedCurrency": "USD", "cik": "0001113169", "fillingDate": "1998-12-31", "acceptedDate": "1998-12-30 19:00:00", "calendarYear": "1998", "period": "FY", "revenue": 886100000, "costOfRevenue": 0, "grossProfit": 886100000, "grossProfitRatio": 1, "researchAndDevelopmentExpenses": 0, "generalAndAdministrativeExpenses": 304400000, "sellingAndMarketingExpenses": 73000000, "sellingGeneralAndAdministrativeExpenses": 377400000, "otherExpenses": -573300000, "operatingExpenses": -195900000, "costAndExpenses": -195900000, "interestIncome": 0, "interestExpense": 0, "depreciationAndAmortization": 32600000, "ebitda": 1114600000, "ebitdaratio": 1.2578715721, "operatingIncome": 1082000000, "operatingIncomeRatio": 1.2210811421, "totalOtherIncomeExpensesNet": -789200000, "incomeBeforeTax": 292800000, "incomeBeforeTaxRatio": 0.3304367453, "incomeTaxExpense": 118700000, "netIncome": 174100000, "netIncomeRatio": 0.1964789527, "eps": 0.73, "epsdiluted": 0.67, "weightedAverageShsOut": 238547945, "weightedAverageShsOutDil": 259910448, "link": "", "finalLink": "", "calculatedOtherExpenses": -573300000, "calculatedOperatingExpenses": -195900000, "calculatedNetInterest": 0, "calculatedOtherIncome": -789200000, "calculatedIncomeNonControlling": 0, "calculatedEbitda": 1114600000}, {"date": "1997-12-31", "symbol": "TROW", "reportedCurrency": "USD", "cik": "0001113169", "fillingDate": "1997-12-31", "acceptedDate": "1997-12-30 19:00:00", "calendarYear": "1997", "period": "FY", "revenue": 755000000, "costOfRevenue": 0, "grossProfit": 755000000, "grossProfitRatio": 1, "researchAndDevelopmentExpenses": 0, "generalAndAdministrativeExpenses": 253700000, "sellingAndMarketingExpenses": 67000000, "sellingGeneralAndAdministrativeExpenses": 320700000, "otherExpenses": -490200000, "operatingExpenses": -169500000, "costAndExpenses": -169500000, "interestIncome": 0, "interestExpense": 0, "depreciationAndAmortization": 29000000, "ebitda": 953500000, "ebitdaratio": 1.2629139073, "operatingIncome": 924500000, "operatingIncomeRatio": 1.2245033113, "totalOtherIncomeExpensesNet": -678900000, "incomeBeforeTax": 245600000, "incomeBeforeTaxRatio": 0.3252980132, "incomeTaxExpense": 101200000, "netIncome": 144400000, "netIncomeRatio": 0.1912582781, "eps": 0.62, "epsdiluted": 0.56, "weightedAverageShsOut": 232903226, "weightedAverageShsOutDil": 255575221, "link": "", "finalLink": "", "calculatedOtherExpenses": -490200000, "calculatedOperatingExpenses": -169500000, "calculatedNetInterest": 0, "calculatedOtherIncome": -678900000, "calculatedIncomeNonControlling": 0, "calculatedEbitda": 953500000}, {"date": "1996-12-31", "symbol": "TROW", "reportedCurrency": "USD", "cik": "0001113169", "fillingDate": "1996-12-31", "acceptedDate": "1996-12-30 19:00:00", "calendarYear": "1996", "period": "FY", "revenue": 586100000, "costOfRevenue": 0, "grossProfit": 586100000, "grossProfitRatio": 1, "researchAndDevelopmentExpenses": 0, "generalAndAdministrativeExpenses": 179400000, "sellingAndMarketingExpenses": 58300000, "sellingGeneralAndAdministrativeExpenses": 237700000, "otherExpenses": -398600000, "operatingExpenses": -160900000, "costAndExpenses": -160900000, "interestIncome": 0, "interestExpense": 0, "depreciationAndAmortization": 18100000, "ebitda": 765100000, "ebitdaratio": 1.3054086333, "operatingIncome": 747000000, "operatingIncomeRatio": 1.2745265313, "totalOtherIncomeExpensesNet": -575900000, "incomeBeforeTax": 171100000, "incomeBeforeTaxRatio": 0.2919297048, "incomeTaxExpense": 72600000, "netIncome": 98500000, "netIncomeRatio": 0.168060058, "eps": 0.43, "epsdiluted": 0.4, "weightedAverageShsOut": 229069767, "weightedAverageShsOutDil": 246250000, "link": "", "finalLink": "", "calculatedOtherExpenses": -398600000, "calculatedOperatingExpenses": -160900000, "calculatedNetInterest": 0, "calculatedOtherIncome": -575900000, "calculatedIncomeNonControlling": 0, "calculatedEbitda": 765100000}, {"date": "1995-12-31", "symbol": "TROW", "reportedCurrency": "USD", "cik": "0001113169", "fillingDate": "1995-12-31", "acceptedDate": "1995-12-30 19:00:00", "calendarYear": "1995", "period": "FY", "revenue": 439300000, "costOfRevenue": 0, "grossProfit": 439300000, "grossProfitRatio": 1, "researchAndDevelopmentExpenses": 0, "generalAndAdministrativeExpenses": 143400000, "sellingAndMarketingExpenses": 34800000, "sellingGeneralAndAdministrativeExpenses": 178200000, "otherExpenses": -295600000, "operatingExpenses": -117400000, "costAndExpenses": -117400000, "interestIncome": 0, "interestExpense": 0, "depreciationAndAmortization": 14600000, "ebitda": 571300000, "ebitdaratio": 1.3004780332, "operatingIncome": 556700000, "operatingIncomeRatio": 1.2672433417, "totalOtherIncomeExpensesNet": -425900000, "incomeBeforeTax": 130800000, "incomeBeforeTaxRatio": 0.2977464148, "incomeTaxExpense": 54300000, "netIncome": 75500000, "netIncomeRatio": 0.1718643296, "eps": 0.33, "epsdiluted": 0.31, "weightedAverageShsOut": 232307692, "weightedAverageShsOutDil": 247540984, "link": "", "finalLink": "", "calculatedOtherExpenses": -295600000, "calculatedOperatingExpenses": -117400000, "calculatedNetInterest": 0, "calculatedOtherIncome": -425900000, "calculatedIncomeNonControlling": 1000000, "calculatedEbitda": 571300000}, {"date": "1994-12-31", "symbol": "TROW", "reportedCurrency": "USD", "cik": "0001113169", "fillingDate": "1994-12-31", "acceptedDate": "1994-12-30 19:00:00", "calendarYear": "1994", "period": "FY", "revenue": 382400000, "costOfRevenue": 0, "grossProfit": 382400000, "grossProfitRatio": 1, "researchAndDevelopmentExpenses": 0, "generalAndAdministrativeExpenses": 129400000, "sellingAndMarketingExpenses": 31200000, "sellingGeneralAndAdministrativeExpenses": 160600000, "otherExpenses": -261200000, "operatingExpenses": -100600000, "costAndExpenses": -100600000, "interestIncome": 0, "interestExpense": 0, "depreciationAndAmortization": 10100000, "ebitda": 493100000, "ebitdaratio": 1.2894874477, "operatingIncome": 483000000, "operatingIncomeRatio": 1.2630753138, "totalOtherIncomeExpensesNet": -375200000, "incomeBeforeTax": 107800000, "incomeBeforeTaxRatio": 0.2819037657, "incomeTaxExpense": 46600000, "netIncome": 61200000, "netIncomeRatio": 0.160041841, "eps": 0.27, "epsdiluted": 0.25, "weightedAverageShsOut": 230943396, "weightedAverageShsOutDil": 244800000, "link": "", "finalLink": "", "calculatedOtherExpenses": -261200000, "calculatedOperatingExpenses": -100600000, "calculatedNetInterest": 0, "calculatedOtherIncome": -375200000, "calculatedIncomeNonControlling": 0, "calculatedEbitda": 493100000}, {"date": "1993-12-31", "symbol": "TROW", "reportedCurrency": "USD", "cik": "0001113169", "fillingDate": "1993-12-31", "acceptedDate": "1993-12-30 19:00:00", "calendarYear": "1993", "period": "FY", "revenue": 310000000, "costOfRevenue": 0, "grossProfit": 310000000, "grossProfitRatio": 1, "researchAndDevelopmentExpenses": 0, "generalAndAdministrativeExpenses": 58400000, "sellingAndMarketingExpenses": 29400000, "sellingGeneralAndAdministrativeExpenses": 87800000, "otherExpenses": -219100000, "operatingExpenses": -131300000, "costAndExpenses": -131300000, "interestIncome": 0, "interestExpense": 0, "depreciationAndAmortization": 8000000, "ebitda": 449300000, "ebitdaratio": 1.4493548387, "operatingIncome": 441300000, "operatingIncomeRatio": 1.4235483871, "totalOtherIncomeExpensesNet": -357100000, "incomeBeforeTax": 84200000, "incomeBeforeTaxRatio": 0.2716129032, "incomeTaxExpense": 35300000, "netIncome": 48600000, "netIncomeRatio": 0.1567741935, "eps": 0.21, "epsdiluted": 0.2, "weightedAverageShsOut": 237073171, "weightedAverageShsOutDil": 249230769, "link": "", "finalLink": "", "calculatedOtherExpenses": -219100000, "calculatedOperatingExpenses": -131300000, "calculatedNetInterest": 0, "calculatedOtherIncome": -357100000, "calculatedIncomeNonControlling": 300000, "calculatedEbitda": 449300000}, {"date": "1992-12-31", "symbol": "TROW", "reportedCurrency": "USD", "cik": "0001113169", "fillingDate": "1992-12-31", "acceptedDate": "1992-12-30 19:00:00", "calendarYear": "1992", "period": "FY", "revenue": 245100000, "costOfRevenue": 0, "grossProfit": 245100000, "grossProfitRatio": 1, "researchAndDevelopmentExpenses": 0, "generalAndAdministrativeExpenses": 44300000, "sellingAndMarketingExpenses": 26100000, "sellingGeneralAndAdministrativeExpenses": 70400000, "otherExpenses": -181500000, "operatingExpenses": -111100000, "costAndExpenses": -111100000, "interestIncome": 0, "interestExpense": 0, "depreciationAndAmortization": 7400000, "ebitda": 363600000, "ebitdaratio": 1.4834761322, "operatingIncome": 356200000, "operatingIncomeRatio": 1.4532843737, "totalOtherIncomeExpensesNet": -296600000, "incomeBeforeTax": 59600000, "incomeBeforeTaxRatio": 0.2431660547, "incomeTaxExpense": 23800000, "netIncome": 35800000, "netIncomeRatio": 0.1460628315, "eps": 0.15, "epsdiluted": 0.15, "weightedAverageShsOut": 238666667, "weightedAverageShsOutDil": 238666667, "link": "", "finalLink": "", "calculatedOtherExpenses": -181500000, "calculatedOperatingExpenses": -111100000, "calculatedNetInterest": 0, "calculatedOtherIncome": -296600000, "calculatedIncomeNonControlling": 0, "calculatedEbitda": 363600000}, {"date": "1991-12-31", "symbol": "TROW", "reportedCurrency": "USD", "cik": "0001113169", "fillingDate": "1991-12-31", "acceptedDate": "1991-12-30 19:00:00", "calendarYear": "1991", "period": "FY", "revenue": 205200000, "costOfRevenue": 0, "grossProfit": 205200000, "grossProfitRatio": 1, "researchAndDevelopmentExpenses": 0, "generalAndAdministrativeExpenses": 52000000, "sellingAndMarketingExpenses": 17300000, "sellingGeneralAndAdministrativeExpenses": 69300000, "otherExpenses": -151700000, "operatingExpenses": -82400000, "costAndExpenses": -82400000, "interestIncome": 0, "interestExpense": 0, "depreciationAndAmortization": 7100000, "ebitda": 294700000, "ebitdaratio": 1.4361598441, "operatingIncome": 287600000, "operatingIncomeRatio": 1.4015594542, "totalOtherIncomeExpensesNet": -237100000, "incomeBeforeTax": 50500000, "incomeBeforeTaxRatio": 0.2461013645, "incomeTaxExpense": 20100000, "netIncome": 30400000, "netIncomeRatio": 0.1481481481, "eps": 0.13, "epsdiluted": 0.13, "weightedAverageShsOut": 233846154, "weightedAverageShsOutDil": 233846154, "link": "", "finalLink": "", "calculatedOtherExpenses": -151700000, "calculatedOperatingExpenses": -82400000, "calculatedNetInterest": 0, "calculatedOtherIncome": -237100000, "calculatedIncomeNonControlling": 0, "calculatedEbitda": 294700000}, {"date": "1990-12-31", "symbol": "TROW", "reportedCurrency": "USD", "cik": "0001113169", "fillingDate": "1990-12-31", "acceptedDate": "1990-12-30 19:00:00", "calendarYear": "1990", "period": "FY", "revenue": 170000000, "costOfRevenue": 0, "grossProfit": 170000000, "grossProfitRatio": 1, "researchAndDevelopmentExpenses": 0, "generalAndAdministrativeExpenses": 44100000, "sellingAndMarketingExpenses": 14100000, "sellingGeneralAndAdministrativeExpenses": 58200000, "otherExpenses": -132400000, "operatingExpenses": -74200000, "costAndExpenses": -74200000, "interestIncome": 0, "interestExpense": 0, "depreciationAndAmortization": 6200000, "ebitda": 250400000, "ebitdaratio": 1.4729411765, "operatingIncome": 244200000, "operatingIncomeRatio": 1.4364705882, "totalOtherIncomeExpensesNet": -209000000, "incomeBeforeTax": 35200000, "incomeBeforeTaxRatio": 0.2070588235, "incomeTaxExpense": 14300000, "netIncome": 20900000, "netIncomeRatio": 0.1229411765, "eps": 0.09, "epsdiluted": 0.09, "weightedAverageShsOut": 232222222, "weightedAverageShsOutDil": 232222222, "link": "", "finalLink": "", "calculatedOtherExpenses": -132400000, "calculatedOperatingExpenses": -74200000, "calculatedNetInterest": 0, "calculatedOtherIncome": -209000000, "calculatedIncomeNonControlling": 0, "calculatedEbitda": 250400000}, {"date": "1989-12-31", "symbol": "TROW", "reportedCurrency": "USD", "cik": "0001113169", "fillingDate": "1989-12-31", "acceptedDate": "1989-12-30 19:00:00", "calendarYear": "1989", "period": "FY", "revenue": 159500000, "costOfRevenue": 0, "grossProfit": 159500000, "grossProfitRatio": 1, "researchAndDevelopmentExpenses": 0, "generalAndAdministrativeExpenses": 38100000, "sellingAndMarketingExpenses": 11800000, "sellingGeneralAndAdministrativeExpenses": 49900000, "otherExpenses": -110600000, "operatingExpenses": -60700000, "costAndExpenses": -60700000, "interestIncome": 0, "interestExpense": 0, "depreciationAndAmortization": 5800000, "ebitda": 226000000, "ebitdaratio": 1.4169278997, "operatingIncome": 220200000, "operatingIncomeRatio": 1.3805642633, "totalOtherIncomeExpensesNet": -172800000, "incomeBeforeTax": 47400000, "incomeBeforeTaxRatio": 0.2971786834, "incomeTaxExpense": 17700000, "netIncome": 29700000, "netIncomeRatio": 0.1862068966, "eps": 0.13, "epsdiluted": 0.13, "weightedAverageShsOut": 237600000, "weightedAverageShsOutDil": 237600000, "link": "", "finalLink": "", "calculatedOtherExpenses": -110600000, "calculatedOperatingExpenses": -60700000, "calculatedNetInterest": 0, "calculatedOtherIncome": -172800000, "calculatedIncomeNonControlling": 0, "calculatedEbitda": 226000000}, {"date": "1988-12-31", "symbol": "TROW", "reportedCurrency": "USD", "cik": "0001113169", "fillingDate": "1988-12-31", "acceptedDate": "1988-12-30 19:00:00", "calendarYear": "1988", "period": "FY", "revenue": 142200000, "costOfRevenue": 0, "grossProfit": 142200000, "grossProfitRatio": 1, "researchAndDevelopmentExpenses": 0, "generalAndAdministrativeExpenses": 0, "sellingAndMarketingExpenses": 0, "sellingGeneralAndAdministrativeExpenses": 0, "otherExpenses": -96800000, "operatingExpenses": -96800000, "costAndExpenses": -96800000, "interestIncome": 0, "interestExpense": 0, "depreciationAndAmortization": 0, "ebitda": 239000000, "ebitdaratio": 1.6807313643, "operatingIncome": 239000000, "operatingIncomeRatio": 1.6807313643, "totalOtherIncomeExpensesNet": -194800000, "incomeBeforeTax": 44200000, "incomeBeforeTaxRatio": 0.3108298172, "incomeTaxExpense": 17600000, "netIncome": 26600000, "netIncomeRatio": 0.1870604782, "eps": 0.12, "epsdiluted": 0.12, "weightedAverageShsOut": 231304348, "weightedAverageShsOutDil": 231304348, "link": "", "finalLink": "", "calculatedOtherExpenses": -96800000, "calculatedOperatingExpenses": -96800000, "calculatedNetInterest": 0, "calculatedOtherIncome": -194800000, "calculatedIncomeNonControlling": 0, "calculatedEbitda": 239000000}, {"date": "1987-12-31", "symbol": "TROW", "reportedCurrency": "USD", "cik": "0001113169", "fillingDate": "1987-12-31", "acceptedDate": "1987-12-30 19:00:00", "calendarYear": "1987", "period": "FY", "revenue": 132400000, "costOfRevenue": 0, "grossProfit": 132400000, "grossProfitRatio": 1, "researchAndDevelopmentExpenses": 0, "generalAndAdministrativeExpenses": 0, "sellingAndMarketingExpenses": 0, "sellingGeneralAndAdministrativeExpenses": 0, "otherExpenses": -94400000, "operatingExpenses": -94400000, "costAndExpenses": -94400000, "interestIncome": 0, "interestExpense": 0, "depreciationAndAmortization": 0, "ebitda": 226800000, "ebitdaratio": 1.7129909366, "operatingIncome": 226800000, "operatingIncomeRatio": 1.7129909366, "totalOtherIncomeExpensesNet": -190100000, "incomeBeforeTax": 36700000, "incomeBeforeTaxRatio": 0.2771903323, "incomeTaxExpense": 16800000, "netIncome": 19900000, "netIncomeRatio": 0.1503021148, "eps": 0.085, "epsdiluted": 0.085, "weightedAverageShsOut": 234117647, "weightedAverageShsOutDil": 234117647, "link": "", "finalLink": "", "calculatedOtherExpenses": -94400000, "calculatedOperatingExpenses": -94400000, "calculatedNetInterest": 0, "calculatedOtherIncome": -190100000, "calculatedIncomeNonControlling": 0, "calculatedEbitda": 226800000}, {"date": "1986-12-31", "symbol": "TROW", "reportedCurrency": "USD", "cik": "0001113169", "fillingDate": "1986-12-31", "acceptedDate": "1986-12-30 19:00:00", "calendarYear": "1986", "period": "FY", "revenue": 111100000, "costOfRevenue": 0, "grossProfit": 111100000, "grossProfitRatio": 1, "researchAndDevelopmentExpenses": 0, "generalAndAdministrativeExpenses": 0, "sellingAndMarketingExpenses": 0, "sellingGeneralAndAdministrativeExpenses": 0, "otherExpenses": -80300000, "operatingExpenses": -80300000, "costAndExpenses": -80300000, "interestIncome": 0, "interestExpense": 0, "depreciationAndAmortization": 0, "ebitda": 191400000, "ebitdaratio": 1.7227722772, "operatingIncome": 191400000, "operatingIncomeRatio": 1.7227722772, "totalOtherIncomeExpensesNet": -161500000, "incomeBeforeTax": 29900000, "incomeBeforeTaxRatio": 0.2691269127, "incomeTaxExpense": 15100000, "netIncome": 14800000, "netIncomeRatio": 0.1332133213, "eps": 0.065, "epsdiluted": 0.065, "weightedAverageShsOut": 227692308, "weightedAverageShsOutDil": 227692308, "link": "", "finalLink": "", "calculatedOtherExpenses": -80300000, "calculatedOperatingExpenses": -80300000, "calculatedNetInterest": 0, "calculatedOtherIncome": -161500000, "calculatedIncomeNonControlling": 0, "calculatedEbitda": 191400000}, {"date": "1985-12-31", "symbol": "TROW", "reportedCurrency": "USD", "cik": "0001113169", "fillingDate": "1985-12-31", "acceptedDate": "1985-12-30 19:00:00", "calendarYear": "1985", "period": "FY", "revenue": 85200000, "costOfRevenue": 0, "grossProfit": 85200000, "grossProfitRatio": 1, "researchAndDevelopmentExpenses": 0, "generalAndAdministrativeExpenses": 0, "sellingAndMarketingExpenses": 0, "sellingGeneralAndAdministrativeExpenses": 0, "otherExpenses": -67600000, "operatingExpenses": -67600000, "costAndExpenses": -67600000, "interestIncome": 0, "interestExpense": 0, "depreciationAndAmortization": 0, "ebitda": 152800000, "ebitdaratio": 1.79342723, "operatingIncome": 152800000, "operatingIncomeRatio": 1.79342723, "totalOtherIncomeExpensesNet": -135900000, "incomeBeforeTax": 16900000, "incomeBeforeTaxRatio": 0.1983568075, "incomeTaxExpense": 8400000, "netIncome": 8500000, "netIncomeRatio": 0.0997652582, "eps": 0.04, "epsdiluted": 0.04, "weightedAverageShsOut": 212500000, "weightedAverageShsOutDil": 212500000, "link": "", "finalLink": "", "calculatedOtherExpenses": -67600000, "calculatedOperatingExpenses": -67600000, "calculatedNetInterest": 0, "calculatedOtherIncome": -135900000, "calculatedIncomeNonControlling": 0, "calculatedEbitda": 152800000}]}