{"originalCurrency": "USD", "convertedCurrency": "USD", "report": [{"date": "2023-12-31", "symbol": "TROX", "reportedCurrency": "USD", "cik": "0001530804", "fillingDate": "2024-02-21", "acceptedDate": "2024-02-21 15:01:41", "calendarYear": "2023", "period": "FY", "revenue": 2850000000, "costOfRevenue": 2388000000, "grossProfit": 462000000, "grossProfitRatio": 0.1621052632, "researchAndDevelopmentExpenses": 12000000, "generalAndAdministrativeExpenses": 276000000, "sellingAndMarketingExpenses": 0, "sellingGeneralAndAdministrativeExpenses": 276000000, "otherExpenses": -3000000, "operatingExpenses": 276000000, "costAndExpenses": 2664000000, "interestIncome": 18000000, "interestExpense": 158000000, "depreciationAndAmortization": 275000000, "ebitda": 461000000, "ebitdaratio": 0.161754386, "operatingIncome": 186000000, "operatingIncomeRatio": 0.0652631579, "totalOtherIncomeExpensesNet": -137000000, "incomeBeforeTax": 49000000, "incomeBeforeTaxRatio": 0.0171929825, "incomeTaxExpense": 363000000, "netIncome": -316000000, "netIncomeRatio": -0.110877193, "eps": -2.02, "epsdiluted": -2.02, "weightedAverageShsOut": 156397000, "weightedAverageShsOutDil": 156397000, "link": "https://www.sec.gov/Archives/edgar/data/1530804/000153080424000009/0001530804-24-000009-index.htm", "finalLink": "https://www.sec.gov/Archives/edgar/data/1530804/000153080424000009/trox-20231231.htm", "calculatedOtherExpenses": -12000000, "calculatedOperatingExpenses": 276000000, "calculatedNetInterest": -140000000, "calculatedOtherIncome": 3000000, "calculatedIncomeNonControlling": 2000000, "calculatedEbitda": 461000000}, {"date": "2022-12-31", "symbol": "TROX", "reportedCurrency": "USD", "cik": "0001530804", "fillingDate": "2023-02-22", "acceptedDate": "2023-02-22 16:09:53", "calendarYear": "2022", "period": "FY", "revenue": 3454000000, "costOfRevenue": 2622000000, "grossProfit": 832000000, "grossProfitRatio": 0.240880139, "researchAndDevelopmentExpenses": 12000000, "generalAndAdministrativeExpenses": 305000000, "sellingAndMarketingExpenses": -16000000, "sellingGeneralAndAdministrativeExpenses": 289000000, "otherExpenses": -13000000, "operatingExpenses": 289000000, "costAndExpenses": 2911000000, "interestIncome": 9000000, "interestExpense": 125000000, "depreciationAndAmortization": 350000000, "ebitda": 808000000, "ebitdaratio": 0.2339316734, "operatingIncome": 458000000, "operatingIncomeRatio": 0.1325998842, "totalOtherIncomeExpensesNet": -150000000, "incomeBeforeTax": 308000000, "incomeBeforeTaxRatio": 0.0891719745, "incomeTaxExpense": -192000000, "netIncome": 497000000, "netIncomeRatio": 0.1438911407, "eps": 3.21, "epsdiluted": 3.16, "weightedAverageShsOut": 154867000, "weightedAverageShsOutDil": 157110000, "link": "https://www.sec.gov/Archives/edgar/data/1530804/000153080423000004/0001530804-23-000004-index.htm", "finalLink": "https://www.sec.gov/Archives/edgar/data/1530804/000153080423000004/trox-20221231.htm", "calculatedOtherExpenses": 73000000, "calculatedOperatingExpenses": 374000000, "calculatedNetInterest": -116000000, "calculatedOtherIncome": -34000000, "calculatedIncomeNonControlling": 3000000, "calculatedEbitda": 808000000}, {"date": "2021-12-31", "symbol": "TROX", "reportedCurrency": "USD", "cik": "0001530804", "fillingDate": "2022-02-22", "acceptedDate": "2022-02-22 08:43:12", "calendarYear": "2021", "period": "FY", "revenue": 3572000000, "costOfRevenue": 2677000000, "grossProfit": 895000000, "grossProfitRatio": 0.2505599104, "researchAndDevelopmentExpenses": 13000000, "generalAndAdministrativeExpenses": 313000000, "sellingAndMarketingExpenses": 5000000, "sellingGeneralAndAdministrativeExpenses": 318000000, "otherExpenses": 12000000, "operatingExpenses": 318000000, "costAndExpenses": 2995000000, "interestIncome": 7000000, "interestExpense": 157000000, "depreciationAndAmortization": 316000000, "ebitda": 893000000, "ebitdaratio": 0.25, "operatingIncome": 577000000, "operatingIncomeRatio": 0.1615341545, "totalOtherIncomeExpensesNet": -203000000, "incomeBeforeTax": 374000000, "incomeBeforeTaxRatio": 0.1047032475, "incomeTaxExpense": 71000000, "netIncome": 286000000, "netIncomeRatio": 0.0800671892, "eps": 1.88, "epsdiluted": 1.81, "weightedAverageShsOut": 152056000, "weightedAverageShsOutDil": 157945000, "link": "https://www.sec.gov/Archives/edgar/data/1530804/000153080422000003/0001530804-22-000003-index.htm", "finalLink": "https://www.sec.gov/Archives/edgar/data/1530804/000153080422000003/trox-20211231.htm", "calculatedOtherExpenses": -13000000, "calculatedOperatingExpenses": 318000000, "calculatedNetInterest": -150000000, "calculatedOtherIncome": -53000000, "calculatedIncomeNonControlling": 17000000, "calculatedEbitda": 893000000}, {"date": "2020-12-31", "symbol": "TROX", "reportedCurrency": "USD", "cik": "0001530804", "fillingDate": "2021-02-23", "acceptedDate": "2021-02-23 07:43:50", "calendarYear": "2020", "period": "FY", "revenue": 2758000000, "costOfRevenue": 2137000000, "grossProfit": 621000000, "grossProfitRatio": 0.2251631617, "researchAndDevelopmentExpenses": 12000000, "generalAndAdministrativeExpenses": 344000000, "sellingAndMarketingExpenses": 3000000, "sellingGeneralAndAdministrativeExpenses": 347000000, "otherExpenses": 26000000, "operatingExpenses": 347000000, "costAndExpenses": 2484000000, "interestIncome": 8000000, "interestExpense": 189000000, "depreciationAndAmortization": 341000000, "ebitda": 612000000, "ebitdaratio": 0.2218999275, "operatingIncome": 271000000, "operatingIncomeRatio": 0.0982596084, "totalOtherIncomeExpensesNet": -157000000, "incomeBeforeTax": 114000000, "incomeBeforeTaxRatio": 0.0413343002, "incomeTaxExpense": -881000000, "netIncome": 969000000, "netIncomeRatio": 0.3513415518, "eps": 6.76, "epsdiluted": 6.69, "weightedAverageShsOut": 143355000, "weightedAverageShsOutDil": 144906000, "link": "https://www.sec.gov/Archives/edgar/data/1530804/000153080421000005/0001530804-21-000005-index.htm", "finalLink": "https://www.sec.gov/Archives/edgar/data/1530804/000153080421000005/trox-20201231.htm", "calculatedOtherExpenses": -9000000, "calculatedOperatingExpenses": 350000000, "calculatedNetInterest": -181000000, "calculatedOtherIncome": 24000000, "calculatedIncomeNonControlling": 26000000, "calculatedEbitda": 612000000}, {"date": "2019-12-31", "symbol": "TROX", "reportedCurrency": "USD", "cik": "0001530804", "fillingDate": "2020-03-16", "acceptedDate": "2020-03-16 09:28:47", "calendarYear": "2019", "period": "FY", "revenue": 2642000000, "costOfRevenue": 2178000000, "grossProfit": 464000000, "grossProfitRatio": 0.1756245269, "researchAndDevelopmentExpenses": 17000000, "generalAndAdministrativeExpenses": 0, "sellingAndMarketingExpenses": 0, "sellingGeneralAndAdministrativeExpenses": 347000000, "otherExpenses": 3000000, "operatingExpenses": 347000000, "costAndExpenses": 2525000000, "interestIncome": 18000000, "interestExpense": 201000000, "depreciationAndAmortization": 280000000, "ebitda": 418000000, "ebitdaratio": 0.1582134746, "operatingIncome": 138000000, "operatingIncomeRatio": 0.0522331567, "totalOtherIncomeExpensesNet": -226000000, "incomeBeforeTax": -88000000, "incomeBeforeTaxRatio": -0.0333080999, "incomeTaxExpense": 14000000, "netIncome": -102000000, "netIncomeRatio": -0.0386071158, "eps": -0.73, "epsdiluted": -0.73, "weightedAverageShsOut": 139859000, "weightedAverageShsOutDil": 139859000, "link": "https://www.sec.gov/Archives/edgar/data/1530804/000153080420000011/0001530804-20-000011-index.htm", "finalLink": "https://www.sec.gov/Archives/edgar/data/1530804/000153080420000011/trox-20191231.htm", "calculatedOtherExpenses": -38000000, "calculatedOperatingExpenses": 326000000, "calculatedNetInterest": -183000000, "calculatedOtherIncome": -43000000, "calculatedIncomeNonControlling": 0, "calculatedEbitda": 418000000}, {"date": "2018-12-31", "symbol": "TROX", "reportedCurrency": "USD", "cik": "0001530804", "fillingDate": "2019-02-28", "acceptedDate": "2019-02-28 13:31:26", "calendarYear": "2018", "period": "FY", "revenue": 1819000000, "costOfRevenue": 1321000000, "grossProfit": 498000000, "grossProfitRatio": 0.2737768004, "researchAndDevelopmentExpenses": 11000000, "generalAndAdministrativeExpenses": 267000000, "sellingAndMarketingExpenses": 0, "sellingGeneralAndAdministrativeExpenses": 267000000, "otherExpenses": 33000000, "operatingExpenses": 267000000, "costAndExpenses": 1588000000, "interestIncome": 33000000, "interestExpense": 193000000, "depreciationAndAmortization": 195000000, "ebitda": 492000000, "ebitdaratio": 0.2704782848, "operatingIncome": 200000000, "operatingIncomeRatio": 0.1099505223, "totalOtherIncomeExpensesNet": -28000000, "incomeBeforeTax": 43000000, "incomeBeforeTaxRatio": 0.0236393623, "incomeTaxExpense": 13000000, "netIncome": -7000000, "netIncomeRatio": -0.0038482683, "eps": -0.057, "epsdiluted": -0.057, "weightedAverageShsOut": 122881000, "weightedAverageShsOutDil": 122881000, "link": "https://www.sec.gov/Archives/edgar/data/1530804/000114036119004061/0001140361-19-004061-index.htm", "finalLink": "https://www.sec.gov/Archives/edgar/data/1530804/000114036119004061/h10061108x1_10k.htm", "calculatedOtherExpenses": 20000000, "calculatedOperatingExpenses": 298000000, "calculatedNetInterest": -160000000, "calculatedOtherIncome": 3000000, "calculatedIncomeNonControlling": 37000000, "calculatedEbitda": 395000000}, {"date": "2017-12-31", "symbol": "TROX", "reportedCurrency": "USD", "cik": "0001530804", "fillingDate": "2018-03-01", "acceptedDate": "2018-03-01 17:29:35", "calendarYear": "2017", "period": "FY", "revenue": 1698000000, "costOfRevenue": 1310000000, "grossProfit": 388000000, "grossProfitRatio": 0.2285041225, "researchAndDevelopmentExpenses": 8000000, "generalAndAdministrativeExpenses": 251000000, "sellingAndMarketingExpenses": 0, "sellingGeneralAndAdministrativeExpenses": 251000000, "otherExpenses": -9000000, "operatingExpenses": 251000000, "costAndExpenses": 1561000000, "interestIncome": 10000000, "interestExpense": 188000000, "depreciationAndAmortization": 182000000, "ebitda": 310000000, "ebitdaratio": 0.1825677267, "operatingIncome": 138000000, "operatingIncomeRatio": 0.0812720848, "totalOtherIncomeExpensesNet": -36000000, "incomeBeforeTax": -87000000, "incomeBeforeTaxRatio": -0.0512367491, "incomeTaxExpense": 6000000, "netIncome": -285000000, "netIncomeRatio": -0.167844523, "eps": -2.39, "epsdiluted": -2.38, "weightedAverageShsOut": 119101123, "weightedAverageShsOutDil": 119502000, "link": "https://www.sec.gov/Archives/edgar/data/1530804/000114036118011324/0001140361-18-011324-index.htm", "finalLink": "https://www.sec.gov/Archives/edgar/data/1530804/000114036118011324/s002093x1_10k.htm", "calculatedOtherExpenses": -9000000, "calculatedOperatingExpenses": 250000000, "calculatedNetInterest": -178000000, "calculatedOtherIncome": -47000000, "calculatedIncomeNonControlling": 192000000, "calculatedEbitda": 320000000}, {"date": "2016-12-31", "symbol": "TROX", "reportedCurrency": "USD", "cik": "0001530804", "fillingDate": "2017-02-24", "acceptedDate": "2017-02-23 20:40:05", "calendarYear": "2016", "period": "FY", "revenue": 2093000000, "costOfRevenue": 1846000000, "grossProfit": 247000000, "grossProfitRatio": 0.1180124224, "researchAndDevelopmentExpenses": 9000000, "generalAndAdministrativeExpenses": 210000000, "sellingAndMarketingExpenses": 0, "sellingGeneralAndAdministrativeExpenses": 210000000, "otherExpenses": -29000000, "operatingExpenses": 210000000, "costAndExpenses": 2056000000, "interestIncome": 3000000, "interestExpense": 184000000, "depreciationAndAmortization": 236000000, "ebitda": 244000000, "ebitdaratio": 0.1165790731, "operatingIncome": 36000000, "operatingIncomeRatio": 0.0172001911, "totalOtherIncomeExpensesNet": -26000000, "incomeBeforeTax": -173000000, "incomeBeforeTaxRatio": -0.082656474, "incomeTaxExpense": -115000000, "netIncome": -59000000, "netIncomeRatio": -0.0281892021, "eps": -0.51, "epsdiluted": -0.51, "weightedAverageShsOut": 116161000, "weightedAverageShsOutDil": 116161000, "link": "https://www.sec.gov/Archives/edgar/data/1530804/000114036117008936/0001140361-17-008936-index.htm", "finalLink": "https://www.sec.gov/Archives/edgar/data/1530804/000114036117008936/form10k.htm", "calculatedOtherExpenses": -8000000, "calculatedOperatingExpenses": 211000000, "calculatedNetInterest": -181000000, "calculatedOtherIncome": -28000000, "calculatedIncomeNonControlling": 1000000, "calculatedEbitda": 272000000}, {"date": "2015-12-31", "symbol": "TROX", "reportedCurrency": "USD", "cik": "0001530804", "fillingDate": "2016-02-25", "acceptedDate": "2016-02-24 21:21:12", "calendarYear": "2015", "period": "FY", "revenue": 2112000000, "costOfRevenue": 1992000000, "grossProfit": 120000000, "grossProfitRatio": 0.0568181818, "researchAndDevelopmentExpenses": 13000000, "generalAndAdministrativeExpenses": 217000000, "sellingAndMarketingExpenses": 0, "sellingGeneralAndAdministrativeExpenses": 217000000, "otherExpenses": 28000000, "operatingExpenses": 217000000, "costAndExpenses": 2209000000, "interestIncome": 7000000, "interestExpense": 176000000, "depreciationAndAmortization": 294000000, "ebitda": 225000000, "ebitdaratio": 0.1065340909, "operatingIncome": -118000000, "operatingIncomeRatio": -0.0558712121, "totalOtherIncomeExpensesNet": 7000000, "incomeBeforeTax": -266000000, "incomeBeforeTaxRatio": -0.1259469697, "incomeTaxExpense": 41000000, "netIncome": -318000000, "netIncomeRatio": -0.1505681818, "eps": -2.75, "epsdiluted": -2.75, "weightedAverageShsOut": 115566000, "weightedAverageShsOutDil": 115566000, "link": "https://www.sec.gov/Archives/edgar/data/1530804/000114036116054747/0001140361-16-054747-index.htm", "finalLink": "https://www.sec.gov/Archives/edgar/data/1530804/000114036116054747/form10k.htm", "calculatedOtherExpenses": 8000000, "calculatedOperatingExpenses": 238000000, "calculatedNetInterest": -169000000, "calculatedOtherIncome": 21000000, "calculatedIncomeNonControlling": 11000000, "calculatedEbitda": 176000000}, {"date": "2014-12-31", "symbol": "TROX", "reportedCurrency": "USD", "cik": "0001530804", "fillingDate": "2015-02-26", "acceptedDate": "2015-02-25 21:45:42", "calendarYear": "2014", "period": "FY", "revenue": 1737000000, "costOfRevenue": 1530000000, "grossProfit": 207000000, "grossProfitRatio": 0.1191709845, "researchAndDevelopmentExpenses": 11000000, "generalAndAdministrativeExpenses": 192000000, "sellingAndMarketingExpenses": 0, "sellingGeneralAndAdministrativeExpenses": 192000000, "otherExpenses": 27000000, "operatingExpenses": 192000000, "costAndExpenses": 1722000000, "interestIncome": 13000000, "interestExpense": 133000000, "depreciationAndAmortization": 295000000, "ebitda": 337000000, "ebitdaratio": 0.1940126655, "operatingIncome": 15000000, "operatingIncomeRatio": 0.0086355786, "totalOtherIncomeExpensesNet": -31000000, "incomeBeforeTax": -149000000, "incomeBeforeTaxRatio": -0.0857800806, "incomeTaxExpense": 268000000, "netIncome": -427000000, "netIncomeRatio": -0.245826137, "eps": -3.74, "epsdiluted": -3.74, "weightedAverageShsOut": 114171122, "weightedAverageShsOutDil": 114281000, "link": "https://www.sec.gov/Archives/edgar/data/1530804/000156761915000183/0001567619-15-000183-index.htm", "finalLink": "https://www.sec.gov/Archives/edgar/data/1530804/000156761915000183/s000750x1_10k.htm", "calculatedOtherExpenses": -11000000, "calculatedOperatingExpenses": 192000000, "calculatedNetInterest": -120000000, "calculatedOtherIncome": -44000000, "calculatedIncomeNonControlling": 10000000, "calculatedEbitda": 310000000}, {"date": "2013-12-31", "symbol": "TROX", "reportedCurrency": "USD", "cik": "0001530804", "fillingDate": "2014-02-27", "acceptedDate": "2014-02-27 16:07:26", "calendarYear": "2013", "period": "FY", "revenue": 1922000000, "costOfRevenue": 1732000000, "grossProfit": 190000000, "grossProfitRatio": 0.098855359, "researchAndDevelopmentExpenses": 10000000, "generalAndAdministrativeExpenses": 187000000, "sellingAndMarketingExpenses": 0, "sellingGeneralAndAdministrativeExpenses": 187000000, "otherExpenses": 66000000, "operatingExpenses": 187000000, "costAndExpenses": 1919000000, "interestIncome": 8000000, "interestExpense": 130000000, "depreciationAndAmortization": 333000000, "ebitda": 402000000, "ebitdaratio": 0.209157128, "operatingIncome": 3000000, "operatingIncomeRatio": 0.0015608741, "totalOtherIncomeExpensesNet": 66000000, "incomeBeforeTax": -61000000, "incomeBeforeTaxRatio": -0.0317377732, "incomeTaxExpense": 29000000, "netIncome": -126000000, "netIncomeRatio": -0.0655567118, "eps": -1.11, "epsdiluted": -1.11, "weightedAverageShsOut": 113416000, "weightedAverageShsOutDil": 113416000, "link": "https://www.sec.gov/Archives/edgar/data/1530804/000119312514072945/0001193125-14-072945-index.htm", "finalLink": "https://www.sec.gov/Archives/edgar/data/1530804/000119312514072945/d646601d10k.htm", "calculatedOtherExpenses": -10000000, "calculatedOperatingExpenses": 187000000, "calculatedNetInterest": -122000000, "calculatedOtherIncome": 58000000, "calculatedIncomeNonControlling": 36000000, "calculatedEbitda": 336000000}, {"date": "2012-12-31", "symbol": "TROX", "reportedCurrency": "USD", "cik": "0001530804", "fillingDate": "2013-02-28", "acceptedDate": "2013-02-28 17:25:22", "calendarYear": "2012", "period": "FY", "revenue": 1832000000, "costOfRevenue": 1568000000, "grossProfit": 264000000, "grossProfitRatio": 0.1441048035, "researchAndDevelopmentExpenses": 9000000, "generalAndAdministrativeExpenses": 239000000, "sellingAndMarketingExpenses": 0, "sellingGeneralAndAdministrativeExpenses": 239000000, "otherExpenses": -7000000, "operatingExpenses": 239000000, "costAndExpenses": 1807000000, "interestIncome": 0, "interestExpense": 51000000, "depreciationAndAmortization": 211000000, "ebitda": 215000000, "ebitdaratio": 0.1173580786, "operatingIncome": 25000000, "operatingIncomeRatio": 0.0136462882, "totalOtherIncomeExpensesNet": 1048000000, "incomeBeforeTax": 1008000000, "incomeBeforeTaxRatio": 0.5502183406, "incomeTaxExpense": -125000000, "netIncome": 1134000000, "netIncomeRatio": 0.6189956332, "eps": 11.37, "epsdiluted": 11.1, "weightedAverageShsOut": 98985000, "weightedAverageShsOutDil": 101406000, "link": "https://www.sec.gov/Archives/edgar/data/1530804/000119312513084882/0001193125-13-084882-index.htm", "finalLink": "https://www.sec.gov/Archives/edgar/data/1530804/000119312513084882/d447216d10k.htm", "calculatedOtherExpenses": -9000000, "calculatedOperatingExpenses": 239000000, "calculatedNetInterest": -51000000, "calculatedOtherIncome": 1034000000, "calculatedIncomeNonControlling": -1000000, "calculatedEbitda": 236000000}, {"date": "2011-12-31", "symbol": "TROX", "reportedCurrency": "USD", "cik": "0001530804", "fillingDate": "2011-12-31", "acceptedDate": "2011-12-30 19:00:00", "calendarYear": "2011", "period": "FY", "revenue": 0, "costOfRevenue": 0, "grossProfit": 0, "grossProfitRatio": 0, "researchAndDevelopmentExpenses": 0, "generalAndAdministrativeExpenses": 0, "sellingAndMarketingExpenses": 0, "sellingGeneralAndAdministrativeExpenses": 0, "otherExpenses": 0, "operatingExpenses": 0, "costAndExpenses": 0, "interestIncome": 0, "interestExpense": 0, "depreciationAndAmortization": 0, "ebitda": 0, "ebitdaratio": 0, "operatingIncome": 0, "operatingIncomeRatio": 0, "totalOtherIncomeExpensesNet": 0, "incomeBeforeTax": 0, "incomeBeforeTaxRatio": 0, "incomeTaxExpense": 0, "netIncome": 0, "netIncomeRatio": 0, "eps": 0, "epsdiluted": 0, "weightedAverageShsOut": 98985000, "weightedAverageShsOutDil": 101406000, "link": "", "finalLink": "", "calculatedOtherExpenses": 0, "calculatedOperatingExpenses": 0, "calculatedNetInterest": 0, "calculatedOtherIncome": 0, "calculatedIncomeNonControlling": 0, "calculatedEbitda": 0}, {"date": "2010-12-31", "symbol": "TROX", "reportedCurrency": "USD", "cik": "0001530804", "fillingDate": "2010-12-31", "acceptedDate": "2010-12-30 19:00:00", "calendarYear": "2010", "period": "FY", "revenue": 1217600000, "costOfRevenue": 996100000, "grossProfit": 221500000, "grossProfitRatio": 0.1819152431, "researchAndDevelopmentExpenses": 0, "generalAndAdministrativeExpenses": 0, "sellingAndMarketingExpenses": 0, "sellingGeneralAndAdministrativeExpenses": 59200000, "otherExpenses": 59200000, "operatingExpenses": 59200000, "costAndExpenses": 1055300000, "interestIncome": 600000, "interestExpense": 49900000, "depreciationAndAmortization": 50100000, "ebitda": 211000000, "ebitdaratio": 0.1732917214, "operatingIncome": 209600000, "operatingIncomeRatio": 0.1721419185, "totalOtherIncomeExpensesNet": -106400000, "incomeBeforeTax": 6600000, "incomeBeforeTaxRatio": 0.0054204993, "incomeTaxExpense": 2000000, "netIncome": 5800000, "netIncomeRatio": 0.0047634691, "eps": 0.14, "epsdiluted": 0.14, "weightedAverageShsOut": 41232000, "weightedAverageShsOutDil": 41383000, "link": "", "finalLink": "", "calculatedOtherExpenses": -47300000, "calculatedOperatingExpenses": 11900000, "calculatedNetInterest": -49300000, "calculatedOtherIncome": -153700000, "calculatedIncomeNonControlling": -1200000, "calculatedEbitda": 259700000}, {"date": "2009-12-31", "symbol": "TROX", "reportedCurrency": "USD", "cik": "0001530804", "fillingDate": "2009-12-31", "acceptedDate": "2009-12-30 19:00:00", "calendarYear": "2009", "period": "FY", "revenue": 1070100000, "costOfRevenue": 931900000, "grossProfit": 138200000, "grossProfitRatio": 0.1291468087, "researchAndDevelopmentExpenses": 0, "generalAndAdministrativeExpenses": 0, "sellingAndMarketingExpenses": 0, "sellingGeneralAndAdministrativeExpenses": 71700000, "otherExpenses": 71700000, "operatingExpenses": 71700000, "costAndExpenses": 1003600000, "interestIncome": 400000, "interestExpense": 35900000, "depreciationAndAmortization": 53100000, "ebitda": 116400000, "ebitdaratio": 0.1087748809, "operatingIncome": 25500000, "operatingIncomeRatio": 0.0238295486, "totalOtherIncomeExpensesNet": -61200000, "incomeBeforeTax": -30200000, "incomeBeforeTaxRatio": -0.0282216615, "incomeTaxExpense": -1500000, "netIncome": -38500000, "netIncomeRatio": -0.035977946, "eps": -0.19, "epsdiluted": -0.19, "weightedAverageShsOut": 205880000, "weightedAverageShsOutDil": 205880000, "link": "", "finalLink": "", "calculatedOtherExpenses": 41000000, "calculatedOperatingExpenses": 112700000, "calculatedNetInterest": -35500000, "calculatedOtherIncome": -20200000, "calculatedIncomeNonControlling": 9800000, "calculatedEbitda": 78600000}, {"date": "2008-12-31", "symbol": "TROX", "reportedCurrency": "USD", "cik": "0001530804", "fillingDate": "2008-12-31", "acceptedDate": "2008-12-30 19:00:00", "calendarYear": "2008", "period": "FY", "revenue": 1245800000, "costOfRevenue": 1133400000, "grossProfit": 112400000, "grossProfitRatio": 0.0902231498, "researchAndDevelopmentExpenses": 0, "generalAndAdministrativeExpenses": 0, "sellingAndMarketingExpenses": 0, "sellingGeneralAndAdministrativeExpenses": 114100000, "otherExpenses": 114100000, "operatingExpenses": 114100000, "costAndExpenses": 1247500000, "interestIncome": 1000000, "interestExpense": 53900000, "depreciationAndAmortization": 75700000, "ebitda": 74000000, "ebitdaratio": 0.0593995826, "operatingIncome": -83900000, "operatingIncomeRatio": -0.0673462835, "totalOtherIncomeExpensesNet": -92700000, "incomeBeforeTax": -147300000, "incomeBeforeTaxRatio": -0.1182372773, "incomeTaxExpense": -1800000, "netIncome": -334900000, "netIncomeRatio": -0.2688232461, "eps": -1.63, "epsdiluted": -1.63, "weightedAverageShsOut": 204975000, "weightedAverageShsOutDil": 204975000, "link": "", "finalLink": "", "calculatedOtherExpenses": 82200000, "calculatedOperatingExpenses": 196300000, "calculatedNetInterest": -52900000, "calculatedOtherIncome": -10500000, "calculatedIncomeNonControlling": 189400000, "calculatedEbitda": -8200000}, {"date": "2007-12-31", "symbol": "TROX", "reportedCurrency": "USD", "cik": "0001530804", "fillingDate": "2007-12-31", "acceptedDate": "2007-12-30 19:00:00", "calendarYear": "2007", "period": "FY", "revenue": 1426300000, "costOfRevenue": 1310200000, "grossProfit": 116100000, "grossProfitRatio": 0.0813994251, "researchAndDevelopmentExpenses": 0, "generalAndAdministrativeExpenses": 0, "sellingAndMarketingExpenses": 0, "sellingGeneralAndAdministrativeExpenses": 118500000, "otherExpenses": 118500000, "operatingExpenses": 118500000, "costAndExpenses": 1428700000, "interestIncome": 0, "interestExpense": 0, "depreciationAndAmortization": 112300000, "ebitda": 119500000, "ebitdaratio": 0.0837832153, "operatingIncome": -12300000, "operatingIncomeRatio": -0.0086237117, "totalOtherIncomeExpensesNet": -9600000, "incomeBeforeTax": -62100000, "incomeBeforeTaxRatio": -0.0435392274, "incomeTaxExpense": 43000000, "netIncome": -106400000, "netIncomeRatio": -0.0745986118, "eps": -0.52, "epsdiluted": -0.52, "weightedAverageShsOut": 203460000, "weightedAverageShsOutDil": 203460000, "link": "", "finalLink": "", "calculatedOtherExpenses": 9900000, "calculatedOperatingExpenses": 128400000, "calculatedNetInterest": 0, "calculatedOtherIncome": -49800000, "calculatedIncomeNonControlling": 1300000, "calculatedEbitda": 100000000}, {"date": "2006-12-31", "symbol": "TROX", "reportedCurrency": "USD", "cik": "0001530804", "fillingDate": "2006-12-31", "acceptedDate": "2006-12-30 19:00:00", "calendarYear": "2006", "period": "FY", "revenue": 1411600000, "costOfRevenue": 1244700000, "grossProfit": 166900000, "grossProfitRatio": 0.1182346274, "researchAndDevelopmentExpenses": 0, "generalAndAdministrativeExpenses": 0, "sellingAndMarketingExpenses": 0, "sellingGeneralAndAdministrativeExpenses": 118700000, "otherExpenses": 118700000, "operatingExpenses": 118700000, "costAndExpenses": 1363400000, "interestIncome": 0, "interestExpense": 0, "depreciationAndAmortization": 103000000, "ebitda": 100900000, "ebitdaratio": 0.0714791726, "operatingIncome": 55300000, "operatingIncomeRatio": 0.0391754038, "totalOtherIncomeExpensesNet": 50300000, "incomeBeforeTax": 48100000, "incomeBeforeTaxRatio": 0.0340748087, "incomeTaxExpense": 23100000, "netIncome": -200000, "netIncomeRatio": -0.0001416832, "eps": -0.001, "epsdiluted": -0.001, "weightedAverageShsOut": 201865000, "weightedAverageShsOutDil": 204665000, "link": "", "finalLink": "", "calculatedOtherExpenses": -7100000, "calculatedOperatingExpenses": 111600000, "calculatedNetInterest": 0, "calculatedOtherIncome": -7200000, "calculatedIncomeNonControlling": 25200000, "calculatedEbitda": 158300000}, {"date": "2005-12-31", "symbol": "TROX", "reportedCurrency": "USD", "cik": "0001530804", "fillingDate": "2005-12-31", "acceptedDate": "2005-12-30 19:00:00", "calendarYear": "2005", "period": "FY", "revenue": 1364000000, "costOfRevenue": 1143800000, "grossProfit": 220200000, "grossProfitRatio": 0.1614369501, "researchAndDevelopmentExpenses": 0, "generalAndAdministrativeExpenses": 0, "sellingAndMarketingExpenses": 0, "sellingGeneralAndAdministrativeExpenses": 132300000, "otherExpenses": 132300000, "operatingExpenses": 132300000, "costAndExpenses": 1276100000, "interestIncome": 0, "interestExpense": 0, "depreciationAndAmortization": 103100000, "ebitda": 206200000, "ebitdaratio": 0.1511730205, "operatingIncome": 87900000, "operatingIncomeRatio": 0.0644428152, "totalOtherIncomeExpensesNet": -15200000, "incomeBeforeTax": 68500000, "incomeBeforeTaxRatio": 0.0502199413, "incomeTaxExpense": 21800000, "netIncome": 18800000, "netIncomeRatio": 0.0137829912, "eps": 0.15, "epsdiluted": 0.15, "weightedAverageShsOut": 122590000, "weightedAverageShsOutDil": 122590000, "link": "", "finalLink": "", "calculatedOtherExpenses": 0, "calculatedOperatingExpenses": 132300000, "calculatedNetInterest": 0, "calculatedOtherIncome": -19400000, "calculatedIncomeNonControlling": 27900000, "calculatedEbitda": 191000000}, {"date": "2004-12-31", "symbol": "TROX", "reportedCurrency": "USD", "cik": "0001530804", "fillingDate": "2004-12-31", "acceptedDate": "2004-12-30 19:00:00", "calendarYear": "2004", "period": "FY", "revenue": 1301800000, "costOfRevenue": 1168900000, "grossProfit": 132900000, "grossProfitRatio": 0.1020894147, "researchAndDevelopmentExpenses": 0, "generalAndAdministrativeExpenses": 0, "sellingAndMarketingExpenses": 0, "sellingGeneralAndAdministrativeExpenses": 114700000, "otherExpenses": 114700000, "operatingExpenses": 114700000, "costAndExpenses": 1283600000, "interestIncome": 0, "interestExpense": 0, "depreciationAndAmortization": 104600000, "ebitda": 253900000, "ebitdaratio": 0.1950376402, "operatingIncome": -94800000, "operatingIncomeRatio": -0.0728222461, "totalOtherIncomeExpensesNet": -128700000, "incomeBeforeTax": -120100000, "incomeBeforeTaxRatio": -0.0922568751, "incomeTaxExpense": -38300000, "netIncome": -127600000, "netIncomeRatio": -0.0980181287, "eps": -1.11, "epsdiluted": -1.11, "weightedAverageShsOut": 114445000, "weightedAverageShsOutDil": 114445000, "link": "", "finalLink": "", "calculatedOtherExpenses": 113000000, "calculatedOperatingExpenses": 227700000, "calculatedNetInterest": 0, "calculatedOtherIncome": -25300000, "calculatedIncomeNonControlling": 45800000, "calculatedEbitda": 9800000}, {"date": "2003-12-31", "symbol": "TROX", "reportedCurrency": "USD", "cik": "0001530804", "fillingDate": "2003-12-31", "acceptedDate": "2003-12-30 19:00:00", "calendarYear": "2003", "period": "FY", "revenue": 1163500000, "costOfRevenue": 1026300000, "grossProfit": 137200000, "grossProfitRatio": 0.1179200688, "researchAndDevelopmentExpenses": 0, "generalAndAdministrativeExpenses": 0, "sellingAndMarketingExpenses": 0, "sellingGeneralAndAdministrativeExpenses": 103100000, "otherExpenses": 103100000, "operatingExpenses": 103100000, "costAndExpenses": 1129400000, "interestIncome": 0, "interestExpense": 0, "depreciationAndAmortization": 81900000, "ebitda": 116000000, "ebitdaratio": 0.0996991835, "operatingIncome": 34100000, "operatingIncomeRatio": 0.029308122, "totalOtherIncomeExpensesNet": -81900000, "incomeBeforeTax": -62800000, "incomeBeforeTaxRatio": -0.0539750752, "incomeTaxExpense": -15100000, "netIncome": -92700000, "netIncomeRatio": -0.0796733992, "eps": -0.42, "epsdiluted": -0.42, "weightedAverageShsOut": 222836538, "weightedAverageShsOutDil": 222836538, "link": "", "finalLink": "", "calculatedOtherExpenses": 0, "calculatedOperatingExpenses": 103100000, "calculatedNetInterest": 0, "calculatedOtherIncome": -96900000, "calculatedIncomeNonControlling": 45000000, "calculatedEbitda": 116000000}, {"date": "2002-12-31", "symbol": "TROX", "reportedCurrency": "USD", "cik": "0001530804", "fillingDate": "2002-12-31", "acceptedDate": "2002-12-30 19:00:00", "calendarYear": "2002", "period": "FY", "revenue": 1064300000, "costOfRevenue": 949000000, "grossProfit": 115300000, "grossProfitRatio": 0.1083341163, "researchAndDevelopmentExpenses": 0, "generalAndAdministrativeExpenses": 0, "sellingAndMarketingExpenses": 0, "sellingGeneralAndAdministrativeExpenses": 84000000, "otherExpenses": 98300000, "operatingExpenses": 98300000, "costAndExpenses": 1047300000, "interestIncome": 0, "interestExpense": 0, "depreciationAndAmortization": 36700000, "ebitda": 41900000, "ebitdaratio": 0.0393685991, "operatingIncome": 5200000, "operatingIncomeRatio": 0.0048858405, "totalOtherIncomeExpensesNet": -24900000, "incomeBeforeTax": -8000000, "incomeBeforeTaxRatio": -0.0075166776, "incomeTaxExpense": 8300000, "netIncome": -97300000, "netIncomeRatio": -0.0914215917, "eps": -0.14, "epsdiluted": -0.14, "weightedAverageShsOut": 685211268, "weightedAverageShsOutDil": 685211268, "link": "", "finalLink": "", "calculatedOtherExpenses": 26100000, "calculatedOperatingExpenses": 110100000, "calculatedNetInterest": 0, "calculatedOtherIncome": -13200000, "calculatedIncomeNonControlling": 81000000, "calculatedEbitda": 41900000}, {"date": "2001-12-31", "symbol": "TROX", "reportedCurrency": "USD", "cik": "0001530804", "fillingDate": "2001-12-31", "acceptedDate": "2001-12-30 19:00:00", "calendarYear": "2001", "period": "FY", "revenue": 1022600000, "costOfRevenue": 972500000, "grossProfit": 50100000, "grossProfitRatio": 0.0489927635, "researchAndDevelopmentExpenses": 0, "generalAndAdministrativeExpenses": 0, "sellingAndMarketingExpenses": 0, "sellingGeneralAndAdministrativeExpenses": 92200000, "otherExpenses": 99900000, "operatingExpenses": 99900000, "costAndExpenses": 1072400000, "interestIncome": 0, "interestExpense": 0, "depreciationAndAmortization": 119900000, "ebitda": 110000000, "ebitdaratio": 0.1075689419, "operatingIncome": -49800000, "operatingIncomeRatio": -0.0486993937, "totalOtherIncomeExpensesNet": -39900000, "incomeBeforeTax": -89800000, "incomeBeforeTaxRatio": -0.0878153726, "incomeTaxExpense": -30700000, "netIncome": -107400000, "netIncomeRatio": -0.1050264033, "eps": -0.52, "epsdiluted": -0.52, "weightedAverageShsOut": 206155000, "weightedAverageShsOutDil": 206920000, "link": "", "finalLink": "", "calculatedOtherExpenses": 7700000, "calculatedOperatingExpenses": 99900000, "calculatedNetInterest": 0, "calculatedOtherIncome": -40000000, "calculatedIncomeNonControlling": 48300000, "calculatedEbitda": 70100000}]}