{"originalCurrency": "USD", "convertedCurrency": "USD", "report": [{"date": "2023-12-31", "symbol": "TRU", "reportedCurrency": "USD", "cik": "0001552033", "fillingDate": "2024-02-28", "acceptedDate": "2024-02-28 16:12:30", "calendarYear": "2023", "period": "FY", "revenue": 3831200000, "costOfRevenue": 2041700000, "grossProfit": 1789500000, "grossProfitRatio": 0.4670860305, "researchAndDevelopmentExpenses": 0, "generalAndAdministrativeExpenses": 1070500000, "sellingAndMarketingExpenses": 64200000, "sellingGeneralAndAdministrativeExpenses": 1134700000, "otherExpenses": -3000000, "operatingExpenses": 1134700000, "costAndExpenses": 3176400000, "interestIncome": 20700000, "interestExpense": 288200000, "depreciationAndAmortization": 524400000, "ebitda": 1179200000, "ebitdaratio": 0.3077886824, "operatingIncome": 654800000, "operatingIncomeRatio": 0.1709125078, "totalOtherIncomeExpensesNet": -800100000, "incomeBeforeTax": -145300000, "incomeBeforeTaxRatio": -0.0379254542, "incomeTaxExpense": 44800000, "netIncome": -206200000, "netIncomeRatio": -0.053821257, "eps": -1.07, "epsdiluted": -1.07, "weightedAverageShsOut": 193400000, "weightedAverageShsOutDil": 193400000, "link": "https://www.sec.gov/Archives/edgar/data/1552033/000155203324000027/0001552033-24-000027-index.htm", "finalLink": "https://www.sec.gov/Archives/edgar/data/1552033/000155203324000027/tru-20231231.htm", "calculatedOtherExpenses": 0, "calculatedOperatingExpenses": 1134700000, "calculatedNetInterest": -267500000, "calculatedOtherIncome": -532600000, "calculatedIncomeNonControlling": 16100000, "calculatedEbitda": 1179200000}, {"date": "2022-12-31", "symbol": "TRU", "reportedCurrency": "USD", "cik": "0001552033", "fillingDate": "2023-02-14", "acceptedDate": "2023-02-14 06:32:32", "calendarYear": "2022", "period": "FY", "revenue": 3709900000, "costOfRevenue": 1222900000, "grossProfit": 2487000000, "grossProfitRatio": 0.6703684735, "researchAndDevelopmentExpenses": 0, "generalAndAdministrativeExpenses": 1249700000, "sellingAndMarketingExpenses": 87700000, "sellingGeneralAndAdministrativeExpenses": 1337400000, "otherExpenses": 519000000, "operatingExpenses": 1856400000, "costAndExpenses": 3079300000, "interestIncome": 4700000, "interestExpense": 230900000, "depreciationAndAmortization": 506600000, "ebitda": 1137100000, "ebitdaratio": 0.3065042184, "operatingIncome": 630500000, "operatingIncomeRatio": 0.1699506725, "totalOtherIncomeExpensesNet": -243300000, "incomeBeforeTax": 387200000, "incomeBeforeTaxRatio": 0.10436939, "incomeTaxExpense": 119900000, "netIncome": 266300000, "netIncomeRatio": 0.0717809105, "eps": 1.34, "epsdiluted": 1.34, "weightedAverageShsOut": 192500000, "weightedAverageShsOutDil": 193100000, "link": "https://www.sec.gov/Archives/edgar/data/1552033/000155203323000016/0001552033-23-000016-index.htm", "finalLink": "https://www.sec.gov/Archives/edgar/data/1552033/000155203323000016/ck0001552033-20221231.htm", "calculatedOtherExpenses": 519100000, "calculatedOperatingExpenses": 1856500000, "calculatedNetInterest": -226200000, "calculatedOtherIncome": -17100000, "calculatedIncomeNonControlling": 1000000, "calculatedEbitda": 1137100000}, {"date": "2021-12-31", "symbol": "TRU", "reportedCurrency": "USD", "cik": "0001552033", "fillingDate": "2022-02-22", "acceptedDate": "2022-02-22 06:08:28", "calendarYear": "2021", "period": "FY", "revenue": 2960200000, "costOfRevenue": 991600000, "grossProfit": 1968600000, "grossProfitRatio": 0.6650226336, "researchAndDevelopmentExpenses": 0, "generalAndAdministrativeExpenses": 851000000, "sellingAndMarketingExpenses": 92900000, "sellingGeneralAndAdministrativeExpenses": 943900000, "otherExpenses": 377000000, "operatingExpenses": 1320900000, "costAndExpenses": 2312500000, "interestIncome": 3400000, "interestExpense": 112600000, "depreciationAndAmortization": 343300000, "ebitda": 991000000, "ebitdaratio": 0.3347746774, "operatingIncome": 647700000, "operatingIncomeRatio": 0.2188027836, "totalOtherIncomeExpensesNet": -146300000, "incomeBeforeTax": 501400000, "incomeBeforeTaxRatio": 0.1693804473, "incomeTaxExpense": 130900000, "netIncome": 370500000, "netIncomeRatio": 0.1251604621, "eps": 1.94, "epsdiluted": 1.92, "weightedAverageShsOut": 191400000, "weightedAverageShsOutDil": 193000000, "link": "https://www.sec.gov/Archives/edgar/data/1552033/000155203322000008/0001552033-22-000008-index.htm", "finalLink": "https://www.sec.gov/Archives/edgar/data/1552033/000155203322000008/ck0001552033-20211231.htm", "calculatedOtherExpenses": 377000000, "calculatedOperatingExpenses": 1320900000, "calculatedNetInterest": -109200000, "calculatedOtherIncome": -37100000, "calculatedIncomeNonControlling": 0, "calculatedEbitda": 991000000}, {"date": "2020-12-31", "symbol": "TRU", "reportedCurrency": "USD", "cik": "0001552033", "fillingDate": "2021-02-16", "acceptedDate": "2021-02-16 06:42:48", "calendarYear": "2020", "period": "FY", "revenue": 2716600000, "costOfRevenue": 920400000, "grossProfit": 1796200000, "grossProfitRatio": 0.6611941397, "researchAndDevelopmentExpenses": 0, "generalAndAdministrativeExpenses": 770500000, "sellingAndMarketingExpenses": 89800000, "sellingGeneralAndAdministrativeExpenses": 860300000, "otherExpenses": 367900000, "operatingExpenses": 1228200000, "costAndExpenses": 2148600000, "interestIncome": 5600000, "interestExpense": 126300000, "depreciationAndAmortization": 382100000, "ebitda": 950000000, "ebitdaratio": 0.3497018332, "operatingIncome": 567900000, "operatingIncomeRatio": 0.2090480748, "totalOtherIncomeExpensesNet": -112100000, "incomeBeforeTax": 455800000, "incomeBeforeTaxRatio": 0.1677832585, "incomeTaxExpense": 100200000, "netIncome": 343200000, "netIncomeRatio": 0.1263343886, "eps": 1.81, "epsdiluted": 1.79, "weightedAverageShsOut": 189900000, "weightedAverageShsOutDil": 192200000, "link": "https://www.sec.gov/Archives/edgar/data/1552033/000155203321000008/0001552033-21-000008-index.htm", "finalLink": "https://www.sec.gov/Archives/edgar/data/1552033/000155203321000008/ck0001552033-20201231.htm", "calculatedOtherExpenses": 368000000, "calculatedOperatingExpenses": 1228300000, "calculatedNetInterest": -120700000, "calculatedOtherIncome": 8600000, "calculatedIncomeNonControlling": 12400000, "calculatedEbitda": 950000000}, {"date": "2019-12-31", "symbol": "TRU", "reportedCurrency": "USD", "cik": "0001552033", "fillingDate": "2020-02-18", "acceptedDate": "2020-02-18 07:00:14", "calendarYear": "2019", "period": "FY", "revenue": 2656100000, "costOfRevenue": 874100000, "grossProfit": 1782000000, "grossProfitRatio": 0.6709084748, "researchAndDevelopmentExpenses": 0, "generalAndAdministrativeExpenses": 728800000, "sellingAndMarketingExpenses": 83300000, "sellingGeneralAndAdministrativeExpenses": 812100000, "otherExpenses": 362100000, "operatingExpenses": 1174200000, "costAndExpenses": 2048300000, "interestIncome": 7500000, "interestExpense": 173600000, "depreciationAndAmortization": 368400000, "ebitda": 976200000, "ebitdaratio": 0.3675313429, "operatingIncome": 607800000, "operatingIncomeRatio": 0.2288317458, "totalOtherIncomeExpensesNet": -167300000, "incomeBeforeTax": 440500000, "incomeBeforeTaxRatio": 0.1658446595, "incomeTaxExpense": 83900000, "netIncome": 346900000, "netIncomeRatio": 0.1306050224, "eps": 1.85, "epsdiluted": 1.81, "weightedAverageShsOut": 187800000, "weightedAverageShsOutDil": 191800000, "link": "https://www.sec.gov/Archives/edgar/data/1552033/000155203320000014/0001552033-20-000014-index.htm", "finalLink": "https://www.sec.gov/Archives/edgar/data/1552033/000155203320000014/transunion-20191231x10k.htm", "calculatedOtherExpenses": 362100000, "calculatedOperatingExpenses": 1174200000, "calculatedNetInterest": -166100000, "calculatedOtherIncome": -1200000, "calculatedIncomeNonControlling": 9700000, "calculatedEbitda": 976200000}, {"date": "2018-12-31", "symbol": "TRU", "reportedCurrency": "USD", "cik": "0001552033", "fillingDate": "2019-02-14", "acceptedDate": "2019-02-14 16:22:10", "calendarYear": "2018", "period": "FY", "revenue": 2317200000, "costOfRevenue": 790100000, "grossProfit": 1527100000, "grossProfitRatio": 0.6590281374, "researchAndDevelopmentExpenses": 0, "generalAndAdministrativeExpenses": 0, "sellingAndMarketingExpenses": 0, "sellingGeneralAndAdministrativeExpenses": 707700000, "otherExpenses": -46900000, "operatingExpenses": 1014600000, "costAndExpenses": 1804700000, "interestIncome": 5500000, "interestExpense": 137500000, "depreciationAndAmortization": 306900000, "ebitda": 787900000, "ebitdaratio": 0.3400224409, "operatingIncome": 512500000, "operatingIncomeRatio": 0.2211721043, "totalOtherIncomeExpensesNet": -37000000, "incomeBeforeTax": 343500000, "incomeBeforeTaxRatio": 0.1482392543, "incomeTaxExpense": 54500000, "netIncome": 276600000, "netIncomeRatio": 0.119368203, "eps": 1.5, "epsdiluted": 1.45, "weightedAverageShsOut": 184600000, "weightedAverageShsOutDil": 190900000, "link": "https://www.sec.gov/Archives/edgar/data/1552033/000155203319000010/0001552033-19-000010-index.htm", "finalLink": "https://www.sec.gov/Archives/edgar/data/1552033/000155203319000010/transunion-20181231x10k.htm", "calculatedOtherExpenses": 306900000, "calculatedOperatingExpenses": 1014600000, "calculatedNetInterest": -132000000, "calculatedOtherIncome": -37000000, "calculatedIncomeNonControlling": 12400000, "calculatedEbitda": 819400000}, {"date": "2017-12-31", "symbol": "TRU", "reportedCurrency": "USD", "cik": "0001552033", "fillingDate": "2018-02-13", "acceptedDate": "2018-02-13 16:56:33", "calendarYear": "2017", "period": "FY", "revenue": 1933800000, "costOfRevenue": 645700000, "grossProfit": 1288100000, "grossProfitRatio": 0.6660978385, "researchAndDevelopmentExpenses": 0, "generalAndAdministrativeExpenses": 0, "sellingAndMarketingExpenses": 0, "sellingGeneralAndAdministrativeExpenses": 585400000, "otherExpenses": -19200000, "operatingExpenses": 823400000, "costAndExpenses": 1469100000, "interestIncome": 5500000, "interestExpense": 87600000, "depreciationAndAmortization": 238000000, "ebitda": 698100000, "ebitdaratio": 0.3609990692, "operatingIncome": 464700000, "operatingIncomeRatio": 0.2403040645, "totalOtherIncomeExpensesNet": -10100000, "incomeBeforeTax": 372500000, "incomeBeforeTaxRatio": 0.1926259179, "incomeTaxExpense": -79100000, "netIncome": 441200000, "netIncomeRatio": 0.2281518254, "eps": 2.42, "epsdiluted": 2.32, "weightedAverageShsOut": 182400000, "weightedAverageShsOutDil": 189900000, "link": "https://www.sec.gov/Archives/edgar/data/1552033/000155203318000018/0001552033-18-000018-index.htm", "finalLink": "https://www.sec.gov/Archives/edgar/data/1552033/000155203318000018/transunion-20171231x10k.htm", "calculatedOtherExpenses": 238000000, "calculatedOperatingExpenses": 823400000, "calculatedNetInterest": -82100000, "calculatedOtherIncome": -10100000, "calculatedIncomeNonControlling": 10400000, "calculatedEbitda": 702700000}, {"date": "2016-12-31", "symbol": "TRU", "reportedCurrency": "USD", "cik": "0001552033", "fillingDate": "2017-02-15", "acceptedDate": "2017-02-15 06:50:01", "calendarYear": "2016", "period": "FY", "revenue": 1704900000, "costOfRevenue": 579100000, "grossProfit": 1125800000, "grossProfitRatio": 0.6603319843, "researchAndDevelopmentExpenses": 0, "generalAndAdministrativeExpenses": 0, "sellingAndMarketingExpenses": 0, "sellingGeneralAndAdministrativeExpenses": 560100000, "otherExpenses": -22800000, "operatingExpenses": 825300000, "costAndExpenses": 1404400000, "interestIncome": 4600000, "interestExpense": 85500000, "depreciationAndAmortization": 265200000, "ebitda": 556100000, "ebitdaratio": 0.3261774884, "operatingIncome": 300500000, "operatingIncomeRatio": 0.1762566719, "totalOtherIncomeExpensesNet": -14200000, "incomeBeforeTax": 205400000, "incomeBeforeTaxRatio": 0.1204762743, "incomeTaxExpense": 74000000, "netIncome": 120600000, "netIncomeRatio": 0.0707372866, "eps": 0.66, "epsdiluted": 0.65, "weightedAverageShsOut": 182600000, "weightedAverageShsOutDil": 184600000, "link": "https://www.sec.gov/Archives/edgar/data/1552033/000155203317000014/0001552033-17-000014-index.htm", "finalLink": "https://www.sec.gov/Archives/edgar/data/1552033/000155203317000014/transunion-20161231x10k.htm", "calculatedOtherExpenses": 265200000, "calculatedOperatingExpenses": 825300000, "calculatedNetInterest": -80900000, "calculatedOtherIncome": -14200000, "calculatedIncomeNonControlling": 10800000, "calculatedEbitda": 565700000}, {"date": "2015-12-31", "symbol": "TRU", "reportedCurrency": "USD", "cik": "0001552033", "fillingDate": "2016-02-19", "acceptedDate": "2016-02-19 16:58:28", "calendarYear": "2015", "period": "FY", "revenue": 1506800000, "costOfRevenue": 531600000, "grossProfit": 975200000, "grossProfitRatio": 0.6471993629, "researchAndDevelopmentExpenses": 0, "generalAndAdministrativeExpenses": 0, "sellingAndMarketingExpenses": 0, "sellingGeneralAndAdministrativeExpenses": 499700000, "otherExpenses": -48900000, "operatingExpenses": 778100000, "costAndExpenses": 1309700000, "interestIncome": 3800000, "interestExpense": 134200000, "depreciationAndAmortization": 278400000, "ebitda": 439200000, "ebitdaratio": 0.2914786302, "operatingIncome": 197100000, "operatingIncomeRatio": 0.1308070082, "totalOtherIncomeExpensesNet": -40100000, "incomeBeforeTax": 26600000, "incomeBeforeTaxRatio": 0.017653305, "incomeTaxExpense": 11300000, "netIncome": 5900000, "netIncomeRatio": 0.0039155827, "eps": 0.0357, "epsdiluted": 0.0354, "weightedAverageShsOut": 165300000, "weightedAverageShsOutDil": 166800000, "link": "https://www.sec.gov/Archives/edgar/data/1552033/000155203316000079/0001552033-16-000079-index.htm", "finalLink": "https://www.sec.gov/Archives/edgar/data/1552033/000155203316000079/transunion-20151231x10k.htm", "calculatedOtherExpenses": 278400000, "calculatedOperatingExpenses": 778100000, "calculatedNetInterest": -130400000, "calculatedOtherIncome": -40100000, "calculatedIncomeNonControlling": 9400000, "calculatedEbitda": 475500000}, {"date": "2014-12-31", "symbol": "TRU", "reportedCurrency": "USD", "cik": "0001552033", "fillingDate": "2015-03-30", "acceptedDate": "2015-03-30 17:15:36", "calendarYear": "2014", "period": "FY", "revenue": 1304700000, "costOfRevenue": 499100000, "grossProfit": 805600000, "grossProfitRatio": 0.6174599525, "researchAndDevelopmentExpenses": 0, "generalAndAdministrativeExpenses": 0, "sellingAndMarketingExpenses": 0, "sellingGeneralAndAdministrativeExpenses": 436000000, "otherExpenses": 60700000, "operatingExpenses": 677200000, "costAndExpenses": 1176300000, "interestIncome": 3300000, "interestExpense": 190000000, "depreciationAndAmortization": 241200000, "ebitda": 431500000, "ebitdaratio": 0.3307273703, "operatingIncome": 128400000, "operatingIncomeRatio": 0.0984134284, "totalOtherIncomeExpensesNet": 71100000, "incomeBeforeTax": -1800000, "incomeBeforeTaxRatio": -0.0013796275, "incomeTaxExpense": 2600000, "netIncome": -12500000, "netIncomeRatio": -0.0095807465, "eps": -0.0845, "epsdiluted": -0.0845, "weightedAverageShsOut": 147900000, "weightedAverageShsOutDil": 147900000, "link": "https://www.sec.gov/Archives/edgar/data/1552033/000155203315000013/0001552033-15-000013-index.htm", "finalLink": "https://www.sec.gov/Archives/edgar/data/1552033/000155203315000013/transunion-20141231x10k.htm", "calculatedOtherExpenses": 241200000, "calculatedOperatingExpenses": 677200000, "calculatedNetInterest": -186700000, "calculatedOtherIncome": 56500000, "calculatedIncomeNonControlling": 8100000, "calculatedEbitda": 369600000}, {"date": "2013-12-31", "symbol": "TRU", "reportedCurrency": "USD", "cik": "0001552033", "fillingDate": "2014-02-27", "acceptedDate": "2014-02-27 14:59:33", "calendarYear": "2013", "period": "FY", "revenue": 1183200000, "costOfRevenue": 473900000, "grossProfit": 709300000, "grossProfitRatio": 0.5994759973, "researchAndDevelopmentExpenses": 0, "generalAndAdministrativeExpenses": 0, "sellingAndMarketingExpenses": 0, "sellingGeneralAndAdministrativeExpenses": 353300000, "otherExpenses": 700000, "operatingExpenses": 540100000, "costAndExpenses": 1014000000, "interestIncome": 1700000, "interestExpense": 197600000, "depreciationAndAmortization": 186800000, "ebitda": 368300000, "ebitdaratio": 0.3112745098, "operatingIncome": 169200000, "operatingIncomeRatio": 0.1430020284, "totalOtherIncomeExpensesNet": 4600000, "incomeBeforeTax": -25900000, "incomeBeforeTaxRatio": -0.0218897904, "incomeTaxExpense": 2300000, "netIncome": -35100000, "netIncomeRatio": -0.0296653144, "eps": -0.24, "epsdiluted": -0.24, "weightedAverageShsOut": 146250000, "weightedAverageShsOutDil": 147900000, "link": "https://www.sec.gov/Archives/edgar/data/1552033/000155203314000018/0001552033-14-000018-index.htm", "finalLink": "https://www.sec.gov/Archives/edgar/data/1513514/000155203314000018/transunion-20131231x10k.htm", "calculatedOtherExpenses": 186800000, "calculatedOperatingExpenses": 540100000, "calculatedNetInterest": -195900000, "calculatedOtherIncome": 800000, "calculatedIncomeNonControlling": 6900000, "calculatedEbitda": 356000000}, {"date": "2012-12-31", "symbol": "TRU", "reportedCurrency": "USD", "cik": "0001552033", "fillingDate": "2013-02-25", "acceptedDate": "2013-02-25 17:19:36", "calendarYear": "2012", "period": "FY", "revenue": 1140000000, "costOfRevenue": 470200000, "grossProfit": 669800000, "grossProfitRatio": 0.5875438596, "researchAndDevelopmentExpenses": 0, "generalAndAdministrativeExpenses": 383700000, "sellingAndMarketingExpenses": 0, "sellingGeneralAndAdministrativeExpenses": 383700000, "otherExpenses": 144200000, "operatingExpenses": 527900000, "costAndExpenses": 998100000, "interestIncome": 700000, "interestExpense": 125000000, "depreciationAndAmortization": 144200000, "ebitda": 263900000, "ebitdaratio": 0.2314912281, "operatingIncome": 141900000, "operatingIncomeRatio": 0.1244736842, "totalOtherIncomeExpensesNet": -133600000, "incomeBeforeTax": 8300000, "incomeBeforeTaxRatio": 0.0072807018, "incomeTaxExpense": 6600000, "netIncome": -11900000, "netIncomeRatio": -0.0104385965, "eps": -0.062, "epsdiluted": -0.062, "weightedAverageShsOut": 191899993, "weightedAverageShsOutDil": 191899993, "link": "https://www.sec.gov/Archives/edgar/data/1552033/000119312513074352/0001193125-13-074352-index.htm", "finalLink": "https://www.sec.gov/Archives/edgar/data/1513514/000119312513074352/d443807d10k.htm", "calculatedOtherExpenses": 144200000, "calculatedOperatingExpenses": 527900000, "calculatedNetInterest": -124300000, "calculatedOtherIncome": -9300000, "calculatedIncomeNonControlling": 13600000, "calculatedEbitda": 286100000}]}