{"originalCurrency": "USD", "convertedCurrency": "USD", "report": [{"date": "2023-12-31", "symbol": "TSLA", "reportedCurrency": "USD", "cik": "0001318605", "fillingDate": "2024-01-29", "acceptedDate": "2024-01-26 21:00:20", "calendarYear": "2023", "period": "FY", "revenue": 96773000000, "costOfRevenue": 79113000000, "grossProfit": 17660000000, "grossProfitRatio": 0.1824889174, "researchAndDevelopmentExpenses": 3969000000, "generalAndAdministrativeExpenses": 0, "sellingAndMarketingExpenses": 0, "sellingGeneralAndAdministrativeExpenses": 4800000000, "otherExpenses": 172000000, "operatingExpenses": 8769000000, "costAndExpenses": 87882000000, "interestIncome": 1066000000, "interestExpense": 156000000, "depreciationAndAmortization": 4667000000, "ebitda": 14796000000, "ebitdaratio": 0.1528938857, "operatingIncome": 8891000000, "operatingIncomeRatio": 0.0918747998, "totalOtherIncomeExpensesNet": 172000000, "incomeBeforeTax": 9973000000, "incomeBeforeTaxRatio": 0.1030556044, "incomeTaxExpense": -5001000000, "netIncome": 14999000000, "netIncomeRatio": 0.1549915782, "eps": 4.73, "epsdiluted": 4.3, "weightedAverageShsOut": 3174000000, "weightedAverageShsOutDil": 3485000000, "link": "https://www.sec.gov/Archives/edgar/data/1318605/000162828024002390/0001628280-24-002390-index.htm", "finalLink": "https://www.sec.gov/Archives/edgar/data/1318605/000162828024002390/tsla-20231231.htm", "calculatedOtherExpenses": 0, "calculatedOperatingExpenses": 8769000000, "calculatedNetInterest": 910000000, "calculatedOtherIncome": 172000000, "calculatedIncomeNonControlling": -25000000, "calculatedEbitda": 13558000000}, {"date": "2022-12-31", "symbol": "TSLA", "reportedCurrency": "USD", "cik": "0001318605", "fillingDate": "2023-01-31", "acceptedDate": "2023-01-30 21:29:15", "calendarYear": "2022", "period": "FY", "revenue": 81462000000, "costOfRevenue": 60609000000, "grossProfit": 20853000000, "grossProfitRatio": 0.2559843854, "researchAndDevelopmentExpenses": 3075000000, "generalAndAdministrativeExpenses": 0, "sellingAndMarketingExpenses": 0, "sellingGeneralAndAdministrativeExpenses": 3946000000, "otherExpenses": -43000000, "operatingExpenses": 7021000000, "costAndExpenses": 67630000000, "interestIncome": 297000000, "interestExpense": 191000000, "depreciationAndAmortization": 4177000000, "ebitda": 17833000000, "ebitdaratio": 0.2189118853, "operatingIncome": 13656000000, "operatingIncomeRatio": 0.167636444, "totalOtherIncomeExpensesNet": 63000000, "incomeBeforeTax": 13719000000, "incomeBeforeTaxRatio": 0.1684098107, "incomeTaxExpense": 1132000000, "netIncome": 12583000000, "netIncomeRatio": 0.1544646584, "eps": 4.02, "epsdiluted": 3.62, "weightedAverageShsOut": 3130000000, "weightedAverageShsOutDil": 3475000000, "link": "https://www.sec.gov/Archives/edgar/data/1318605/000095017023001409/0000950170-23-001409-index.htm", "finalLink": "https://www.sec.gov/Archives/edgar/data/1318605/000095017023001409/tsla-20221231.htm", "calculatedOtherExpenses": 176000000, "calculatedOperatingExpenses": 7197000000, "calculatedNetInterest": 106000000, "calculatedOtherIncome": -43000000, "calculatedIncomeNonControlling": 4000000, "calculatedEbitda": 17833000000}, {"date": "2021-12-31", "symbol": "TSLA", "reportedCurrency": "USD", "cik": "0001318605", "fillingDate": "2022-02-07", "acceptedDate": "2022-02-04 20:11:27", "calendarYear": "2021", "period": "FY", "revenue": 53823000000, "costOfRevenue": 40217000000, "grossProfit": 13606000000, "grossProfitRatio": 0.2527915575, "researchAndDevelopmentExpenses": 2593000000, "generalAndAdministrativeExpenses": 0, "sellingAndMarketingExpenses": 0, "sellingGeneralAndAdministrativeExpenses": 4517000000, "otherExpenses": 135000000, "operatingExpenses": 7110000000, "costAndExpenses": 47327000000, "interestIncome": 56000000, "interestExpense": 371000000, "depreciationAndAmortization": 2911000000, "ebitda": 9598000000, "ebitdaratio": 0.1783252513, "operatingIncome": 6687000000, "operatingIncomeRatio": 0.1242405663, "totalOtherIncomeExpensesNet": -344000000, "incomeBeforeTax": 6343000000, "incomeBeforeTaxRatio": 0.1178492466, "incomeTaxExpense": 699000000, "netIncome": 5524000000, "netIncomeRatio": 0.1026327035, "eps": 1.87, "epsdiluted": 1.63, "weightedAverageShsOut": 2957999940, "weightedAverageShsOutDil": 3386999932, "link": "https://www.sec.gov/Archives/edgar/data/1318605/000095017022000796/0000950170-22-000796-index.htm", "finalLink": "https://www.sec.gov/Archives/edgar/data/1318605/000095017022000796/tsla-20211231.htm", "calculatedOtherExpenses": -191000000, "calculatedOperatingExpenses": 6919000000, "calculatedNetInterest": -315000000, "calculatedOtherIncome": -29000000, "calculatedIncomeNonControlling": 120000000, "calculatedEbitda": 9598000000}, {"date": "2020-12-31", "symbol": "TSLA", "reportedCurrency": "USD", "cik": "0001318605", "fillingDate": "2021-02-08", "acceptedDate": "2021-02-08 07:27:23", "calendarYear": "2020", "period": "FY", "revenue": 31536000000, "costOfRevenue": 24906000000, "grossProfit": 6630000000, "grossProfitRatio": 0.2102359209, "researchAndDevelopmentExpenses": 1491000000, "generalAndAdministrativeExpenses": 0, "sellingAndMarketingExpenses": 0, "sellingGeneralAndAdministrativeExpenses": 3145000000, "otherExpenses": -122000000, "operatingExpenses": 4636000000, "costAndExpenses": 29542000000, "interestIncome": 30000000, "interestExpense": 748000000, "depreciationAndAmortization": 2230000000, "ebitda": 4224000000, "ebitdaratio": 0.1339421613, "operatingIncome": 1994000000, "operatingIncomeRatio": 0.0632293252, "totalOtherIncomeExpensesNet": -840000000, "incomeBeforeTax": 1154000000, "incomeBeforeTaxRatio": 0.0365930999, "incomeTaxExpense": 292000000, "netIncome": 721000000, "netIncomeRatio": 0.02286276, "eps": 0.25, "epsdiluted": 0.21, "weightedAverageShsOut": 2798999944, "weightedAverageShsOutDil": 3248999935, "link": "https://www.sec.gov/Archives/edgar/data/1318605/000156459021004599/0001564590-21-004599-index.htm", "finalLink": "https://www.sec.gov/Archives/edgar/data/1318605/000156459021004599/tsla-10k_20201231.htm", "calculatedOtherExpenses": 0, "calculatedOperatingExpenses": 4636000000, "calculatedNetInterest": -718000000, "calculatedOtherIncome": -122000000, "calculatedIncomeNonControlling": 141000000, "calculatedEbitda": 4224000000}, {"date": "2019-12-31", "symbol": "TSLA", "reportedCurrency": "USD", "cik": "0001318605", "fillingDate": "2020-02-13", "acceptedDate": "2020-02-13 07:12:18", "calendarYear": "2019", "period": "FY", "revenue": 24578000000, "costOfRevenue": 20509000000, "grossProfit": 4069000000, "grossProfitRatio": 0.165554561, "researchAndDevelopmentExpenses": 1343000000, "generalAndAdministrativeExpenses": 0, "sellingAndMarketingExpenses": 0, "sellingGeneralAndAdministrativeExpenses": 2646000000, "otherExpenses": 45000000, "operatingExpenses": 3989000000, "costAndExpenses": 24498000000, "interestIncome": 44000000, "interestExpense": 685000000, "depreciationAndAmortization": 2154000000, "ebitda": 2323000000, "ebitdaratio": 0.0945154203, "operatingIncome": 169000000, "operatingIncomeRatio": 0.006876068, "totalOtherIncomeExpensesNet": -834000000, "incomeBeforeTax": -665000000, "incomeBeforeTaxRatio": -0.0270567174, "incomeTaxExpense": 110000000, "netIncome": -775000000, "netIncomeRatio": -0.0315322646, "eps": -0.29, "epsdiluted": -0.29, "weightedAverageShsOut": 2660999946, "weightedAverageShsOutDil": 2660999946, "link": "https://www.sec.gov/Archives/edgar/data/1318605/000156459020004475/0001564590-20-004475-index.htm", "finalLink": "https://www.sec.gov/Archives/edgar/data/1318605/000156459020004475/tsla-10k_20191231.htm", "calculatedOtherExpenses": -89000000, "calculatedOperatingExpenses": 3900000000, "calculatedNetInterest": -641000000, "calculatedOtherIncome": -193000000, "calculatedIncomeNonControlling": 0, "calculatedEbitda": 2323000000}, {"date": "2018-12-31", "symbol": "TSLA", "reportedCurrency": "USD", "cik": "0001318605", "fillingDate": "2019-02-19", "acceptedDate": "2019-02-19 06:10:16", "calendarYear": "2018", "period": "FY", "revenue": 21461268000, "costOfRevenue": 17419247000, "grossProfit": 4042021000, "grossProfitRatio": 0.1883402695, "researchAndDevelopmentExpenses": 1460370000, "generalAndAdministrativeExpenses": 0, "sellingAndMarketingExpenses": 0, "sellingGeneralAndAdministrativeExpenses": 2834491000, "otherExpenses": 21866000, "operatingExpenses": 4294861000, "costAndExpenses": 21714108000, "interestIncome": 24533000, "interestExpense": 663071000, "depreciationAndAmortization": 1901050000, "ebitda": 1694609000, "ebitdaratio": 0.0789612711, "operatingIncome": -388073000, "operatingIncomeRatio": -0.0180824824, "totalOtherIncomeExpensesNet": -113367000, "incomeBeforeTax": -1004745000, "incomeBeforeTaxRatio": -0.0468166653, "incomeTaxExpense": 57837000, "netIncome": -976091000, "netIncomeRatio": -0.0454815158, "eps": -0.38, "epsdiluted": -0.38, "weightedAverageShsOut": 2557874948, "weightedAverageShsOutDil": 2557874948, "link": "https://www.sec.gov/Archives/edgar/data/1318605/000156459019003165/0001564590-19-003165-index.htm", "finalLink": "https://www.sec.gov/Archives/edgar/data/1318605/000156459019003165/tsla-10k_20181231.htm", "calculatedOtherExpenses": 135233000, "calculatedOperatingExpenses": 4430094000, "calculatedNetInterest": -638538000, "calculatedOtherIncome": 21866000, "calculatedIncomeNonControlling": -86491000, "calculatedEbitda": 1512977000}, {"date": "2017-12-31", "symbol": "TSLA", "reportedCurrency": "USD", "cik": "0001318605", "fillingDate": "2018-02-23", "acceptedDate": "2018-02-23 06:07:43", "calendarYear": "2017", "period": "FY", "revenue": 11758751000, "costOfRevenue": 9536264000, "grossProfit": 2222487000, "grossProfitRatio": 0.1890070638, "researchAndDevelopmentExpenses": 1378073000, "generalAndAdministrativeExpenses": 0, "sellingAndMarketingExpenses": 0, "sellingGeneralAndAdministrativeExpenses": 2476500000, "otherExpenses": -125373000, "operatingExpenses": 3854573000, "costAndExpenses": 13390837000, "interestIncome": 19686000, "interestExpense": 471259000, "depreciationAndAmortization": 1636003000, "ebitda": -101770000, "ebitdaratio": -0.0086548308, "operatingIncome": -1632086000, "operatingIncomeRatio": -0.1387975645, "totalOtherIncomeExpensesNet": -125373000, "incomeBeforeTax": -2209032000, "incomeBeforeTaxRatio": -0.1878628096, "incomeTaxExpense": 31546000, "netIncome": -1961400000, "netIncomeRatio": -0.1668034301, "eps": -0.79, "epsdiluted": -0.79, "weightedAverageShsOut": 2486369950, "weightedAverageShsOutDil": 2486369950, "link": "https://www.sec.gov/Archives/edgar/data/1318605/000156459018002956/0001564590-18-002956-index.htm", "finalLink": "https://www.sec.gov/Archives/edgar/data/1318605/000156459018002956/tsla-10k_20171231.htm", "calculatedOtherExpenses": 0, "calculatedOperatingExpenses": 3854573000, "calculatedNetInterest": -451573000, "calculatedOtherIncome": -125373000, "calculatedIncomeNonControlling": -279178000, "calculatedEbitda": 3917000}, {"date": "2016-12-31", "symbol": "TSLA", "reportedCurrency": "USD", "cik": "0001318605", "fillingDate": "2017-03-01", "acceptedDate": "2017-03-01 16:54:21", "calendarYear": "2016", "period": "FY", "revenue": 7000132000, "costOfRevenue": 5400875000, "grossProfit": 1599257000, "grossProfitRatio": 0.2284609776, "researchAndDevelopmentExpenses": 834408000, "generalAndAdministrativeExpenses": 0, "sellingAndMarketingExpenses": 0, "sellingGeneralAndAdministrativeExpenses": 1432189000, "otherExpenses": 111272000, "operatingExpenses": 2266597000, "costAndExpenses": 7667472000, "interestIncome": 8530000, "interestExpense": 198810000, "depreciationAndAmortization": 947099000, "ebitda": 399561000, "ebitdaratio": 0.0570790665, "operatingIncome": -667340000, "operatingIncomeRatio": -0.095332488, "totalOtherIncomeExpensesNet": 111272000, "incomeBeforeTax": -746348000, "incomeBeforeTaxRatio": -0.1066191323, "incomeTaxExpense": 26698000, "netIncome": -674914000, "netIncomeRatio": -0.0964144676, "eps": -0.31, "epsdiluted": -0.31, "weightedAverageShsOut": 2163179956, "weightedAverageShsOutDil": 2163179956, "link": "https://www.sec.gov/Archives/edgar/data/1318605/000156459017003118/0001564590-17-003118-index.htm", "finalLink": "https://www.sec.gov/Archives/edgar/data/1318605/000156459017003118/tsla-10k_20161231.htm", "calculatedOtherExpenses": 0, "calculatedOperatingExpenses": 2266597000, "calculatedNetInterest": -190280000, "calculatedOtherIncome": 111272000, "calculatedIncomeNonControlling": -98132000, "calculatedEbitda": 279759000}, {"date": "2015-12-31", "symbol": "TSLA", "reportedCurrency": "USD", "cik": "0001318605", "fillingDate": "2016-02-24", "acceptedDate": "2016-02-24 16:17:56", "calendarYear": "2015", "period": "FY", "revenue": 4046024000, "costOfRevenue": 3122521000, "grossProfit": 923503000, "grossProfitRatio": 0.2282495111, "researchAndDevelopmentExpenses": 717900000, "generalAndAdministrativeExpenses": 0, "sellingAndMarketingExpenses": 0, "sellingGeneralAndAdministrativeExpenses": 922232000, "otherExpenses": -41652000, "operatingExpenses": 1640132000, "costAndExpenses": 4762653000, "interestIncome": 1508000, "interestExpense": 118851000, "depreciationAndAmortization": 422590000, "ebitda": -756773000, "ebitdaratio": -0.1870411545, "operatingIncome": -716629000, "operatingIncomeRatio": -0.1771193152, "totalOtherIncomeExpensesNet": -41652000, "incomeBeforeTax": -875624000, "incomeBeforeTaxRatio": -0.2164159184, "incomeTaxExpense": 13039000, "netIncome": -888663000, "netIncomeRatio": -0.2196385884, "eps": -0.46, "epsdiluted": -0.46, "weightedAverageShsOut": 1923030000, "weightedAverageShsOutDil": 1923030000, "link": "https://www.sec.gov/Archives/edgar/data/1318605/000156459016013195/0001564590-16-013195-index.htm", "finalLink": "https://www.sec.gov/Archives/edgar/data/1318605/000156459016013195/tsla-10k_20151231.htm", "calculatedOtherExpenses": 0, "calculatedOperatingExpenses": 1640132000, "calculatedNetInterest": -117343000, "calculatedOtherIncome": -41652000, "calculatedIncomeNonControlling": 0, "calculatedEbitda": -294039000}, {"date": "2014-12-31", "symbol": "TSLA", "reportedCurrency": "USD", "cik": "0001318605", "fillingDate": "2015-02-26", "acceptedDate": "2015-02-26 17:13:26", "calendarYear": "2014", "period": "FY", "revenue": 3198356000, "costOfRevenue": 2316685000, "grossProfit": 881671000, "grossProfitRatio": 0.2756638098, "researchAndDevelopmentExpenses": 464700000, "generalAndAdministrativeExpenses": 0, "sellingAndMarketingExpenses": 0, "sellingGeneralAndAdministrativeExpenses": 603660000, "otherExpenses": 1813000, "operatingExpenses": 1068360000, "costAndExpenses": 3385045000, "interestIncome": 1126000, "interestExpense": 100886000, "depreciationAndAmortization": 231931000, "ebitda": -183750000, "ebitdaratio": -0.0574513907, "operatingIncome": -186689000, "operatingIncomeRatio": -0.0583703002, "totalOtherIncomeExpensesNet": 1813000, "incomeBeforeTax": -284636000, "incomeBeforeTaxRatio": -0.0889944709, "incomeTaxExpense": 9404000, "netIncome": -294040000, "netIncomeRatio": -0.0919347315, "eps": -0.16, "epsdiluted": -0.16, "weightedAverageShsOut": 1868085000, "weightedAverageShsOutDil": 1868085000, "link": "https://www.sec.gov/Archives/edgar/data/1318605/000156459015001031/0001564590-15-001031-index.htm", "finalLink": "https://www.sec.gov/Archives/edgar/data/1318605/000156459015001031/tsla-10k_20141231.htm", "calculatedOtherExpenses": 0, "calculatedOperatingExpenses": 1068360000, "calculatedNetInterest": -99760000, "calculatedOtherIncome": 1813000, "calculatedIncomeNonControlling": 0, "calculatedEbitda": 45242000}, {"date": "2013-12-31", "symbol": "TSLA", "reportedCurrency": "USD", "cik": "0001318605", "fillingDate": "2014-02-26", "acceptedDate": "2014-02-26 16:02:51", "calendarYear": "2013", "period": "FY", "revenue": 2013496000, "costOfRevenue": 1557234000, "grossProfit": 456262000, "grossProfitRatio": 0.2266018904, "researchAndDevelopmentExpenses": 231976000, "generalAndAdministrativeExpenses": 0, "sellingAndMarketingExpenses": 0, "sellingGeneralAndAdministrativeExpenses": 285569000, "otherExpenses": 22602000, "operatingExpenses": 517545000, "costAndExpenses": 2074779000, "interestIncome": 189000, "interestExpense": 32934000, "depreciationAndAmortization": 106083000, "ebitda": -38492000, "ebitdaratio": -0.0191169985, "operatingIncome": -61283000, "operatingIncomeRatio": -0.0304361171, "totalOtherIncomeExpensesNet": 22602000, "incomeBeforeTax": -71426000, "incomeBeforeTaxRatio": -0.035473624, "incomeTaxExpense": 2588000, "netIncome": -74014000, "netIncomeRatio": -0.0367589506, "eps": -0.0413, "epsdiluted": -0.0413, "weightedAverageShsOut": 1791315000, "weightedAverageShsOutDil": 1791315000, "link": "https://www.sec.gov/Archives/edgar/data/1318605/000119312514069681/0001193125-14-069681-index.htm", "finalLink": "https://www.sec.gov/Archives/edgar/data/1318605/000119312514069681/d668062d10k.htm", "calculatedOtherExpenses": 0, "calculatedOperatingExpenses": 517545000, "calculatedNetInterest": -32745000, "calculatedOtherIncome": 22602000, "calculatedIncomeNonControlling": 0, "calculatedEbitda": 44800000}, {"date": "2012-12-31", "symbol": "TSLA", "reportedCurrency": "USD", "cik": "0001318605", "fillingDate": "2013-03-07", "acceptedDate": "2013-03-07 17:10:43", "calendarYear": "2012", "period": "FY", "revenue": 413256000, "costOfRevenue": 383189000, "grossProfit": 30067000, "grossProfitRatio": 0.0727563544, "researchAndDevelopmentExpenses": 273978000, "generalAndAdministrativeExpenses": 0, "sellingAndMarketingExpenses": 0, "sellingGeneralAndAdministrativeExpenses": 150372000, "otherExpenses": -1828000, "operatingExpenses": 424350000, "costAndExpenses": 807539000, "interestIncome": 288000, "interestExpense": 254000, "depreciationAndAmortization": 28825000, "ebitda": -395823000, "ebitdaratio": -0.9578154945, "operatingIncome": -394283000, "operatingIncomeRatio": -0.9540889908, "totalOtherIncomeExpensesNet": -1828000, "incomeBeforeTax": -396077000, "incomeBeforeTaxRatio": -0.9584301256, "incomeTaxExpense": 136000, "netIncome": -396213000, "netIncomeRatio": -0.9587592195, "eps": -0.25, "epsdiluted": -0.25, "weightedAverageShsOut": 1610237820, "weightedAverageShsOutDil": 1610237820, "link": "https://www.sec.gov/Archives/edgar/data/1318605/000119312513096241/0001193125-13-096241-index.htm", "finalLink": "https://www.sec.gov/Archives/edgar/data/1318605/000119312513096241/d452995d10k.htm", "calculatedOtherExpenses": 0, "calculatedOperatingExpenses": 424350000, "calculatedNetInterest": 34000, "calculatedOtherIncome": -1828000, "calculatedIncomeNonControlling": 0, "calculatedEbitda": -365458000}, {"date": "2011-12-31", "symbol": "TSLA", "reportedCurrency": "USD", "cik": "0001318605", "fillingDate": "2012-02-27", "acceptedDate": "2012-02-27 17:17:24", "calendarYear": "2011", "period": "FY", "revenue": 204242000, "costOfRevenue": 142647000, "grossProfit": 61595000, "grossProfitRatio": 0.3015785196, "researchAndDevelopmentExpenses": 208981000, "generalAndAdministrativeExpenses": 0, "sellingAndMarketingExpenses": 0, "sellingGeneralAndAdministrativeExpenses": 104102000, "otherExpenses": 0, "operatingExpenses": 313083000, "costAndExpenses": 455730000, "interestIncome": 255000, "interestExpense": 43000, "depreciationAndAmortization": 16919000, "ebitda": -234314000, "ebitdaratio": -1.1472371011, "operatingIncome": -251488000, "operatingIncomeRatio": -1.2313236259, "totalOtherIncomeExpensesNet": -2646000, "incomeBeforeTax": -253922000, "incomeBeforeTaxRatio": -1.2432408613, "incomeTaxExpense": 489000, "netIncome": -254411000, "netIncomeRatio": -1.24563508, "eps": -0.17, "epsdiluted": -0.17, "weightedAverageShsOut": 1505832225, "weightedAverageShsOutDil": 1505832225, "link": "https://www.sec.gov/Archives/edgar/data/1318605/000119312512081990/0001193125-12-081990-index.htm", "finalLink": "https://www.sec.gov/Archives/edgar/data/1318605/000119312512081990/d279413d10k.htm", "calculatedOtherExpenses": 0, "calculatedOperatingExpenses": 313083000, "calculatedNetInterest": 212000, "calculatedOtherIncome": -2646000, "calculatedIncomeNonControlling": 0, "calculatedEbitda": -234569000}, {"date": "2010-12-31", "symbol": "TSLA", "reportedCurrency": "USD", "cik": "0001318605", "fillingDate": "2011-03-03", "acceptedDate": "2011-03-03 14:47:36", "calendarYear": "2010", "period": "FY", "revenue": 116744000, "costOfRevenue": 86013000, "grossProfit": 30731000, "grossProfitRatio": 0.2632340848, "researchAndDevelopmentExpenses": 92996000, "generalAndAdministrativeExpenses": 0, "sellingAndMarketingExpenses": 0, "sellingGeneralAndAdministrativeExpenses": 84573000, "otherExpenses": 0, "operatingExpenses": 177569000, "costAndExpenses": 263582000, "interestIncome": 258000, "interestExpense": 992000, "depreciationAndAmortization": 10623000, "ebitda": -135957000, "ebitdaratio": -1.1645737682, "operatingIncome": -146838000, "operatingIncomeRatio": -1.2577777016, "totalOtherIncomeExpensesNet": -6583000, "incomeBeforeTax": -154155000, "incomeBeforeTaxRatio": -1.3204532995, "incomeTaxExpense": 173000, "netIncome": -154328000, "netIncomeRatio": -1.3219351744, "eps": -0.2, "epsdiluted": -0.2, "weightedAverageShsOut": 760774530, "weightedAverageShsOutDil": 760774530, "link": "https://www.sec.gov/Archives/edgar/data/1318605/000119312511054847/0001193125-11-054847-index.htm", "finalLink": "https://www.sec.gov/Archives/edgar/data/1318605/000119312511054847/d10k.htm", "calculatedOtherExpenses": 0, "calculatedOperatingExpenses": 177569000, "calculatedNetInterest": -734000, "calculatedOtherIncome": -6583000, "calculatedIncomeNonControlling": 0, "calculatedEbitda": -136215000}, {"date": "2009-12-31", "symbol": "TSLA", "reportedCurrency": "USD", "cik": "0001318605", "fillingDate": "2009-12-31", "acceptedDate": "2009-12-31 00:00:00", "calendarYear": "2009", "period": "FY", "revenue": 111943000, "costOfRevenue": 102408000, "grossProfit": 9535000, "grossProfitRatio": 0.0851772777, "researchAndDevelopmentExpenses": 19282000, "generalAndAdministrativeExpenses": 0, "sellingAndMarketingExpenses": 0, "sellingGeneralAndAdministrativeExpenses": 42150000, "otherExpenses": 0, "operatingExpenses": 61432000, "costAndExpenses": 163840000, "interestIncome": 159000, "interestExpense": 2531000, "depreciationAndAmortization": 6940000, "ebitda": -44798000, "ebitdaratio": -0.4001858088, "operatingIncome": -51897000, "operatingIncomeRatio": -0.4636020117, "totalOtherIncomeExpensesNet": -1445000, "incomeBeforeTax": -55714000, "incomeBeforeTaxRatio": -0.4976997222, "incomeTaxExpense": 26000, "netIncome": -55740000, "netIncomeRatio": -0.4979319832, "eps": -0.0273, "epsdiluted": -0.0273, "weightedAverageShsOut": 2044950000, "weightedAverageShsOutDil": 2044950000, "link": null, "finalLink": null, "calculatedOtherExpenses": 0, "calculatedOperatingExpenses": 61432000, "calculatedNetInterest": -2372000, "calculatedOtherIncome": -1445000, "calculatedIncomeNonControlling": 0, "calculatedEbitda": -44957000}, {"date": "2008-12-31", "symbol": "TSLA", "reportedCurrency": "USD", "cik": "0001318605", "fillingDate": "2008-12-31", "acceptedDate": "2008-12-31 00:00:00", "calendarYear": "2008", "period": "FY", "revenue": 14742000, "costOfRevenue": 15883000, "grossProfit": -1141000, "grossProfitRatio": -0.0773979107, "researchAndDevelopmentExpenses": 53714000, "generalAndAdministrativeExpenses": 0, "sellingAndMarketingExpenses": 0, "sellingGeneralAndAdministrativeExpenses": 23649000, "otherExpenses": 0, "operatingExpenses": 77363000, "costAndExpenses": 93246000, "interestIncome": 529000, "interestExpense": 3747000, "depreciationAndAmortization": 4157000, "ebitda": -73818000, "ebitdaratio": -5.0073260073, "operatingIncome": -78504000, "operatingIncomeRatio": -5.3251933252, "totalOtherIncomeExpensesNet": -963000, "incomeBeforeTax": -82685000, "incomeBeforeTaxRatio": -5.6088047755, "incomeTaxExpense": 97000, "netIncome": -82782000, "netIncomeRatio": -5.6153846154, "eps": -0.0405, "epsdiluted": -0.0405, "weightedAverageShsOut": 2044950000, "weightedAverageShsOutDil": 2044950000, "link": null, "finalLink": null, "calculatedOtherExpenses": 0, "calculatedOperatingExpenses": 77363000, "calculatedNetInterest": -3218000, "calculatedOtherIncome": -963000, "calculatedIncomeNonControlling": 0, "calculatedEbitda": -74347000}, {"date": "2007-12-31", "symbol": "TSLA", "reportedCurrency": "USD", "cik": "0001318605", "fillingDate": "2007-12-31", "acceptedDate": "2007-12-31 00:00:00", "calendarYear": "2007", "period": "FY", "revenue": 73000, "costOfRevenue": 9000, "grossProfit": 64000, "grossProfitRatio": 0.8767123288, "researchAndDevelopmentExpenses": 62753000, "generalAndAdministrativeExpenses": 0, "sellingAndMarketingExpenses": 0, "sellingGeneralAndAdministrativeExpenses": 17244000, "otherExpenses": 0, "operatingExpenses": 79997000, "costAndExpenses": 80006000, "interestIncome": 1749000, "interestExpense": 1749000, "depreciationAndAmortization": 2895000, "ebitda": -75289000, "ebitdaratio": -1031.3561643836, "operatingIncome": -79933000, "operatingIncomeRatio": -1094.9726027397, "totalOtherIncomeExpensesNet": 137000, "incomeBeforeTax": -78047000, "incomeBeforeTaxRatio": -1069.1369863014, "incomeTaxExpense": 110000, "netIncome": -78157000, "netIncomeRatio": -1070.6438356164, "eps": -0.0382, "epsdiluted": -0.0382, "weightedAverageShsOut": 2044950000, "weightedAverageShsOutDil": 2044950000, "link": null, "finalLink": null, "calculatedOtherExpenses": 0, "calculatedOperatingExpenses": 79997000, "calculatedNetInterest": 0, "calculatedOtherIncome": 1886000, "calculatedIncomeNonControlling": 0, "calculatedEbitda": -77038000}]}