{"originalCurrency": "USD", "convertedCurrency": "USD", "report": [{"date": "2023-10-31", "symbol": "TTC", "reportedCurrency": "USD", "cik": "0000737758", "fillingDate": "2023-12-20", "acceptedDate": "2023-12-20 12:53:00", "calendarYear": "2023", "period": "FY", "revenue": 4553200000, "costOfRevenue": 2975600000, "grossProfit": 1577600000, "grossProfitRatio": 0.3464815954, "researchAndDevelopmentExpenses": 173900000, "generalAndAdministrativeExpenses": 918000000, "sellingAndMarketingExpenses": 77600000, "sellingGeneralAndAdministrativeExpenses": 995600000, "otherExpenses": 28500000, "operatingExpenses": 995600000, "costAndExpenses": 3971200000, "interestIncome": 58700000, "interestExpense": 58700000, "depreciationAndAmortization": 119200000, "ebitda": 729700000, "ebitdaratio": 0.1602609154, "operatingIncome": 430700000, "operatingIncomeRatio": 0.0945928138, "totalOtherIncomeExpensesNet": -122800000, "incomeBeforeTax": 400500000, "incomeBeforeTaxRatio": 0.087960116, "incomeTaxExpense": 70800000, "netIncome": 329700000, "netIncomeRatio": 0.0724106123, "eps": 3.16, "epsdiluted": 3.13, "weightedAverageShsOut": 104400000, "weightedAverageShsOutDil": 105300000, "link": "https://www.sec.gov/Archives/edgar/data/737758/000073775823000034/0000737758-23-000034-index.htm", "finalLink": "https://www.sec.gov/Archives/edgar/data/737758/000073775823000034/ttc-20231031.htm", "calculatedOtherExpenses": -22600000, "calculatedOperatingExpenses": 1146900000, "calculatedNetInterest": 0, "calculatedOtherIncome": -30200000, "calculatedIncomeNonControlling": 0, "calculatedEbitda": 549900000}, {"date": "2022-10-31", "symbol": "TTC", "reportedCurrency": "USD", "cik": "0000737758", "fillingDate": "2022-12-22", "acceptedDate": "2022-12-22 13:14:11", "calendarYear": "2022", "period": "FY", "revenue": 4514662000, "costOfRevenue": 3010066000, "grossProfit": 1504596000, "grossProfitRatio": 0.3332688028, "researchAndDevelopmentExpenses": 155600000, "generalAndAdministrativeExpenses": 870633000, "sellingAndMarketingExpenses": 58300000, "sellingGeneralAndAdministrativeExpenses": 928933000, "otherExpenses": 12621000, "operatingExpenses": 928933000, "costAndExpenses": 3938999000, "interestIncome": 35700000, "interestExpense": 35738000, "depreciationAndAmortization": 121430000, "ebitda": 697093000, "ebitdaratio": 0.154406465, "operatingIncome": 575663000, "operatingIncomeRatio": 0.1275096563, "totalOtherIncomeExpensesNet": -23117000, "incomeBeforeTax": 552546000, "incomeBeforeTaxRatio": 0.1223892287, "incomeTaxExpense": 109204000, "netIncome": 443300000, "netIncomeRatio": 0.0981911824, "eps": 4.23, "epsdiluted": 4.2, "weightedAverageShsOut": 104822000, "weightedAverageShsOutDil": 105649000, "link": "https://www.sec.gov/Archives/edgar/data/737758/000073775822000039/0000737758-22-000039-index.htm", "finalLink": "https://www.sec.gov/Archives/edgar/data/737758/000073775822000039/ttc-20221031.htm", "calculatedOtherExpenses": -155600000, "calculatedOperatingExpenses": 928933000, "calculatedNetInterest": -38000, "calculatedOtherIncome": -23079000, "calculatedIncomeNonControlling": 42000, "calculatedEbitda": 697093000}, {"date": "2021-10-31", "symbol": "TTC", "reportedCurrency": "USD", "cik": "0000737758", "fillingDate": "2021-12-17", "acceptedDate": "2021-12-17 12:15:53", "calendarYear": "2021", "period": "FY", "revenue": 3959584000, "costOfRevenue": 2621092000, "grossProfit": 1338492000, "grossProfitRatio": 0.3380385414, "researchAndDevelopmentExpenses": 141000000, "generalAndAdministrativeExpenses": 769712000, "sellingAndMarketingExpenses": 50500000, "sellingGeneralAndAdministrativeExpenses": 820212000, "otherExpenses": 10197000, "operatingExpenses": 820212000, "costAndExpenses": 3441304000, "interestIncome": 28700000, "interestExpense": 28659000, "depreciationAndAmortization": 109513000, "ebitda": 627793000, "ebitdaratio": 0.1585502416, "operatingIncome": 518280000, "operatingIncomeRatio": 0.1308925382, "totalOtherIncomeExpensesNet": -18462000, "incomeBeforeTax": 499818000, "incomeBeforeTaxRatio": 0.1262299272, "incomeTaxExpense": 89938000, "netIncome": 409900000, "netIncomeRatio": 0.1035209759, "eps": 3.82, "epsdiluted": 3.78, "weightedAverageShsOut": 107341000, "weightedAverageShsOutDil": 108473000, "link": "https://www.sec.gov/Archives/edgar/data/737758/000073775821000030/0000737758-21-000030-index.htm", "finalLink": "https://www.sec.gov/Archives/edgar/data/737758/000073775821000030/ttc-20211031.htm", "calculatedOtherExpenses": -141000000, "calculatedOperatingExpenses": 820212000, "calculatedNetInterest": 41000, "calculatedOtherIncome": -18503000, "calculatedIncomeNonControlling": -20000, "calculatedEbitda": 627793000}, {"date": "2020-10-31", "symbol": "TTC", "reportedCurrency": "USD", "cik": "0000737758", "fillingDate": "2020-12-18", "acceptedDate": "2020-12-18 13:19:18", "calendarYear": "2020", "period": "FY", "revenue": 3378810000, "costOfRevenue": 2189036000, "grossProfit": 1189774000, "grossProfitRatio": 0.3521281161, "researchAndDevelopmentExpenses": 124100000, "generalAndAdministrativeExpenses": 713117000, "sellingAndMarketingExpenses": 50300000, "sellingGeneralAndAdministrativeExpenses": 763417000, "otherExpenses": 13869000, "operatingExpenses": 763417000, "costAndExpenses": 2952453000, "interestIncome": 1255000, "interestExpense": 33156000, "depreciationAndAmortization": 109484000, "ebitda": 535841000, "ebitdaratio": 0.1585886747, "operatingIncome": 426357000, "operatingIncomeRatio": 0.1261855505, "totalOtherIncomeExpensesNet": -19287000, "incomeBeforeTax": 407070000, "incomeBeforeTaxRatio": 0.1204773278, "incomeTaxExpense": 77369000, "netIncome": 329701000, "netIncomeRatio": 0.0975790293, "eps": 3.06, "epsdiluted": 3.03, "weightedAverageShsOut": 107658000, "weightedAverageShsOutDil": 108663000, "link": "https://www.sec.gov/Archives/edgar/data/737758/000073775820000029/0000737758-20-000029-index.htm", "finalLink": "https://www.sec.gov/Archives/edgar/data/737758/000073775820000029/ttc-20201031.htm", "calculatedOtherExpenses": -124100000, "calculatedOperatingExpenses": 763417000, "calculatedNetInterest": -31901000, "calculatedOtherIncome": 12614000, "calculatedIncomeNonControlling": 0, "calculatedEbitda": 535841000}, {"date": "2019-10-31", "symbol": "TTC", "reportedCurrency": "USD", "cik": "0000737758", "fillingDate": "2019-12-20", "acceptedDate": "2019-12-20 14:51:06", "calendarYear": "2019", "period": "FY", "revenue": 3138084000, "costOfRevenue": 2090121000, "grossProfit": 1047963000, "grossProfitRatio": 0.3339499516, "researchAndDevelopmentExpenses": 109100000, "generalAndAdministrativeExpenses": 679434000, "sellingAndMarketingExpenses": 43500000, "sellingGeneralAndAdministrativeExpenses": 722934000, "otherExpenses": 25939000, "operatingExpenses": 722934000, "costAndExpenses": 2813055000, "interestIncome": 2753000, "interestExpense": 28835000, "depreciationAndAmortization": 113637000, "ebitda": 438666000, "ebitdaratio": 0.1397878451, "operatingIncome": 325029000, "operatingIncomeRatio": 0.1035756213, "totalOtherIncomeExpensesNet": -2896000, "incomeBeforeTax": 322133000, "incomeBeforeTaxRatio": 0.1026527652, "incomeTaxExpense": 48150000, "netIncome": 273983000, "netIncomeRatio": 0.0873090077, "eps": 2.57, "epsdiluted": 2.53, "weightedAverageShsOut": 106773000, "weightedAverageShsOutDil": 108090000, "link": "https://www.sec.gov/Archives/edgar/data/737758/000073775819000028/0000737758-19-000028-index.htm", "finalLink": "https://www.sec.gov/Archives/edgar/data/737758/000073775819000028/ttc-10312019x10k.htm", "calculatedOtherExpenses": -109100000, "calculatedOperatingExpenses": 722934000, "calculatedNetInterest": -26082000, "calculatedOtherIncome": 23186000, "calculatedIncomeNonControlling": 0, "calculatedEbitda": 438666000}, {"date": "2018-10-31", "symbol": "TTC", "reportedCurrency": "USD", "cik": "0000737758", "fillingDate": "2018-12-21", "acceptedDate": "2018-12-21 13:54:51", "calendarYear": "2018", "period": "FY", "revenue": 2618650000, "costOfRevenue": 1677639000, "grossProfit": 941011000, "grossProfitRatio": 0.3593496649, "researchAndDevelopmentExpenses": 83500000, "generalAndAdministrativeExpenses": 521526000, "sellingAndMarketingExpenses": 46400000, "sellingGeneralAndAdministrativeExpenses": 567926000, "otherExpenses": 18408000, "operatingExpenses": 567926000, "costAndExpenses": 2245565000, "interestIncome": 2463000, "interestExpense": 19096000, "depreciationAndAmortization": 61277000, "ebitda": 452770000, "ebitdaratio": 0.1729020679, "operatingIncome": 373085000, "operatingIncomeRatio": 0.1424722662, "totalOtherIncomeExpensesNet": 18408000, "incomeBeforeTax": 372397000, "incomeBeforeTaxRatio": 0.1422095354, "incomeTaxExpense": 100458000, "netIncome": 271939000, "netIncomeRatio": 0.1038470204, "eps": 2.56, "epsdiluted": 2.5, "weightedAverageShsOut": 106369000, "weightedAverageShsOutDil": 108657000, "link": "https://www.sec.gov/Archives/edgar/data/737758/000073775818000050/0000737758-18-000050-index.htm", "finalLink": "https://www.sec.gov/Archives/edgar/data/737758/000073775818000050/ttc-10312018x10k.htm", "calculatedOtherExpenses": -83500000, "calculatedOperatingExpenses": 567926000, "calculatedNetInterest": -16633000, "calculatedOtherIncome": 15945000, "calculatedIncomeNonControlling": 0, "calculatedEbitda": 434362000}, {"date": "2017-10-31", "symbol": "TTC", "reportedCurrency": "USD", "cik": "0000737758", "fillingDate": "2017-12-22", "acceptedDate": "2017-12-22 15:07:21", "calendarYear": "2017", "period": "FY", "revenue": 2505176000, "costOfRevenue": 1584339000, "grossProfit": 920837000, "grossProfitRatio": 0.3675737753, "researchAndDevelopmentExpenses": 80400000, "generalAndAdministrativeExpenses": 522727000, "sellingAndMarketingExpenses": 43000000, "sellingGeneralAndAdministrativeExpenses": 565727000, "otherExpenses": 3293000, "operatingExpenses": 565727000, "costAndExpenses": 2150066000, "interestIncome": 1359000, "interestExpense": 19113000, "depreciationAndAmortization": 64986000, "ebitda": 437283000, "ebitdaratio": 0.1745518079, "operatingIncome": 355110000, "operatingIncomeRatio": 0.1417505197, "totalOtherIncomeExpensesNet": 14731000, "incomeBeforeTax": 353184000, "incomeBeforeTaxRatio": 0.1409817115, "incomeTaxExpense": 85467000, "netIncome": 267717000, "netIncomeRatio": 0.1068655456, "eps": 2.47, "epsdiluted": 2.41, "weightedAverageShsOut": 108312000, "weightedAverageShsOutDil": 111252000, "link": "https://www.sec.gov/Archives/edgar/data/737758/000073775817000056/0000737758-17-000056-index.htm", "finalLink": "https://www.sec.gov/Archives/edgar/data/737758/000073775817000056/ttc-10312017x10k.htm", "calculatedOtherExpenses": -80400000, "calculatedOperatingExpenses": 565727000, "calculatedNetInterest": -17754000, "calculatedOtherIncome": 15828000, "calculatedIncomeNonControlling": 0, "calculatedEbitda": 420096000}, {"date": "2016-10-31", "symbol": "TTC", "reportedCurrency": "USD", "cik": "0000737758", "fillingDate": "2016-12-22", "acceptedDate": "2016-12-22 13:05:20", "calendarYear": "2016", "period": "FY", "revenue": 2392175000, "costOfRevenue": 1517580000, "grossProfit": 874595000, "grossProfitRatio": 0.3656066132, "researchAndDevelopmentExpenses": 77400000, "generalAndAdministrativeExpenses": 498399000, "sellingAndMarketingExpenses": 41800000, "sellingGeneralAndAdministrativeExpenses": 540199000, "otherExpenses": 1284000, "operatingExpenses": 540199000, "costAndExpenses": 2057779000, "interestIncome": 827000, "interestExpense": 19336000, "depreciationAndAmortization": 64097000, "ebitda": 413893000, "ebitdaratio": 0.1730195324, "operatingIncome": 334396000, "operatingIncomeRatio": 0.1397874319, "totalOtherIncomeExpensesNet": 13486000, "incomeBeforeTax": 330460000, "incomeBeforeTaxRatio": 0.1381420674, "incomeTaxExpense": 99466000, "netIncome": 230994000, "netIncomeRatio": 0.0965623334, "eps": 2.1, "epsdiluted": 2.06, "weightedAverageShsOut": 109834000, "weightedAverageShsOutDil": 111987000, "link": "https://www.sec.gov/Archives/edgar/data/737758/000104746916017295/0001047469-16-017295-index.htm", "finalLink": "https://www.sec.gov/Archives/edgar/data/737758/000104746916017295/a2230524z10-k.htm", "calculatedOtherExpenses": -77400000, "calculatedOperatingExpenses": 540199000, "calculatedNetInterest": -18509000, "calculatedOtherIncome": 14573000, "calculatedIncomeNonControlling": 0, "calculatedEbitda": 398493000}, {"date": "2015-10-31", "symbol": "TTC", "reportedCurrency": "USD", "cik": "0000737758", "fillingDate": "2015-12-23", "acceptedDate": "2015-12-23 12:47:08", "calendarYear": "2015", "period": "FY", "revenue": 2390875000, "costOfRevenue": 1554940000, "grossProfit": 835935000, "grossProfitRatio": 0.3496355937, "researchAndDevelopmentExpenses": 73600000, "generalAndAdministrativeExpenses": 493978000, "sellingAndMarketingExpenses": 42843000, "sellingGeneralAndAdministrativeExpenses": 536821000, "otherExpenses": 940000, "operatingExpenses": 536821000, "costAndExpenses": 2091761000, "interestIncome": 494000, "interestExpense": 18757000, "depreciationAndAmortization": 63143000, "ebitda": 372931000, "ebitdaratio": 0.1559809693, "operatingIncome": 299114000, "operatingIncomeRatio": 0.1251064987, "totalOtherIncomeExpensesNet": 9094000, "incomeBeforeTax": 291031000, "incomeBeforeTaxRatio": 0.121725728, "incomeTaxExpense": 89440000, "netIncome": 201591000, "netIncomeRatio": 0.0843168296, "eps": 1.82, "epsdiluted": 1.78, "weightedAverageShsOut": 111130000, "weightedAverageShsOutDil": 113514000, "link": "https://www.sec.gov/Archives/edgar/data/737758/000104746915009397/0001047469-15-009397-index.htm", "finalLink": "https://www.sec.gov/Archives/edgar/data/737758/000104746915009397/a2226882z10-k.htm", "calculatedOtherExpenses": -73600000, "calculatedOperatingExpenses": 536821000, "calculatedNetInterest": -18263000, "calculatedOtherIncome": 10180000, "calculatedIncomeNonControlling": 0, "calculatedEbitda": 362257000}, {"date": "2014-10-31", "symbol": "TTC", "reportedCurrency": "USD", "cik": "0000737758", "fillingDate": "2014-12-22", "acceptedDate": "2014-12-22 13:00:22", "calendarYear": "2014", "period": "FY", "revenue": 2172691000, "costOfRevenue": 1399420000, "grossProfit": 773271000, "grossProfitRatio": 0.3559047283, "researchAndDevelopmentExpenses": 69700000, "generalAndAdministrativeExpenses": 466524000, "sellingAndMarketingExpenses": 43590000, "sellingGeneralAndAdministrativeExpenses": 510114000, "otherExpenses": 789000, "operatingExpenses": 510114000, "costAndExpenses": 1909534000, "interestIncome": 465000, "interestExpense": 15426000, "depreciationAndAmortization": 53138000, "ebitda": 325009000, "ebitdaratio": 0.1495882295, "operatingIncome": 263157000, "operatingIncomeRatio": 0.1211203066, "totalOtherIncomeExpensesNet": 7172000, "incomeBeforeTax": 256445000, "incomeBeforeTaxRatio": 0.11803105, "incomeTaxExpense": 82575000, "netIncome": 173870000, "netIncomeRatio": 0.0800251854, "eps": 1.55, "epsdiluted": 1.51, "weightedAverageShsOut": 112718000, "weightedAverageShsOutDil": 115256000, "link": "https://www.sec.gov/Archives/edgar/data/737758/000104746914010062/0001047469-14-010062-index.htm", "finalLink": "https://www.sec.gov/Archives/edgar/data/737758/000104746914010062/a2222522z10-k.htm", "calculatedOtherExpenses": -69700000, "calculatedOperatingExpenses": 510114000, "calculatedNetInterest": -14961000, "calculatedOtherIncome": 8249000, "calculatedIncomeNonControlling": 0, "calculatedEbitda": 316295000}, {"date": "2013-10-31", "symbol": "TTC", "reportedCurrency": "USD", "cik": "0000737758", "fillingDate": "2013-12-20", "acceptedDate": "2013-12-20 15:47:30", "calendarYear": "2013", "period": "FY", "revenue": 2041431000, "costOfRevenue": 1316634000, "grossProfit": 724797000, "grossProfitRatio": 0.3550435944, "researchAndDevelopmentExpenses": 64599999, "generalAndAdministrativeExpenses": 446064000, "sellingAndMarketingExpenses": 48071000, "sellingGeneralAndAdministrativeExpenses": 494135000, "otherExpenses": 1255000, "operatingExpenses": 494135000, "costAndExpenses": 1810769000, "interestIncome": 447000, "interestExpense": 16210000, "depreciationAndAmortization": 54134000, "ebitda": 297057000, "ebitdaratio": 0.1455141026, "operatingIncome": 230662000, "operatingIncomeRatio": 0.1129903484, "totalOtherIncomeExpensesNet": 10721000, "incomeBeforeTax": 226713000, "incomeBeforeTaxRatio": 0.1110559211, "incomeTaxExpense": 71868000, "netIncome": 154845000, "netIncomeRatio": 0.0758512044, "eps": 1.34, "epsdiluted": 1.31, "weightedAverageShsOut": 115844000, "weightedAverageShsOutDil": 118210000, "link": "https://www.sec.gov/Archives/edgar/data/737758/000104746913011316/0001047469-13-011316-index.htm", "finalLink": "https://www.sec.gov/Archives/edgar/data/737758/000104746913011316/a2217724z10-k.htm", "calculatedOtherExpenses": -64599999, "calculatedOperatingExpenses": 494135000, "calculatedNetInterest": -15763000, "calculatedOtherIncome": 11814000, "calculatedIncomeNonControlling": 0, "calculatedEbitda": 284796000}, {"date": "2012-10-31", "symbol": "TTC", "reportedCurrency": "USD", "cik": "0000737758", "fillingDate": "2012-12-21", "acceptedDate": "2012-12-21 10:52:59", "calendarYear": "2012", "period": "FY", "revenue": 1958690000, "costOfRevenue": 1285596000, "grossProfit": 673094000, "grossProfitRatio": 0.3436449872, "researchAndDevelopmentExpenses": 60100000, "generalAndAdministrativeExpenses": 420534000, "sellingAndMarketingExpenses": 46947000, "sellingGeneralAndAdministrativeExpenses": 467481000, "otherExpenses": 0, "operatingExpenses": 467481000, "costAndExpenses": 1753077000, "interestIncome": 786000, "interestExpense": 16906000, "depreciationAndAmortization": 53634000, "ebitda": 259247000, "ebitdaratio": 0.1323573409, "operatingIncome": 205613000, "operatingIncomeRatio": 0.1049747535, "totalOtherIncomeExpensesNet": 7555000, "incomeBeforeTax": 196262000, "incomeBeforeTaxRatio": 0.1002006443, "incomeTaxExpense": 66721000, "netIncome": 129541000, "netIncomeRatio": 0.0661365504, "eps": 1.09, "epsdiluted": 1.07, "weightedAverageShsOut": 118892000, "weightedAverageShsOutDil": 121236000, "link": "https://www.sec.gov/Archives/edgar/data/737758/000104746912011370/0001047469-12-011370-index.htm", "finalLink": "https://www.sec.gov/Archives/edgar/data/737758/000104746912011370/a2212200z10-k.htm", "calculatedOtherExpenses": -60100000, "calculatedOperatingExpenses": 467481000, "calculatedNetInterest": -16120000, "calculatedOtherIncome": 6769000, "calculatedIncomeNonControlling": 0, "calculatedEbitda": 259247000}, {"date": "2011-10-31", "symbol": "TTC", "reportedCurrency": "USD", "cik": "0000737758", "fillingDate": "2011-12-21", "acceptedDate": "2011-12-21 10:55:00", "calendarYear": "2011", "period": "FY", "revenue": 1883953000, "costOfRevenue": 1247306000, "grossProfit": 636647000, "grossProfitRatio": 0.3379314664, "researchAndDevelopmentExpenses": 0, "generalAndAdministrativeExpenses": 0, "sellingAndMarketingExpenses": 0, "sellingGeneralAndAdministrativeExpenses": 452160000, "otherExpenses": 0, "operatingExpenses": 452160000, "costAndExpenses": 1699466000, "interestIncome": 1072000, "interestExpense": 16970000, "depreciationAndAmortization": 48506000, "ebitda": 232993000, "ebitdaratio": 0.1236724058, "operatingIncome": 184487000, "operatingIncomeRatio": 0.097925479, "totalOtherIncomeExpensesNet": 7309000, "incomeBeforeTax": 174826000, "incomeBeforeTaxRatio": 0.0927974318, "incomeTaxExpense": 57168000, "netIncome": 117658000, "netIncomeRatio": 0.0624527257, "eps": 0.94, "epsdiluted": 0.93, "weightedAverageShsOut": 125068000, "weightedAverageShsOutDil": 127188000, "link": "https://www.sec.gov/Archives/edgar/data/737758/000104746911010161/0001047469-11-010161-index.htm", "finalLink": "https://www.sec.gov/Archives/edgar/data/737758/000104746911010161/a2206667z10-k.htm", "calculatedOtherExpenses": 0, "calculatedOperatingExpenses": 452160000, "calculatedNetInterest": -15898000, "calculatedOtherIncome": 6237000, "calculatedIncomeNonControlling": 0, "calculatedEbitda": 232993000}, {"date": "2010-10-31", "symbol": "TTC", "reportedCurrency": "USD", "cik": "0000737758", "fillingDate": "2010-12-22", "acceptedDate": "2010-12-22 12:00:27", "calendarYear": "2010", "period": "FY", "revenue": 1690378000, "costOfRevenue": 1113987000, "grossProfit": 576391000, "grossProfitRatio": 0.340983496, "researchAndDevelopmentExpenses": 0, "generalAndAdministrativeExpenses": 0, "sellingAndMarketingExpenses": 0, "sellingGeneralAndAdministrativeExpenses": 425125000, "otherExpenses": 0, "operatingExpenses": 425125000, "costAndExpenses": 1539112000, "interestIncome": 1056000, "interestExpense": 17113000, "depreciationAndAmortization": 45011000, "ebitda": 196277000, "ebitdaratio": 0.1161142656, "operatingIncome": 151266000, "operatingIncomeRatio": 0.0894864936, "totalOtherIncomeExpensesNet": 7115000, "incomeBeforeTax": 141268000, "incomeBeforeTaxRatio": 0.0835718401, "incomeTaxExpense": 48031000, "netIncome": 93237000, "netIncomeRatio": 0.0551574855, "eps": 0.71, "epsdiluted": 0.7, "weightedAverageShsOut": 131928000, "weightedAverageShsOutDil": 133748000, "link": "https://www.sec.gov/Archives/edgar/data/737758/000104746910010555/0001047469-10-010555-index.htm", "finalLink": "https://www.sec.gov/Archives/edgar/data/737758/000104746910010555/a2201435z10-k.htm", "calculatedOtherExpenses": 0, "calculatedOperatingExpenses": 425125000, "calculatedNetInterest": -16057000, "calculatedOtherIncome": 6059000, "calculatedIncomeNonControlling": 0, "calculatedEbitda": 196277000}, {"date": "2009-10-31", "symbol": "TTC", "reportedCurrency": "USD", "cik": "0000737758", "fillingDate": "2009-12-22", "acceptedDate": "2009-12-22 11:48:07", "calendarYear": "2009", "period": "FY", "revenue": 1523447000, "costOfRevenue": 1012472000, "grossProfit": 510975000, "grossProfitRatio": 0.3354071392, "researchAndDevelopmentExpenses": 0, "generalAndAdministrativeExpenses": 0, "sellingAndMarketingExpenses": 0, "sellingGeneralAndAdministrativeExpenses": 395778000, "otherExpenses": 0, "operatingExpenses": 395778000, "costAndExpenses": 1408250000, "interestIncome": 0, "interestExpense": 17578000, "depreciationAndAmortization": 44535000, "ebitda": 115197000, "ebitdaratio": 0.0756160208, "operatingIncome": 115197000, "operatingIncomeRatio": 0.0756160208, "totalOtherIncomeExpensesNet": -1831000, "incomeBeforeTax": 95788000, "incomeBeforeTaxRatio": 0.0628758336, "incomeTaxExpense": 32951000, "netIncome": 62837000, "netIncomeRatio": 0.0412465941, "eps": 0.44, "epsdiluted": 0.43, "weightedAverageShsOut": 143152000, "weightedAverageShsOutDil": 144960000, "link": "https://www.sec.gov/Archives/edgar/data/737758/000104746909010874/0001047469-09-010874-index.htm", "finalLink": "https://www.sec.gov/Archives/edgar/data/737758/000104746909010874/a2195867z10-k.htm", "calculatedOtherExpenses": 0, "calculatedOperatingExpenses": 395778000, "calculatedNetInterest": -17578000, "calculatedOtherIncome": -1831000, "calculatedIncomeNonControlling": 0, "calculatedEbitda": 159732000}, {"date": "2008-10-31", "symbol": "TTC", "reportedCurrency": "USD", "cik": "0000737758", "fillingDate": "2008-12-22", "acceptedDate": "2008-12-22 11:34:22", "calendarYear": "2008", "period": "FY", "revenue": 1878184000, "costOfRevenue": 1225474000, "grossProfit": 652710000, "grossProfitRatio": 0.3475218615, "researchAndDevelopmentExpenses": 0, "generalAndAdministrativeExpenses": 0, "sellingAndMarketingExpenses": 0, "sellingGeneralAndAdministrativeExpenses": 454301000, "otherExpenses": 0, "operatingExpenses": 454301000, "costAndExpenses": 1679775000, "interestIncome": 0, "interestExpense": 15904000, "depreciationAndAmortization": 48194000, "ebitda": 245387000, "ebitdaratio": 0.1306512035, "operatingIncome": 198409000, "operatingIncomeRatio": 0.1056387447, "totalOtherIncomeExpensesNet": 357000, "incomeBeforeTax": 181289000, "incomeBeforeTaxRatio": 0.0965235568, "incomeTaxExpense": 61638000, "netIncome": 119651000, "netIncomeRatio": 0.0637056859, "eps": 0.79, "epsdiluted": 0.78, "weightedAverageShsOut": 150944000, "weightedAverageShsOutDil": 154316000, "link": "https://www.sec.gov/Archives/edgar/data/737758/000104746908013327/0001047469-08-013327-index.htm", "finalLink": "https://www.sec.gov/Archives/edgar/data/737758/000104746908013327/a2189714z10-k.htm", "calculatedOtherExpenses": 0, "calculatedOperatingExpenses": 454301000, "calculatedNetInterest": -15904000, "calculatedOtherIncome": -1216000, "calculatedIncomeNonControlling": 0, "calculatedEbitda": 246603000}, {"date": "2007-10-31", "symbol": "TTC", "reportedCurrency": "USD", "cik": "0000737758", "fillingDate": "2007-12-21", "acceptedDate": "2007-12-21 12:36:56", "calendarYear": "2007", "period": "FY", "revenue": 1876904000, "costOfRevenue": 1198529000, "grossProfit": 678375000, "grossProfitRatio": 0.3614329769, "researchAndDevelopmentExpenses": 0, "generalAndAdministrativeExpenses": 0, "sellingAndMarketingExpenses": 0, "sellingGeneralAndAdministrativeExpenses": 454726000, "otherExpenses": 0, "operatingExpenses": 454726000, "costAndExpenses": 1653255000, "interestIncome": 0, "interestExpense": 4186000, "depreciationAndAmortization": 42105000, "ebitda": 259518000, "ebitdaratio": 0.1382691922, "operatingIncome": 223649000, "operatingIncomeRatio": 0.1191584652, "totalOtherIncomeExpensesNet": 5875000, "incomeBeforeTax": 213227000, "incomeBeforeTaxRatio": 0.1136057039, "incomeTaxExpense": 70791000, "netIncome": 142436000, "netIncomeRatio": 0.0758888041, "eps": 0.88, "epsdiluted": 0.85, "weightedAverageShsOut": 162728000, "weightedAverageShsOutDil": 167456000, "link": "https://www.sec.gov/Archives/edgar/data/737758/000110465907090459/0001104659-07-090459-index.htm", "finalLink": "https://www.sec.gov/Archives/edgar/data/737758/000110465907090459/a07-31527_310k.htm", "calculatedOtherExpenses": 0, "calculatedOperatingExpenses": 454726000, "calculatedNetInterest": -4186000, "calculatedOtherIncome": -6236000, "calculatedIncomeNonControlling": 0, "calculatedEbitda": 265754000}, {"date": "2006-10-31", "symbol": "TTC", "reportedCurrency": "USD", "cik": "0000737758", "fillingDate": "2006-12-22", "acceptedDate": "2006-12-22 13:21:54", "calendarYear": "2006", "period": "FY", "revenue": 1835991000, "costOfRevenue": 1192675000, "grossProfit": 643316000, "grossProfitRatio": 0.3503916958, "researchAndDevelopmentExpenses": 0, "generalAndAdministrativeExpenses": 0, "sellingAndMarketingExpenses": 0, "sellingGeneralAndAdministrativeExpenses": 440440000, "otherExpenses": 0, "operatingExpenses": 440440000, "costAndExpenses": 1633115000, "interestIncome": 0, "interestExpense": 2446000, "depreciationAndAmortization": 42564000, "ebitda": 237764000, "ebitdaratio": 0.1295017241, "operatingIncome": 202876000, "operatingIncomeRatio": 0.1104994523, "totalOtherIncomeExpensesNet": 6117000, "incomeBeforeTax": 192754000, "incomeBeforeTaxRatio": 0.1049863534, "incomeTaxExpense": 63609000, "netIncome": 129145000, "netIncomeRatio": 0.0703407588, "eps": 0.75, "epsdiluted": 0.73, "weightedAverageShsOut": 171548000, "weightedAverageShsOutDil": 177376000, "link": "https://www.sec.gov/Archives/edgar/data/737758/000110465906083580/0001104659-06-083580-index.htm", "finalLink": "https://www.sec.gov/Archives/edgar/data/737758/000110465906083580/a06-25975_310k.htm", "calculatedOtherExpenses": 0, "calculatedOperatingExpenses": 440440000, "calculatedNetInterest": -2446000, "calculatedOtherIncome": -7676000, "calculatedIncomeNonControlling": 0, "calculatedEbitda": 245440000}, {"date": "2005-10-31", "symbol": "TTC", "reportedCurrency": "USD", "cik": "0000737758", "fillingDate": "2005-12-22", "acceptedDate": "2005-12-22 17:15:02", "calendarYear": "2005", "period": "FY", "revenue": 1799387000, "costOfRevenue": 1164021000, "grossProfit": 635366000, "grossProfitRatio": 0.3531013617, "researchAndDevelopmentExpenses": 0, "generalAndAdministrativeExpenses": 0, "sellingAndMarketingExpenses": 0, "sellingGeneralAndAdministrativeExpenses": 432640000, "otherExpenses": 0, "operatingExpenses": 432640000, "costAndExpenses": 1596661000, "interestIncome": 0, "interestExpense": 27175000, "depreciationAndAmortization": 42829000, "ebitda": 240276000, "ebitdaratio": 0.1335321418, "operatingIncome": 182726000, "operatingIncomeRatio": 0.1015490275, "totalOtherIncomeExpensesNet": 5279000, "incomeBeforeTax": 170272000, "incomeBeforeTaxRatio": 0.0946277816, "incomeTaxExpense": 56190000, "netIncome": 114082000, "netIncomeRatio": 0.0634004803, "eps": 0.64, "epsdiluted": 0.61, "weightedAverageShsOut": 178856000, "weightedAverageShsOutDil": 186156000, "link": "https://www.sec.gov/Archives/edgar/data/737758/000110465905062402/0001104659-05-062402-index.htm", "finalLink": "https://www.sec.gov/Archives/edgar/data/737758/000110465905062402/a05-15748_210k.htm", "calculatedOtherExpenses": 20000000, "calculatedOperatingExpenses": 452640000, "calculatedNetInterest": -27175000, "calculatedOtherIncome": 14721000, "calculatedIncomeNonControlling": 0, "calculatedEbitda": 225555000}, {"date": "2004-10-31", "symbol": "TTC", "reportedCurrency": "USD", "cik": "0000737758", "fillingDate": "2004-12-22", "acceptedDate": "2004-12-22 12:24:12", "calendarYear": "2004", "period": "FY", "revenue": 1652508000, "costOfRevenue": 1059438000, "grossProfit": 593070000, "grossProfitRatio": 0.3588908495, "researchAndDevelopmentExpenses": 0, "generalAndAdministrativeExpenses": 0, "sellingAndMarketingExpenses": 0, "sellingGeneralAndAdministrativeExpenses": 428527000, "otherExpenses": 0, "operatingExpenses": 428527000, "costAndExpenses": 1487965000, "interestIncome": 0, "interestExpense": 7097000, "depreciationAndAmortization": 36093000, "ebitda": 196423000, "ebitdaratio": 0.1188635698, "operatingIncome": 165225000, "operatingIncomeRatio": 0.0999843874, "totalOtherIncomeExpensesNet": 4213000, "incomeBeforeTax": 153233000, "incomeBeforeTaxRatio": 0.092727539, "incomeTaxExpense": 50567000, "netIncome": 102666000, "netIncomeRatio": 0.0621273846, "eps": 0.53, "epsdiluted": 0.51, "weightedAverageShsOut": 194627488, "weightedAverageShsOutDil": 203299010, "link": "https://www.sec.gov/Archives/edgar/data/737758/000095013404019731/0000950134-04-019731-index.htm", "finalLink": "https://www.sec.gov/Archives/edgar/data/737758/000095013404019731/c88301e10vk.htm", "calculatedOtherExpenses": -682000, "calculatedOperatingExpenses": 427845000, "calculatedNetInterest": -7097000, "calculatedOtherIncome": -4895000, "calculatedIncomeNonControlling": 0, "calculatedEbitda": 201318000}, {"date": "2003-10-31", "symbol": "TTC", "reportedCurrency": "USD", "cik": "0000737758", "fillingDate": "2004-01-14", "acceptedDate": "2004-01-14 17:02:07", "calendarYear": "2003", "period": "FY", "revenue": 1496588000, "costOfRevenue": 961129000, "grossProfit": 535459000, "grossProfitRatio": 0.3577865117, "researchAndDevelopmentExpenses": 0, "generalAndAdministrativeExpenses": 0, "sellingAndMarketingExpenses": 0, "sellingGeneralAndAdministrativeExpenses": 404365000, "otherExpenses": 0, "operatingExpenses": 404365000, "costAndExpenses": 1365494000, "interestIncome": 0, "interestExpense": 4067000, "depreciationAndAmortization": 33173000, "ebitda": 158158000, "ebitdaratio": 0.1056790513, "operatingIncome": 129268000, "operatingIncomeRatio": 0.0863751413, "totalOtherIncomeExpensesNet": 6109000, "incomeBeforeTax": 120918000, "incomeBeforeTaxRatio": 0.0807957835, "incomeTaxExpense": 39298000, "netIncome": 81620000, "netIncomeRatio": 0.0545373877, "eps": 0.41, "epsdiluted": 0.39, "weightedAverageShsOut": 200294479, "weightedAverageShsOutDil": 209282051, "link": "https://www.sec.gov/Archives/edgar/data/737758/000095013404000383/0000950134-04-000383-index.htm", "finalLink": "https://www.sec.gov/Archives/edgar/data/737758/000095013404000383/c79924e10vk.htm", "calculatedOtherExpenses": 1826000, "calculatedOperatingExpenses": 406191000, "calculatedNetInterest": -4067000, "calculatedOtherIncome": -4283000, "calculatedIncomeNonControlling": 0, "calculatedEbitda": 162441000}, {"date": "2002-10-31", "symbol": "TTC", "reportedCurrency": "USD", "cik": "0000737758", "fillingDate": "2003-01-17", "acceptedDate": "2003-01-17 08:59:01", "calendarYear": "2002", "period": "FY", "revenue": 1399273000, "costOfRevenue": 914010000, "grossProfit": 485263000, "grossProfitRatio": 0.346796515, "researchAndDevelopmentExpenses": 0, "generalAndAdministrativeExpenses": 0, "sellingAndMarketingExpenses": 0, "sellingGeneralAndAdministrativeExpenses": 376278000, "otherExpenses": 0, "operatingExpenses": 376278000, "costAndExpenses": 1290288000, "interestIncome": 0, "interestExpense": 49239000, "depreciationAndAmortization": 30932000, "ebitda": 142356000, "ebitdaratio": 0.101735687, "operatingIncome": 100576000, "operatingIncomeRatio": 0.0718773249, "totalOtherIncomeExpensesNet": -2439000, "incomeBeforeTax": 86799000, "incomeBeforeTaxRatio": 0.0620314978, "incomeTaxExpense": 26868000, "netIncome": 35317000, "netIncomeRatio": 0.0252395351, "eps": 0.18, "epsdiluted": 0.17, "weightedAverageShsOut": 201811429, "weightedAverageShsOutDil": 207747059, "link": "https://www.sec.gov/Archives/edgar/data/737758/000095013403000742/0000950134-03-000742-index.htm", "finalLink": "https://www.sec.gov/Archives/edgar/data/737758/000095013403000742/c74028e10vk.txt", "calculatedOtherExpenses": 8409000, "calculatedOperatingExpenses": 384687000, "calculatedNetInterest": -49239000, "calculatedOtherIncome": 35462000, "calculatedIncomeNonControlling": 24614000, "calculatedEbitda": 131508000}, {"date": "2001-10-31", "symbol": "TTC", "reportedCurrency": "USD", "cik": "0000737758", "fillingDate": "2002-01-29", "acceptedDate": "2002-01-29 00:00:00", "calendarYear": "2001", "period": "FY", "revenue": 1353083000, "costOfRevenue": 892845000, "grossProfit": 460238000, "grossProfitRatio": 0.3401402575, "researchAndDevelopmentExpenses": 0, "generalAndAdministrativeExpenses": 0, "sellingAndMarketingExpenses": 0, "sellingGeneralAndAdministrativeExpenses": 366284000, "otherExpenses": 0, "operatingExpenses": 366284000, "costAndExpenses": 1259129000, "interestIncome": 0, "interestExpense": 5751000, "depreciationAndAmortization": 37171000, "ebitda": 122999000, "ebitdaratio": 0.0909027754, "operatingIncome": 94633000, "operatingIncomeRatio": 0.069938799, "totalOtherIncomeExpensesNet": 8126000, "incomeBeforeTax": 80077000, "incomeBeforeTaxRatio": 0.0591811441, "incomeTaxExpense": 29629000, "netIncome": 50448000, "netIncomeRatio": 0.0372837439, "eps": 0.25, "epsdiluted": 0.24, "weightedAverageShsOut": 203200000, "weightedAverageShsOutDil": 209072000, "link": "https://www.sec.gov/Archives/edgar/data/737758/000095013702000387/0000950137-02-000387-index.htm", "finalLink": "https://www.sec.gov/Archives/edgar/data/737758/000095013702000387/c67074e10-k405.txt", "calculatedOtherExpenses": -679000, "calculatedOperatingExpenses": 365605000, "calculatedNetInterest": -5751000, "calculatedOtherIncome": -8805000, "calculatedIncomeNonControlling": 0, "calculatedEbitda": 131804000}, {"date": "2000-10-31", "symbol": "TTC", "reportedCurrency": "USD", "cik": "0000737758", "fillingDate": "2001-01-29", "acceptedDate": "2001-01-29 00:00:00", "calendarYear": "2000", "period": "FY", "revenue": 1336924000, "costOfRevenue": 806710000, "grossProfit": 530214000, "grossProfitRatio": 0.3965924765, "researchAndDevelopmentExpenses": 0, "generalAndAdministrativeExpenses": 0, "sellingAndMarketingExpenses": 0, "sellingGeneralAndAdministrativeExpenses": 394858000, "otherExpenses": 38151000, "operatingExpenses": 433009000, "costAndExpenses": 1239719000, "interestIncome": 0, "interestExpense": 24232000, "depreciationAndAmortization": 38151000, "ebitda": 134265000, "ebitdaratio": 0.1004282966, "operatingIncome": 97205000, "operatingIncomeRatio": 0.0727079475, "totalOtherIncomeExpensesNet": 1091000, "incomeBeforeTax": 71882000, "incomeBeforeTaxRatio": 0.0537667063, "incomeTaxExpense": 26597000, "netIncome": 45285000, "netIncomeRatio": 0.0338725313, "eps": 0.22, "epsdiluted": 0.22, "weightedAverageShsOut": 204320000, "weightedAverageShsOutDil": 208928000, "link": "https://www.sec.gov/Archives/edgar/data/737758/000095012401000365/0000950124-01-000365-index.htm", "finalLink": "https://www.sec.gov/Archives/edgar/data/737758/000095012401000365/c59722e10-k405.txt", "calculatedOtherExpenses": 38151000, "calculatedOperatingExpenses": 433009000, "calculatedNetInterest": -24232000, "calculatedOtherIncome": -1091000, "calculatedIncomeNonControlling": 0, "calculatedEbitda": 135356000}, {"date": "1999-10-31", "symbol": "TTC", "reportedCurrency": "USD", "cik": "0000737758", "fillingDate": "2000-01-25", "acceptedDate": "2000-01-25 00:00:00", "calendarYear": "1999", "period": "FY", "revenue": 1275000000, "costOfRevenue": 776300000, "grossProfit": 498700000, "grossProfitRatio": 0.3911372549, "researchAndDevelopmentExpenses": 0, "generalAndAdministrativeExpenses": 0, "sellingAndMarketingExpenses": 0, "sellingGeneralAndAdministrativeExpenses": 383000000, "otherExpenses": 39100000, "operatingExpenses": 422100000, "costAndExpenses": 1198400000, "interestIncome": 0, "interestExpense": 14300000, "depreciationAndAmortization": 39100000, "ebitda": 110900000, "ebitdaratio": 0.0869803922, "operatingIncome": 76600000, "operatingIncomeRatio": 0.0600784314, "totalOtherIncomeExpensesNet": 4800000, "incomeBeforeTax": 57500000, "incomeBeforeTaxRatio": 0.0450980392, "incomeTaxExpense": 22400000, "netIncome": 35100000, "netIncomeRatio": 0.0275294118, "eps": 0.17, "epsdiluted": 0.17, "weightedAverageShsOut": 206229412, "weightedAverageShsOutDil": 212478788, "link": "https://www.sec.gov/Archives/edgar/data/737758/000091205700002236/0000912057-00-002236-index.html", "finalLink": "https://www.sec.gov/Archives/edgar/data/737758/000091205700002236/0000912057-00-002236-d1.html", "calculatedOtherExpenses": 39100000, "calculatedOperatingExpenses": 422100000, "calculatedNetInterest": -14300000, "calculatedOtherIncome": -4800000, "calculatedIncomeNonControlling": 0, "calculatedEbitda": 115700000}, {"date": "1998-10-31", "symbol": "TTC", "reportedCurrency": "USD", "cik": "0000737758", "fillingDate": "1999-01-29", "acceptedDate": "1999-01-29 00:00:00", "calendarYear": "1998", "period": "FY", "revenue": 1110400000, "costOfRevenue": 687900000, "grossProfit": 422500000, "grossProfitRatio": 0.3804935159, "researchAndDevelopmentExpenses": 0, "generalAndAdministrativeExpenses": 0, "sellingAndMarketingExpenses": 0, "sellingGeneralAndAdministrativeExpenses": 345600000, "otherExpenses": 38200000, "operatingExpenses": 383800000, "costAndExpenses": 1071700000, "interestIncome": 0, "interestExpense": 38400000, "depreciationAndAmortization": 38200000, "ebitda": 83400000, "ebitdaratio": 0.0751080692, "operatingIncome": 38700000, "operatingIncomeRatio": 0.0348523055, "totalOtherIncomeExpensesNet": -6500000, "incomeBeforeTax": 6800000, "incomeBeforeTaxRatio": 0.0061239193, "incomeTaxExpense": 2700000, "netIncome": 4100000, "netIncomeRatio": 0.0036923631, "eps": 0.02, "epsdiluted": 0.0194, "weightedAverageShsOut": 204704000, "weightedAverageShsOutDil": 211168000, "link": "https://www.sec.gov/Archives/edgar/data/737758/000104746999002723/0001047469-99-002723-index.html", "finalLink": "https://www.sec.gov/Archives/edgar/data/737758/", "calculatedOtherExpenses": 38200000, "calculatedOperatingExpenses": 383800000, "calculatedNetInterest": -38400000, "calculatedOtherIncome": 6500000, "calculatedIncomeNonControlling": 0, "calculatedEbitda": 76900000}, {"date": "1997-10-31", "symbol": "TTC", "reportedCurrency": "USD", "cik": "0000737758", "fillingDate": "1998-01-29", "acceptedDate": "1998-01-29 00:00:00", "calendarYear": "1997", "period": "FY", "revenue": 1051200000, "costOfRevenue": 632300000, "grossProfit": 418900000, "grossProfitRatio": 0.3984969559, "researchAndDevelopmentExpenses": 0, "generalAndAdministrativeExpenses": 0, "sellingAndMarketingExpenses": 0, "sellingGeneralAndAdministrativeExpenses": 315700000, "otherExpenses": 30900000, "operatingExpenses": 346600000, "costAndExpenses": 978900000, "interestIncome": 0, "interestExpense": 5800000, "depreciationAndAmortization": 30900000, "ebitda": 95300000, "ebitdaratio": 0.0906582953, "operatingIncome": 72300000, "operatingIncomeRatio": 0.0687785388, "totalOtherIncomeExpensesNet": 7900000, "incomeBeforeTax": 60300000, "incomeBeforeTaxRatio": 0.0573630137, "incomeTaxExpense": 23800000, "netIncome": 34800000, "netIncomeRatio": 0.0331050228, "eps": 0.18, "epsdiluted": 0.18, "weightedAverageShsOut": 193333333, "weightedAverageShsOutDil": 198857143, "link": "https://www.sec.gov/Archives/edgar/data/737758/000104746998002527/0001047469-98-002527-index.html", "finalLink": "https://www.sec.gov/Archives/edgar/data/737758/", "calculatedOtherExpenses": 30900000, "calculatedOperatingExpenses": 346600000, "calculatedNetInterest": -5800000, "calculatedOtherIncome": -6200000, "calculatedIncomeNonControlling": 1700000, "calculatedEbitda": 103200000}, {"date": "1996-10-31", "symbol": "TTC", "reportedCurrency": "USD", "cik": "0000737758", "fillingDate": "1997-01-29", "acceptedDate": "1997-01-29 00:00:00", "calendarYear": "1996", "period": "FY", "revenue": 930900000, "costOfRevenue": 571000000, "grossProfit": 359900000, "grossProfitRatio": 0.3866151037, "researchAndDevelopmentExpenses": 0, "generalAndAdministrativeExpenses": 0, "sellingAndMarketingExpenses": 0, "sellingGeneralAndAdministrativeExpenses": 278300000, "otherExpenses": 18200000, "operatingExpenses": 296500000, "costAndExpenses": 867500000, "interestIncome": 0, "interestExpense": -7100000, "depreciationAndAmortization": 18200000, "ebitda": 71300000, "ebitdaratio": 0.0765925448, "operatingIncome": 63400000, "operatingIncomeRatio": 0.0681061338, "totalOtherIncomeExpensesNet": 10300000, "incomeBeforeTax": 60200000, "incomeBeforeTaxRatio": 0.0646686003, "incomeTaxExpense": 23800000, "netIncome": 36400000, "netIncomeRatio": 0.0391019444, "eps": 0.19, "epsdiluted": 0.18, "weightedAverageShsOut": 194133333, "weightedAverageShsOutDil": 200827586, "link": "https://www.sec.gov/Archives/edgar/data/737758/000091205797002164/0000912057-97-002164-index.html", "finalLink": "https://www.sec.gov/Archives/edgar/data/737758/", "calculatedOtherExpenses": 18200000, "calculatedOperatingExpenses": 296500000, "calculatedNetInterest": 7100000, "calculatedOtherIncome": -10300000, "calculatedIncomeNonControlling": 0, "calculatedEbitda": 81600000}, {"date": "1995-07-31", "symbol": "TTC", "reportedCurrency": "USD", "cik": "0000737758", "fillingDate": "1995-10-27", "acceptedDate": "1995-10-27 00:00:00", "calendarYear": "1995", "period": "FY", "revenue": 932900000, "costOfRevenue": 581100000, "grossProfit": 351800000, "grossProfitRatio": 0.3771036553, "researchAndDevelopmentExpenses": 0, "generalAndAdministrativeExpenses": 0, "sellingAndMarketingExpenses": 0, "sellingGeneralAndAdministrativeExpenses": 269800000, "otherExpenses": 0, "operatingExpenses": 287000000, "costAndExpenses": 868100000, "interestIncome": 0, "interestExpense": 0, "depreciationAndAmortization": 17200000, "ebitda": 73800000, "ebitdaratio": 0.0791081574, "operatingIncome": 64800000, "operatingIncomeRatio": 0.0694608211, "totalOtherIncomeExpensesNet": 8200000, "incomeBeforeTax": 61100000, "incomeBeforeTaxRatio": 0.065494694, "incomeTaxExpense": 24400000, "netIncome": 36700000, "netIncomeRatio": 0.0393396934, "eps": 0.18, "epsdiluted": 0.18, "weightedAverageShsOut": 208967972, "weightedAverageShsOutDil": 210322581, "link": "https://www.sec.gov/Archives/edgar/data/737758/000091205795008966/0000912057-95-008966-index.html", "finalLink": "https://www.sec.gov/Archives/edgar/data/737758/", "calculatedOtherExpenses": 17200000, "calculatedOperatingExpenses": 287000000, "calculatedNetInterest": 0, "calculatedOtherIncome": -3700000, "calculatedIncomeNonControlling": 0, "calculatedEbitda": 82000000}, {"date": "1994-07-31", "symbol": "TTC", "reportedCurrency": "USD", "cik": "0000737758", "fillingDate": "1994-10-28", "acceptedDate": "1994-10-28 00:00:00", "calendarYear": "1994", "period": "FY", "revenue": 794300000, "costOfRevenue": 488000000, "grossProfit": 306300000, "grossProfitRatio": 0.3856225607, "researchAndDevelopmentExpenses": 0, "generalAndAdministrativeExpenses": 0, "sellingAndMarketingExpenses": 0, "sellingGeneralAndAdministrativeExpenses": 244900000, "otherExpenses": 0, "operatingExpenses": 263700000, "costAndExpenses": 751700000, "interestIncome": 0, "interestExpense": 0, "depreciationAndAmortization": 18800000, "ebitda": 53400000, "ebitdaratio": 0.0672290067, "operatingIncome": 42600000, "operatingIncomeRatio": 0.0536321289, "totalOtherIncomeExpensesNet": 8000000, "incomeBeforeTax": 37000000, "incomeBeforeTaxRatio": 0.046581896, "incomeTaxExpense": 14800000, "netIncome": 22200000, "netIncomeRatio": 0.0279491376, "eps": 0.11, "epsdiluted": 0.11, "weightedAverageShsOut": 207719298, "weightedAverageShsOutDil": 208000000, "link": "https://www.sec.gov/Archives/edgar/data/737758/000091205794003585/0000912057-94-003585-index.html", "finalLink": "https://www.sec.gov/Archives/edgar/data/737758/", "calculatedOtherExpenses": 18800000, "calculatedOperatingExpenses": 263700000, "calculatedNetInterest": 0, "calculatedOtherIncome": -5600000, "calculatedIncomeNonControlling": 0, "calculatedEbitda": 61400000}, {"date": "1993-07-31", "symbol": "TTC", "reportedCurrency": "USD", "cik": "0000737758", "fillingDate": "1993-07-31", "acceptedDate": "1993-07-31 00:00:00", "calendarYear": "1993", "period": "FY", "revenue": 684300000, "costOfRevenue": 426300000, "grossProfit": 258000000, "grossProfitRatio": 0.3770276195, "researchAndDevelopmentExpenses": 0, "generalAndAdministrativeExpenses": 0, "sellingAndMarketingExpenses": 0, "sellingGeneralAndAdministrativeExpenses": 203400000, "otherExpenses": 0, "operatingExpenses": 222600000, "costAndExpenses": 648900000, "interestIncome": 0, "interestExpense": 0, "depreciationAndAmortization": 19200000, "ebitda": 51500000, "ebitdaratio": 0.0752593892, "operatingIncome": 35400000, "operatingIncomeRatio": 0.0517316966, "totalOtherIncomeExpensesNet": 3100000, "incomeBeforeTax": 21300000, "incomeBeforeTaxRatio": 0.0311266988, "incomeTaxExpense": 8300000, "netIncome": 13000000, "netIncomeRatio": 0.0189975157, "eps": 0.0656, "epsdiluted": 0.0656, "weightedAverageShsOut": 198095238, "weightedAverageShsOutDil": 198095238, "link": null, "finalLink": null, "calculatedOtherExpenses": 19200000, "calculatedOperatingExpenses": 222600000, "calculatedNetInterest": 0, "calculatedOtherIncome": -14100000, "calculatedIncomeNonControlling": 0, "calculatedEbitda": 54600000}, {"date": "1992-07-31", "symbol": "TTC", "reportedCurrency": "USD", "cik": "0000737758", "fillingDate": "1992-07-31", "acceptedDate": "1992-07-31 00:00:00", "calendarYear": "1992", "period": "FY", "revenue": 635200000, "costOfRevenue": 392900000, "grossProfit": 242300000, "grossProfitRatio": 0.3814546599, "researchAndDevelopmentExpenses": 0, "generalAndAdministrativeExpenses": 0, "sellingAndMarketingExpenses": 0, "sellingGeneralAndAdministrativeExpenses": 218900000, "otherExpenses": 0, "operatingExpenses": 240900000, "costAndExpenses": 633800000, "interestIncome": 0, "interestExpense": 0, "depreciationAndAmortization": 22000000, "ebitda": 41000000, "ebitdaratio": 0.0645465995, "operatingIncome": 1400000, "operatingIncomeRatio": 0.0022040302, "totalOtherIncomeExpensesNet": -17600000, "incomeBeforeTax": -35000000, "incomeBeforeTaxRatio": -0.0551007557, "incomeTaxExpense": -11200000, "netIncome": -23800000, "netIncomeRatio": -0.0374685139, "eps": -0.12, "epsdiluted": -0.12, "weightedAverageShsOut": 192323232, "weightedAverageShsOutDil": 192323232, "link": null, "finalLink": null, "calculatedOtherExpenses": 22000000, "calculatedOperatingExpenses": 240900000, "calculatedNetInterest": 0, "calculatedOtherIncome": -36400000, "calculatedIncomeNonControlling": 0, "calculatedEbitda": 23400000}, {"date": "1991-07-31", "symbol": "TTC", "reportedCurrency": "USD", "cik": "0000737758", "fillingDate": "1991-07-31", "acceptedDate": "1991-07-31 00:00:00", "calendarYear": "1991", "period": "FY", "revenue": 711600000, "costOfRevenue": 446600000, "grossProfit": 265000000, "grossProfitRatio": 0.3724002248, "researchAndDevelopmentExpenses": 0, "generalAndAdministrativeExpenses": 0, "sellingAndMarketingExpenses": 0, "sellingGeneralAndAdministrativeExpenses": 218800000, "otherExpenses": 0, "operatingExpenses": 237600000, "costAndExpenses": 684200000, "interestIncome": 0, "interestExpense": 0, "depreciationAndAmortization": 18800000, "ebitda": 39300000, "ebitdaratio": 0.055227656, "operatingIncome": 27400000, "operatingIncomeRatio": 0.038504778, "totalOtherIncomeExpensesNet": 6900000, "incomeBeforeTax": 15300000, "incomeBeforeTaxRatio": 0.0215008432, "incomeTaxExpense": 5600000, "netIncome": 9700000, "netIncomeRatio": 0.0136312535, "eps": 0.0506, "epsdiluted": 0.0506, "weightedAverageShsOut": 191604938, "weightedAverageShsOutDil": 191604938, "link": null, "finalLink": null, "calculatedOtherExpenses": 18800000, "calculatedOperatingExpenses": 237600000, "calculatedNetInterest": 0, "calculatedOtherIncome": -12100000, "calculatedIncomeNonControlling": 0, "calculatedEbitda": 46200000}, {"date": "1990-07-31", "symbol": "TTC", "reportedCurrency": "USD", "cik": "0000737758", "fillingDate": "1990-07-31", "acceptedDate": "1990-07-31 00:00:00", "calendarYear": "1990", "period": "FY", "revenue": 750900000, "costOfRevenue": 471300000, "grossProfit": 279600000, "grossProfitRatio": 0.3723531762, "researchAndDevelopmentExpenses": 0, "generalAndAdministrativeExpenses": 0, "sellingAndMarketingExpenses": 0, "sellingGeneralAndAdministrativeExpenses": 221500000, "otherExpenses": 0, "operatingExpenses": 236500000, "costAndExpenses": 707800000, "interestIncome": 0, "interestExpense": 0, "depreciationAndAmortization": 15000000, "ebitda": 51300000, "ebitdaratio": 0.0683180184, "operatingIncome": 43100000, "operatingIncomeRatio": 0.0573977893, "totalOtherIncomeExpensesNet": 6800000, "incomeBeforeTax": 26300000, "incomeBeforeTaxRatio": 0.0350246371, "incomeTaxExpense": 9700000, "netIncome": 16600000, "netIncomeRatio": 0.0221068052, "eps": 0.0969, "epsdiluted": 0.0969, "weightedAverageShsOut": 171354839, "weightedAverageShsOutDil": 171354839, "link": null, "finalLink": null, "calculatedOtherExpenses": 15000000, "calculatedOperatingExpenses": 236500000, "calculatedNetInterest": 0, "calculatedOtherIncome": -16800000, "calculatedIncomeNonControlling": 0, "calculatedEbitda": 58100000}, {"date": "1989-07-31", "symbol": "TTC", "reportedCurrency": "USD", "cik": "0000737758", "fillingDate": "1989-07-31", "acceptedDate": "1989-07-31 00:00:00", "calendarYear": "1989", "period": "FY", "revenue": 643600000, "costOfRevenue": 405300000, "grossProfit": 238300000, "grossProfitRatio": 0.3702610317, "researchAndDevelopmentExpenses": 0, "generalAndAdministrativeExpenses": 0, "sellingAndMarketingExpenses": 0, "sellingGeneralAndAdministrativeExpenses": 177800000, "otherExpenses": 0, "operatingExpenses": 187100000, "costAndExpenses": 592400000, "interestIncome": 0, "interestExpense": 0, "depreciationAndAmortization": 9300000, "ebitda": 57400000, "ebitdaratio": 0.0891858297, "operatingIncome": 51200000, "operatingIncomeRatio": 0.0795525171, "totalOtherIncomeExpensesNet": 3100000, "incomeBeforeTax": 36900000, "incomeBeforeTaxRatio": 0.0573337477, "incomeTaxExpense": 14800000, "netIncome": 22100000, "netIncomeRatio": 0.0343380982, "eps": 0.13, "epsdiluted": 0.13, "weightedAverageShsOut": 161523810, "weightedAverageShsOutDil": 161523810, "link": null, "finalLink": null, "calculatedOtherExpenses": 9300000, "calculatedOperatingExpenses": 187100000, "calculatedNetInterest": 0, "calculatedOtherIncome": -14300000, "calculatedIncomeNonControlling": 0, "calculatedEbitda": 60500000}, {"date": "1988-07-31", "symbol": "TTC", "reportedCurrency": "USD", "cik": "0000737758", "fillingDate": "1988-07-31", "acceptedDate": "1988-07-31 00:00:00", "calendarYear": "1988", "period": "FY", "revenue": 609200000, "costOfRevenue": 389200000, "grossProfit": 220000000, "grossProfitRatio": 0.36112935, "researchAndDevelopmentExpenses": 0, "generalAndAdministrativeExpenses": 0, "sellingAndMarketingExpenses": 0, "sellingGeneralAndAdministrativeExpenses": 181100000, "otherExpenses": 0, "operatingExpenses": 189800000, "costAndExpenses": 579000000, "interestIncome": 0, "interestExpense": 0, "depreciationAndAmortization": 8700000, "ebitda": 35400000, "ebitdaratio": 0.0581089954, "operatingIncome": 30200000, "operatingIncomeRatio": 0.0495732108, "totalOtherIncomeExpensesNet": 3500000, "incomeBeforeTax": 25800000, "incomeBeforeTaxRatio": 0.0423506238, "incomeTaxExpense": 5800000, "netIncome": 20000000, "netIncomeRatio": 0.0328299409, "eps": 0.12, "epsdiluted": 0.12, "weightedAverageShsOut": 173913043, "weightedAverageShsOutDil": 173913043, "link": null, "finalLink": null, "calculatedOtherExpenses": 8700000, "calculatedOperatingExpenses": 189800000, "calculatedNetInterest": 0, "calculatedOtherIncome": -4400000, "calculatedIncomeNonControlling": 0, "calculatedEbitda": 38900000}, {"date": "1987-07-31", "symbol": "TTC", "reportedCurrency": "USD", "cik": "0000737758", "fillingDate": "1987-07-31", "acceptedDate": "1987-07-31 00:00:00", "calendarYear": "1987", "period": "FY", "revenue": 521100000, "costOfRevenue": 328800000, "grossProfit": 192300000, "grossProfitRatio": 0.3690270581, "researchAndDevelopmentExpenses": 0, "generalAndAdministrativeExpenses": 0, "sellingAndMarketingExpenses": 0, "sellingGeneralAndAdministrativeExpenses": 153500000, "otherExpenses": 0, "operatingExpenses": 160600000, "costAndExpenses": 489400000, "interestIncome": 0, "interestExpense": 0, "depreciationAndAmortization": 7100000, "ebitda": 36400000, "ebitdaratio": 0.0698522357, "operatingIncome": 31700000, "operatingIncomeRatio": 0.0608328536, "totalOtherIncomeExpensesNet": 2400000, "incomeBeforeTax": 27500000, "incomeBeforeTaxRatio": 0.0527729802, "incomeTaxExpense": 10500000, "netIncome": 17000000, "netIncomeRatio": 0.0326232969, "eps": 0.095, "epsdiluted": 0.095, "weightedAverageShsOut": 178947368, "weightedAverageShsOutDil": 178947368, "link": null, "finalLink": null, "calculatedOtherExpenses": 7100000, "calculatedOperatingExpenses": 160600000, "calculatedNetInterest": 0, "calculatedOtherIncome": -4200000, "calculatedIncomeNonControlling": 0, "calculatedEbitda": 38800000}, {"date": "1986-07-31", "symbol": "TTC", "reportedCurrency": "USD", "cik": "0000737758", "fillingDate": "1986-07-31", "acceptedDate": "1986-07-31 00:00:00", "calendarYear": "1986", "period": "FY", "revenue": 406700000, "costOfRevenue": 249500000, "grossProfit": 157200000, "grossProfitRatio": 0.3865256946, "researchAndDevelopmentExpenses": 0, "generalAndAdministrativeExpenses": 0, "sellingAndMarketingExpenses": 0, "sellingGeneralAndAdministrativeExpenses": 120100000, "otherExpenses": 0, "operatingExpenses": 126300000, "costAndExpenses": 375800000, "interestIncome": 0, "interestExpense": 0, "depreciationAndAmortization": 6200000, "ebitda": 38300000, "ebitdaratio": 0.0941726088, "operatingIncome": 30900000, "operatingIncomeRatio": 0.0759773789, "totalOtherIncomeExpensesNet": -1200000, "incomeBeforeTax": 25500000, "incomeBeforeTaxRatio": 0.0626997787, "incomeTaxExpense": 10000000, "netIncome": 15500000, "netIncomeRatio": 0.0381116302, "eps": 0.0838, "epsdiluted": 0.0838, "weightedAverageShsOut": 170746269, "weightedAverageShsOutDil": 170746269, "link": null, "finalLink": null, "calculatedOtherExpenses": 6200000, "calculatedOperatingExpenses": 126300000, "calculatedNetInterest": 0, "calculatedOtherIncome": -5400000, "calculatedIncomeNonControlling": 0, "calculatedEbitda": 37100000}]}